2940 5010
687 296 746 358 181

322 462 423 549 ἦμὶνν
447 466 517 542 ἴσως
541 470 579 535 σὺ
604 470 840 548 auraemalae
864 472 906 552 τῷ
929 469 1036 552 χρόνῳ.

110 610 114 623 ·
160 572 197 641 tbi
212 574 238 641 io
254 572 340 641 libris
355 582 406 641 est
434 576 691 653 carantaniae,
740 574 841 656 Quam
866 575 978 641 vellem
1006 596 1117 642 onmes
1147 576 1301 666 reliquias

156 688 325 759 mommo
345 678 478 757 λέξεων,
501 699 583 766 quae
614 679 698 767 apud
730 680 945 770 Hesychium,
977 680 1127 747 Photium
1157 692 1189 750 et
1220 685 1300 754 alios

153 784 409 861 riuuleruntur,
435 794 467 853 et
487 785 688 852 dominorum
713 786 902 862 versiculos,
926 788 981 873 qui
1005 786 1075 853 sine
1098 790 1226 857 nomine
1247 812 1299 858 vo·

151 888 232 971 lunt,
251 892 305 959 sed
328 890 422 959 lacilc
445 901 684 977 agnoscuntur,
707 888 838 957 adiiciat
860 892 977 979 aliquis
1000 892 1059 970 iis,
1082 914 1164 979 quac
1189 895 1300 963 erudi·

149 996 242 1065 listina
261 998 412 1065 lleinelii
434 996 596 1063 industria
617 995 758 1081 undique
778 996 909 1064 collecta
932 996 1038 1063 lucido
1058 997 1170 1066 ordine
1192 1000 1301 1089 dispo·

146 1102 201 1171 tuit
237 1104 371 1191 bargain
393 1122 530 1169 messem
555 1100 734 1191 Hesychius
753 1101 863 1168 sedulo
884 1122 1040 1169 excussus
1065 1103 1243 1189 praebebit,
1267 1118 1301 1175 et

145 1205 264 1289 lintius,
285 1208 466 1277 etuekleri
482 1206 664 1283 dnecdota,
684 1206 974 1274 etProverbiorum
997 1207 1195 1279 collectores.
1221 1213 1301 1295 Quis

143 1310 241 1383 dubitat
256 1314 336 1403 quin
361 1314 478 1382 incerti
497 1313 617 1381 Comici
636 1310 815 1377 versiculus
835 1313 878 1378 sit
903 1313 987 1401 apud
1013 1314 1162 1383 Photium
1186 1338 1215 1386 v.
1236 1345 1299 1387 πν·

143 1416 259 1501 donee·

288 1524 417 1606 Ἄνδρες
440 1527 596 1603 Ἑλλήνων
620 1522 716 1606 baasor
740 1524 942 1603 καταβαλεῖν
965 1526 1162 1608 napoleonis,

142 1628 206 1717 qnod
223 1628 417 1719 lepidissime
437 1630 562 1697 dictum
587 1635 636 1695 est
657 1630 691 1693 in
712 1627 923 1696 Athenienses
945 1632 1139 1713 Φνλνδίκννς,
1164 1644 1221 1702 aut

293 1738 362 1803 Οὔκ
385 1736 424 1804 ἂν
446 1736 620 1819 spinariano
643 1736 698 1810 riu
721 1732 887 1817 μάχαιραν
910 1745 1103 1817 repausabo,

141 1836 214 1907 mlo
231 1840 352 1909 scribas
373 1842 540 1925 φύνένννμν.
564 1849 622 1907 aut
643 1839 861 1906 notissimum:

98 2008 102 2046 ι
292 1950 342 2016 Οὔ
364 1950 482 2022 παντὸς
504 1947 608 2027 ἀνδρὸς
631 1947 663 2019 ἐς
686 1943 820 2027 Κόρινθον
843 1945 905 2013 ἔσθ’
929 1948 943 2011 d
968 1952 1075 2023 πλοῦς.

139 2058 197 2117 ml:

290 2159 389 2225 odito
410 2165 518 2242 Φρονεῖ
537 2157 651 2224 dicator
675 2158 787 2230 ἐςνκὼς
811 2160 896 2239 ἁνήρ.

98 2301 101 2340 ;
140 2256 182 2325 nli
204 2260 397 2331 demicorum
433 2271 465 2329 et
495 2262 641 2328 Comicae
676 2261 828 2327 dictionis
860 2264 1030 2328 immemor
1063 2264 1297 2335 schleusnerus

98 2349 102 2476 l
141 2364 296 2453 mpimlur
328 2372 482 2457 »fortasse
509 2367 673 2455 leqeodum
701 2388 767 2431 esre
790 2370 956 2445 ἑςνκών,
986 2382 1020 2435 ut
1051 2370 1149 2437 iocose
1180 2372 1298 2440 dictum

142 2466 184 2537 loc
203 2472 238 2537 rii
258 2473 449 2561 respiciendo
469 2474 511 2537 od
537 2472 665 2559 eosqui
687 2482 769 2537 stunt
800 2474 1011 2559 coqitobuodi,
1035 2496 1131 2563 quum
1157 2478 1296 2567 alioquin

98 2604 101 2669 ν
142 2574 237 2645 admi
254 2574 359 2667 notitia
380 2579 422 2656 ii,
444 2580 499 2666 qui
515 2588 570 2643 out
595 2578 696 2663 qut'elo
715 2587 768 2642 aut
801 2578 912 2644 sallem
934 2580 1039 2645 miuus
1060 2582 1196 2669 inquieto
1224 2596 1297 2650 naut

141 2679 246 2749 raino?
279 2702 363 2771 quac
387 2684 432 2749 illi
461 2684 559 2750 stanti
585 2684 616 2747 in
642 2691 781 2747 mentem
808 2684 931 2750 vonisse
955 2685 1116 2772 probabile
1138 2697 1198 2755 cst.
1233 2690 1297 2757 Nc·

98 2804 102 2873 j
142 2800 187 2869 que
206 2790 304 2876 magis
327 2788 456 2857 sedebat
481 2790 526 2866 is,
549 2789 605 2875 qui
628 2786 762 2854 eandem
786 2790 1021 2872 repatriaturos
1051 2801 1131 2860 teste
1156 2794 1298 2861 Albertio

98 2879 102 2895 ’
143 2884 314 2982 dllcsycli.
337 2914 367 2962 v.
384 2898 551 2975 Ἔςνγμννν
576 2894 622 2959 sic
645 2895 802 2960 munivit:
834 2894 899 2961 »Ut
916 2897 1040 2961 coimus
1061 2899 1242 2986 quiescendo
1267 2911 1296 2967 ct

98 3064 101 3087 Ι
143 2992 242 3063 niodo
262 3000 302 3087 fit
317 3000 477 3087 prudeus:
501 3000 580 3065 sice
601 2998 722 3064 diverso
742 2999 816 3064 dum
841 3008 905 3065 stat
928 3002 1010 3067 nibil
1032 3026 1127 3090 qrcoe
1149 3005 1295 3092 coqitat.''

98 3094 100 3193 ζ
143 3094 277 3171 bueron
302 3125 365 3172 non
389 3106 462 3193 plus
485 3104 650 3192 sapiebant
674 3103 814 3181 librarii,
844 3106 898 3190 qui
924 3108 1037 3180 ἐςνκῶς
1060 3118 1093 3175 et
1115 3110 1229 3186 ἑςνκῶς
1253 3110 1296 3177 io·

143 3218 194 3273 ltu
209 3208 376 3279 admodum
401 3213 487 3278 inter
505 3231 540 3276 se
560 3219 765 3297 permutant,
791 3210 864 3277 vide
884 3212 1061 3297 scripturas
1081 3213 1234 3281 Codicum
1255 3216 1296 3283 ad

144 3306 271 3403 lntopl.
297 3316 380 3385 Aves
404 3322 488 3391 557,
514 3314 743 3402 Thesmophor.
774 3319 853 3393 164,
879 3318 992 3384 Pacem
1020 3322 1094 3385 729.
1125 3319 1186 3401 Qui
1210 3320 1296 3389 ferre

145 3428 247 3497 mut

226 3526 274 3596 bat
296 3536 354 3604 τῆς
376 3530 482 3611 χώρας
505 3536 561 3603 τῆς
586 3528 737 3608 ἡμετέρας
762 3527 883 3601 {suadac
906 3531 951 3609 μὴ
975 3532 1162 3614 διαφοιτᾶν,

145 3618 289 3699 ilicibus
311 3631 333 3701 l.
350 3632 369 3698 Ι.
394 3631 509 3719 ecquid
533 3631 685 3718 estquod
715 3651 769 3698 eos
792 3652 854 3697 noo
880 3653 973 3720 posse
1001 3654 1199 3723 concoquere
1227 3640 1296 3706 exi·

145 3726 248 3802 unas?

176 3832 259 3917 ton
280 3841 382 3909 multa
402 3842 442 3909 de
465 3863 581 3930 genere
606 3842 665 3911 boc
692 3865 732 3910 ex
754 3842 1046 3912 Grammaticorum
1077 3848 1207 3935 scriptis
1230 3848 1297 3916 col-

145 3926 312 4031 bonoim
335 3958 369 4015 et
387 3951 581 4035 margaritae
604 3970 644 4016 ex
666 3948 880 4035 sterquiliniis
903 3952 973 4016 erui
995 3955 1216 4040 unusquisque
1239 3957 1295 4042 qui

145 4038 203 4113 ’Μ
216 4054 466 4142 experimentum
486 4053 590 4123 lacere
609 4056 787 4143 comperire
807 4057 933 4142 poterit.
958 4057 1077 4123 Eadem
1096 4079 1192 4146 opera
1209 4060 1296 4127 liris·

148 4146 260 4233 ¹⁰llinis
282 4158 407 4227 inhalas
430 4162 620 4246 superstites
640 4161 762 4227 iurabit
785 4161 996 4248 melioresque
1014 4164 1191 4250 scripturas
1210 4185 1296 4232 com-

148 4244 227 4333 dno
247 4264 331 4353 aqud
355 4264 589 4333 Grammaticos
619 4275 763 4333 servatas
792 4266 930 4341 videbit,
957 4268 988 4332 in
1021 4268 1201 4346 codicibus,
1226 4273 1295 4359 qui·

148 4346 192 4425 lu
211 4368 344 4450 utimur,
376 4372 446 4438 sine
472 4372 607 4459 vestigio
632 4373 698 4439 veri
723 4372 924 4440 obliteratas:
948 4375 1042 4441 cuius
1069 4377 1114 4442 rei
1139 4374 1202 4443 duo
1225 4396 1296 4463 pro·
