2940 5010
781 287 847 353 ind

223 456 313 527 verbi
339 459 480 527 ἀπούύενν
505 466 621 526 natura
644 462 750 527 ύνσύαν
774 460 948 528 ἀποδιδόναι
980 460 1214 548 significantis,
1249 470 1283 530 et
1306 464 1417 553 requi·

226 566 312 630 ritur
332 584 446 631 nomen
471 564 555 651 quud
577 573 663 632 recte
687 576 851 632 servatum
877 573 927 632 est
948 565 1001 632 Vi.
1023 588 1045 635 r.
1071 574 1101 633 1.
1148 566 1321 636 Praeterea
1344 572 1419 648 ›ire-

225 671 352 750 μώσννσ
379 671 494 756 scripsi
517 671 669 757 quoniam
699 670 828 759 longam
861 669 1002 739 vocalem
1030 672 1218 740 terminatio
1240 674 1362 749 ·ύσννσς
1385 680 1418 741 et

227 777 328 851 -σσύνη
357 775 449 862 sequi
480 774 582 855 sciet,
607 774 734 843 brevem
760 775 893 852 -ωσύνη,
926 784 962 843 ut
986 778 1146 858 ἱερωσύνη,
1169 786 1203 845 et
1226 779 1417 866 sequiorem

228 883 404 961 dyrccrdrn,
427 881 636 960 μεγαλωσύνη
661 890 693 948 et
715 884 911 962 ἀγαθωσύνη.

273 988 310 1052 In
334 985 387 1052 lv.
412 1005 477 1050 vnr.
502 990 555 1052 ἀΰ.
587 983 619 1060 ὃς
642 985 745 1070 ἔφυγε
778 996 854 1061 παῖς
885 988 924 1053 ὢν
947 985 1057 1053 οἷκούεν
1080 988 1183 1055 παῖδα
1204 986 1289 1054 ἀκων
1316 1010 1418 1055 κατα·

226 1092 323 1158 κανὼν
347 1090 445 1175 ξννὶλη
472 1090 633 1168 πατάξας.
680 1090 814 1158 Pitniius
837 1112 866 1155 v.
892 1094 1011 1170 Ξννὶλην
1035 1112 1074 1158 ex
1098 1092 1237 1159 Anabnsi
1266 1091 1349 1159 haee
1371 1092 1417 1159 ai·

226 1196 308 1262 ieri:
333 1205 409 1268 παῖς
433 1195 478 1262 ἔτι
503 1197 542 1261 ἀν
564 1196 751 1270 ἀποκτείνας
778 1195 876 1279 ξνύλη
904 1207 1070 1282 Λακωνικῇ
1099 1200 1223 1279 παῖδα,
1255 1197 1312 1265 sed
1337 1195 1416 1265 ridi·

225 1299 335 1367 cuium
359 1300 462 1366 esth.
486 1301 509 1368 l.
533 1311 696 1384 Λακωνικῇ
721 1300 889 1380 additum,
921 1301 1007 1388 qnod
1033 1305 1214 1371 rectissime
1238 1302 1338 1370 babet
1360 1301 1414 1369 Ν.

227 1426 279 1470 vn.
308 1409 358 1470 16.
393 1408 562 1488 μαχαίριον
593 1403 660 1472 ὅσον
694 1403 810 1483 ξυήλην
842 1409 1035 1484 Λακωνικήν.
1090 1407 1261 1476 Caeterum
1296 1406 1415 1475 doctus

226 1510 485 1587 Grammaticus,
520 1530 617 1598 quem
658 1509 793 1577 Photius
828 1511 1003 1590 exscribit,
1040 1512 1178 1581 mirifico
1211 1532 1324 1581 ermre
1357 1514 1415 1589 adar

224 1615 338 1692 ξυήλην
369 1615 520 1701 opinatur
554 1615 655 1681 fuisse
687 1618 908 1696 τνροκνύςνδα,
944 1637 1058 1703 nempe
1080 1616 1163 1696 ξύενν
1199 1620 1316 1686 Durine
1348 1616 1416 1685 dici

225 1740 283 1807 pro
312 1729 393 1795 κνῆν.
447 1721 553 1788 Facile
586 1729 719 1808 apparet
748 1720 883 1787 cultrum
918 1722 963 1788 ita
999 1721 1073 1788 dici.
1122 1724 1290 1790 Praeterea
1327 1722 1416 1811 quod

223 1824 398 1913 Xenophon
428 1828 603 1915 scripserat
626 1828 810 1893 κατακανών
833 1826 962 1894 tandem
988 1828 1107 1914 reperit
1142 1827 1347 1896 Diudoriius:
1377 1830 1413 1897 iu

221 1931 314 1997 tibris
333 1940 383 1997 esi
405 1934 626 2009 κατακτανών,
657 1933 874 2011 κατακτένων,
907 1932 993 2019 apud
1024 1931 1173 1999 Photinm
1207 1934 1412 2010 ἀποκτείνας.

223 2035 313 2119 Quod
337 2038 448 2124 optimi
473 2039 616 2103 oninium
641 2036 715 2102 libri
740 2036 893 2102 exhibent
913 2038 1089 2105 Vaticanus
1112 2038 1141 2103 Η
1165 2039 1202 2128 (t
1224 2038 1311 2126 apud
1335 2040 1414 2108 nin-

222 2141 316 2229 dori.)
342 2150 374 2207 et
393 2141 594 2208 Parisinusc
615 2144 706 2218 ύλύδα
726 2143 923 2209 κατακτένων
945 2151 1078 2230 apparet
1097 2144 1189 2219 ἠλύδα
1211 2163 1250 2211 ex
1269 2155 1415 2213 ΠΛΙΔΛ

223 2256 335 2313 natum
368 2268 437 2314 esse
466 2256 499 2314 et
520 2248 648 2333 saepius
672 2246 890 2334 deprehendes
922 2247 979 2315 bos
1002 2248 1134 2316 Codices
1159 2269 1197 2316 ex
1221 2257 1415 2335 pervetusto

222 2352 303 2418 iibro
338 2352 456 2418 litteris
491 2351 672 2418 uncialibus
710 2362 841 2419 exarato
876 2373 932 2439 per
965 2353 1130 2420 indoctum
1164 2351 1306 2421 scribam
1340 2375 1416 2424 esse

221 2467 435 2544 propagatos,
470 2455 611 2523 confusis
644 2457 761 2524 litteris
790 2457 960 2535 omuibus,
993 2479 1075 2545 quae
1107 2460 1141 2524 in
1167 2457 1220 2524 iiia
1243 2461 1415 2548 scriptura

219 2582 334 2649 parum
361 2562 464 2648 figura
494 2561 677 2649 discrepant
703 2575 732 2630 Π
746 2599 789 2610 -
804 2573 853 2640 Η,
884 2573 912 2628 H
926 2602 969 2613 -
981 2573 1010 2629 N
1025 2571 1055 2641 ¹,
1087 2575 1116 2630 A
1128 2601 1170 2613 —
1184 2575 1213 2629 Δ
1225 2574 1334 2642 -Λ,
1365 2567 1412 2633 si·

219 2667 360 2734 milibus.
408 2667 462 2734 Sic
485 2668 538 2735 lv.
563 2688 592 2733 ν.
619 2673 671 2735 28.
705 2688 763 2754 pro
785 2669 980 2749 ςρατεύματν
1005 2668 1235 2748 ἐξηγησάμενος
1264 2678 1413 2756 quatuor

216 2775 329 2861 optinui
353 2780 450 2839 testes
469 2772 632 2855 ςράτενμκ
655 2772 734 2854 πεζῆ
766 2774 962 2853 ἦνησάμενος
987 2773 1159 2852 exhibent,
1182 2774 1267 2861 quud
1291 2796 1311 2843 e
1335 2802 1412 2861 ςρα·

216 2877 627 2959 σεύμωΤΙΕΞΗνησάμενσς
661 2885 772 2944 natum
798 2897 867 2945 esse
899 2880 1018 2965 optime
1050 2880 1176 2946 monuit
1207 2880 1410 2951 Borneman·

216 3007 287 3052 nus.

261 3091 450 3158 Huiusmodi
478 3092 592 3157 vitium
614 3089 765 3177 deturpat
788 3091 975 3157 etiamnunc
999 3087 1174 3156 Diodorum
1196 3088 1259 3157 Sic.
1280 3091 1353 3159 XV.
1372 3098 1409 3162 2.

213 3199 344 3278 ε’κνρύενε
367 3201 398 3264 δὲ
418 3196 503 3263 κατά
522 3198 580 3276 μὲν
599 3198 654 3272 την
673 3198 791 3277 Κύπρον
804 3202 862 3260 τῶν
881 3194 999 3261 αύλεων
1019 3195 1131 3277 σχεδόν
1150 3220 1181 3261 σν
1204 3198 1245 3264 τὸ
1266 3200 1409 3281 πλέον,

213 3303 334 3367 ornittit
365 3302 402 3368 σύ
434 3301 507 3367 Cod.
532 3302 692 3388 optimus:
725 3301 929 3378 rectissime,
961 3318 1035 3365 nam
1067 3300 1099 3364 in
1133 3310 1285 3368 ΠΛΕΟΝ
1322 3303 1408 3374 lutet

213 3417 385 3485 HACssN,
408 3415 467 3474 τῶν
489 3406 608 3473 πύλεων
632 3407 743 3489 σχεδόν
766 3431 796 3472 rr
819 3411 967 3471 πασῶν.

257 3512 293 3577 in
317 3509 341 3601 §
363 3516 417 3578 27.
443 3532 505 3578 non
529 3511 641 3579 dubita
664 3515 742 3598 quin
762 3510 930 3577 verissime
952 3506 1160 3576 emendatum
1184 3510 1228 3577 sit
1245 3509 1308 3578 ἀσε
1331 3516 1407 3583 ύεω·

209 3618 308 3694 μένων
330 3622 389 3684 τῶν
414 3620 580 3699 ἑταιρῶν
601 3636 659 3703 pro
683 3616 818 3695 ἑταίρων.
867 3615 1095 3699 Praeterquam
1120 3614 1205 3702 quod
1225 3636 1278 3682 res
1301 3636 1343 3685 ex
1366 3641 1405 3688 se

210 3724 279 3809 ipsa
312 3724 392 3789 satis
425 3732 474 3789 cst
505 3723 694 3809 perspicua,
728 3718 1050 3786 animadvertendum
1082 3730 1130 3786 est
1164 3721 1302 3804 ἑταίρους
1335 3742 1403 3792 nou

208 3848 278 3894 esse
302 3830 536 3910 σνςοαννύνας,
561 3824 615 3893 sed
640 3824 751 3908 Φύλονς
776 3825 828 3890 καὶ
851 3826 1002 3903 σννύύενς,
1026 3825 1100 3891 vide
1122 3826 1175 3892 [V.
1200 3846 1255 3892 vn.
1279 3833 1333 3893 li.
1366 3838 1403 3897 et

206 3933 292 3999 aiibi.
341 3934 451 4020 itaque
475 3952 556 4018 quae
587 3933 628 3998 sit
651 3929 705 3995 iiia
731 3950 827 3997 eausa
852 3950 912 3997 cur
933 3932 1037 4006 σολλη
1064 3932 1221 4014 φνλσννκύνν
1252 3935 1400 4003 excitata

208 4148 494 4161 ..οι-...ι--οι-

206 4264 208 4268 v
240 4287 262 4365 Ι)
292 4296 356 4347 iiiuc
384 4283 461 4343 ύκσὼ
493 4291 553 4356 (Η)
576 4303 603 4348 et
633 4290 811 4362 mariarum
831 4297 890 4366 (Ν)
920 4300 1025 4349 confusa
1053 4298 1149 4347 videbis
1176 4306 1203 4349 et
1229 4300 1290 4351 aiibi
1318 4308 1397 4357 etin

200 4377 308 4427 Auubasi
329 4376 383 4429 vn.
406 4392 423 4427 ι.
446 4377 491 4426 dd.
