2940 5010
701 301 767 364 tus

141 483 202 543 est.
250 475 284 542 ln
309 474 517 563 Xenophonte
537 475 645 542 rarius
666 473 714 540 sie
737 479 906 561 peccatur,
930 490 993 559 qno
1017 470 1144 540 lucilius
1167 475 1319 543 mendum

141 582 171 647 si
194 581 279 668 quod
302 582 444 649 occurrit
467 581 565 648 eximi
590 588 702 667 potest.

188 687 237 753 Ex
264 688 409 773 margine
444 688 574 774 irrepsit
605 684 868 752 adnotatiuncula
887 684 941 751 lli.
967 688 1003 752 l:
1042 684 1167 774 [statuas
1198 687 1230 754 tl
1260 692 1322 770 χρὴ

141 789 192 860 ἵτι
210 793 242 859 ἐν
260 792 343 877 ἵππῳ
363 794 407 860 τοὶ
428 792 596 870 ἐξαπιναῖα
619 791 759 875 τάραχον
779 790 974 879 ίργάζετοιν].
998 789 1119 880 Nempe
1137 790 1198 860 hcc
1217 793 1324 880 ipsum

144 896 319 986 Xenophon
354 898 480 965 dixerat
514 898 568 965 sed
604 897 767 984 aliquanto
802 896 936 964 melius:
967 893 1063 963 ἵττον
1095 897 1245 982 ταράττει
1280 901 1324 967 τά

141 1001 312 1080 άξατνναῑα
346 1005 397 1070 καὶ
431 1002 576 1085 ὁράματα
610 1002 662 1069 καὶ
699 1003 888 1082 &codrum
919 1002 972 1069 acl
1007 1004 1204 1083 παίάμοιτα,
1239 1005 1324 1093 quod

140 1107 241 1176 sciolo
264 1107 470 1175 memorabile
494 1110 598 1174 visum
628 1117 699 1183 est,
729 1108 838 1194 itaque
861 1109 892 1173 in
924 1127 980 1173 ora
1012 1106 1086 1174 libri
1118 1107 1224 1176 serbis
1255 1111 1325 1176 suis

142 1214 322 1280 annotavit.

190 1317 293 1386 Sensu
325 1338 462 1385 vacuum
495 1325 545 1384 est
575 1317 659 1404 quod
694 1316 803 1383 editur
823 1316 862 1384 x.
888 1321 924 1384 2:
959 1317 1004 1384 τά
1033 1343 1070 1384 τε
1095 1319 1160 1402 yda
1195 1319 1324 1400 sirim

141 1421 285 1498 ἕλκοντες
311 1422 371 1488 άνω
400 1423 492 1490 cirri
519 1429 587 1490 τοῦ
612 1426 786 1504 προοράν
818 1423 1007 1506 ἐκτυφλοῦσι
1030 1425 1101 1498 τοὺς
1129 1420 1242 1499 ἵππονς
1270 1425 1323 1492 καὶ

143 1528 352 1612 μνωπίζοντες
375 1529 427 1594 καί
453 1528 595 1602 παίοντες
626 1529 862 1606 ἐκπλήττουσιν.
909 1527 1011 1596 Unius
1043 1528 1207 1596 lillcrttlac
1230 1531 1326 1597 omis·

145 1635 237 1703 sione
260 1634 312 1701 hic
334 1654 460 1722 quoque
483 1633 571 1700 locus
595 1633 845 1718 ἕντιτίφλωτοο.
890 1632 1035 1701 Ειιιοιιιίι
1064 1635 1134 1702 avet
1163 1641 1220 1702 τοῦ
1245 1659 1326 1717 τρο·

144 1744 265 1822 ορμάν
291 1749 324 1807 ct
344 1740 406 1806 loci
426 1739 585 1806 sententia

325 1843 555 1925 ἐξωμμάτωται
579 1844 631 1909 καὶ
654 1841 892 1924 λελάμπρυνται
916 1843 1018 1926 κόρας.

132 1954 140 1967 “
192 1947 385 2037 Saepissime
415 1949 491 2017 alibi
529 1955 693 2015 correctus
724 1966 815 2014 error
846 1948 955 2014 etiam.
981 1947 1016 2014 ll.
1050 1953 1081 2015 c.
1116 1949 1326 2037 corrigendus

142 2062 196 2123 cat
219 2056 252 2120 in
276 2055 402 2123 verbis:
425 2051 500 2120 ὅταν
522 2079 569 2128 τις
591 2054 686 2121 αὐτὸν
708 2056 751 2127 τίς
774 2057 880 2119 ταῦτα
905 2051 1028 2134 προάρρ
1050 2088 1094 2103 -
1117 2055 1327 2137 περίβλεπτον

142 2161 374 2244 άκοφαίνει
400 2161 451 2226 τίν
476 2159 579 2226 ἵππον.
626 2159 705 2241 Quis
729 2177 792 2224 uun
815 2156 969 2242 inlelligit
1000 2159 1162 2241 άποφκνεῒ
1180 2161 1326 2246 monii-tt

190 2265 259 2332 Non
283 2263 469 2352 infrequens
491 2265 605 2330 uitium
633 2264 880 2350 exsequiorum
909 2260 1104 2349 negligentia
1131 2270 1244 2330 natum
1270 2263 1328 2331 du·

143 2369 225 2437 dum
259 2369 421 2436 sublatum
455 2370 597 2456 oportuit
627 2387 665 2435 ex
691 2368 744 2435 lll.
771 2370 809 2433 o:
840 2365 870 2432 εί
900 2390 948 2440 τις
980 2369 1114 2449 dixeris
1146 2369 1325 2453 ματινρίκ

144 2478 197 2543 καί
222 2475 375 2557 κεντρίζοι.
422 2473 491 2540 Νοιι
515 2481 565 2540 est
581 2473 739 2540 Graecum
762 2471 926 2555 μαςονῴνν
946 2470 1000 2538 sed
1021 2475 1198 2553 μοςιγοίνν.
1230 2475 1324 2543 Grae·

142 2579 210 2648 culi
242 2599 337 2667 saepe
370 2580 476 2663 οἱλῴη,
501 2579 585 2662 ἶρίν,
620 2578 702 2661 γνάη
737 2586 769 2645 et
800 2578 874 2644 sim.
912 2577 1025 2645 vitiose
1058 2577 1237 2647 scribentes
1269 2602 1326 2668 pro

143 2686 251 2761 άλοίη,
275 2686 360 2763 δοίη,
390 2685 476 2765 γνοίη
507 2683 688 2751 istiusmodi
719 2680 829 2748 sordes
856 2679 1009 2748 Veterum
1040 2688 1257 2754 monumentis
1280 2687 1325 2752 al·

142 2790 333 2858 fricuerunt.

189 2892 326 2961 llirabili
349 2893 486 2979 quodam
510 2913 619 2961 errore
642 2892 776 2960 allectas
798 2897 847 2957 est
870 2889 959 2956 locus
980 2890 1032 2957 lll.
1057 2897 1092 2959 e:
1115 2890 1193 2960 cliro
1216 2894 1248 2960 it
1272 2898 1324 2962 καὶ

143 3002 208 3074 iser
229 3002 244 3066 ὁ
267 2999 455 3080 μετεωρίζων
481 2999 590 3064 ἑαυτὸν
613 2997 705 3072 ἵππος
736 2997 857 3080 τφάάροι
888 2995 907 3071 ἢ
938 2998 1054 3062 καλὸν
1086 3000 1104 3075 ii
1132 3000 1325 3079 ἵκωμαι-ὄν

144 3106 347 3186 ἢάγαςὸν
375 3107 413 3177 ὥς
438 3101 562 3168 πάντων
585 3107 644 3169 τῶν
674 3103 805 3184 ὁράντων
832 3100 885 3166 καὶ
909 3099 979 3166 νέων
1003 3102 1056 3168 καί
1076 3103 1259 3184 γεραιτέρων
1281 3106 1324 3171 πά

141 3211 277 3295 ίμματα
296 3210 438 3289 κατέχει.
487 3207 591 3289 Quae,
614 3227 749 3294 quaeso,
773 3214 823 3272 est
846 3202 900 3269 illa
921 3203 1111 3274 distinctio?
1136 3209 1323 3294 quasivero

144 3308 257 3385 endem
281 3335 333 3383 res
356 3333 419 3380 uon
444 3312 539 3378 simul
558 3311 694 3398 psilotro
711 3319 742 3378 et
760 3312 957 3380 admirabilis
975 3331 1045 3379 esse
1065 3320 1181 3399 posset.
1229 3314 1325 3381 Prae·

142 3430 233 3491 terea
263 3420 393 3501 άγαροοοι
424 3427 456 3485 et
488 3415 658 3498 θαυμάζω,
689 3417 811 3496 densis
832 3426 865 3486 ct
895 3417 1054 3498 ίανμοιςάς
1082 3415 1167 3485 illem
1191 3426 1261 3496 esi,
1288 3428 1325 3486 ul

144 3547 182 3594 ea
212 3547 254 3593 ne
282 3526 435 3609 coniungi
468 3521 597 3610 quidem
630 3524 774 3607 possint,
807 3522 925 3590 nedum
958 3522 1111 3609 disiungi.
1168 3523 1258 3605 Quod
1291 3527 1324 3593 in

140 3633 239 3702 codd.
269 3641 318 3699 est
352 3627 471 3708 άραίίν
505 3648 560 3714 pro
588 3625 710 3704 άραςίν
743 3627 834 3695 ducit
865 3629 905 3695 ad
939 3647 1052 3696 rerum
1084 3629 1322 3696 inveniendum.

144 3739 251 3822 Quum
276 3737 362 3803 enim
383 3732 527 3814 άρατίν,
552 3740 589 3798 ut
619 3751 713 3818 saepe
741 3731 840 3811 alibi,
864 3735 897 3800 in
921 3733 1040 3813 άγαίίν
1063 3741 1251 3818 corruptum
1276 3755 1323 3800 es·

143 3852 195 3912 set
218 3852 249 3909 et
273 3841 362 3907 locus
393 3840 440 3904 sic
465 3839 606 3924 scriptus
627 3857 688 3902 non
713 3846 820 3924 posset
840 3839 996 3926 intelligi,
1020 3837 1192 3924 adscripsit
1215 3842 1324 3904 nescio

143 3952 218 4036 quis
239 3948 271 4013 in
296 3965 352 4011 ora
375 3943 450 4011 libri
472 3944 691 4010 coniecturam
723 3941 904 4029 duplicem:
929 3947 946 4023 i
976 3944 1100 4010 καλὸν
1123 3943 1142 4019 ἢ
1172 3944 1323 4022 ίανμα·

143 4056 233 4128 τίν,
256 4051 378 4119 scilieet
401 4049 594 4115 alterutrum
620 4047 785 4113 commode
808 4068 864 4135 pro
885 4050 993 4136 inepto
1019 4047 1138 4128 άραίίν
1168 4047 1323 4119 substitui

143 4178 235 4248 posse
257 4157 441 4224 admonens.
489 4152 609 4219 lleinde
634 4154 689 4238 qui
712 4154 772 4219 ista
797 4173 964 4241 perperam
988 4155 1020 4219 in
1045 4161 1169 4220 textum
1201 4157 1322 4243 recepit

143 4266 276 4333 tertium
300 4263 318 4339 ἥ
343 4260 382 4328 dc
400 4280 457 4326 suo
478 4259 625 4326 inseruit.
672 4258 809 4346 llepcrta
833 4260 932 4326 semel
955 4279 1031 4326 vera
1052 4259 1212 4347 scriptura
1235 4264 1321 4340 άρα-

140 4372 193 4444 τίν
219 4371 294 4460 (qino
315 4367 470 4434 adiectiro
494 4364 715 4433 lubentissime
740 4364 912 4453 Xenophon
938 4367 1042 4433 utitur
1062 4382 1121 4453 pro
1148 4368 1320 4456 ίονμαςίν)

1080 4475 1113 4515 ⁸⁸
