2940 5010
712 292 750 353 ll

319 467 334 531 ὁ
359 465 507 548 Καρκίνου
527 473 604 542 παῖς
628 471 681 533 τοῦ
707 465 877 531 θαλαττίου
901 466 977 532 θεοῦ.

140 569 298 638 Similiter
319 573 351 638 iu
370 571 489 639 Eubuli
508 569 688 659 fragmento
712 570 828 639 Athen.
844 571 911 638 VII.
931 574 996 639 295
1017 571 1072 649 u,
1094 573 1188 641 cuius
1207 574 1331 644 lacerae

140 685 268 744 tantum
291 675 427 744 laciniae
449 697 489 744 cx
511 678 646 765 antiquo
669 676 780 744 codiee
804 675 943 743 describi
968 685 1160 765 potuerunt,
1184 681 1332 769 suspicor

139 782 217 849 olim
249 803 313 850 non
335 783 462 851 λοποίδα
482 789 536 850 τού
562 783 732 850 θαλαττίου
757 782 899 864 γλαύκου
923 782 1043 851 lectum
1069 783 1170 851 luisse
1193 785 1250 852 sed
1276 793 1330 854 τοῦ

140 890 310 957 θαλαττίου
333 890 399 957 θεοῦ
423 889 577 957 Γλαύκου.
634 886 803 957 Caeterum
824 890 904 956 satis
927 898 1039 958 notum
1063 896 1112 958 est
1134 896 1333 978 quantopere

141 993 274 1063 Strattis
292 1004 326 1062 et
342 995 494 1082 aequales
518 994 633 1062 comici
656 995 688 1060 in
714 993 862 1081 Tragicis
883 996 1014 1065 scurrili
1034 996 1216 1063 imitatione
1236 1016 1331 1084 argu·

140 1102 280 1179 mentis,
303 1102 464 1180 numeris,
488 1102 632 1169 oratione
650 1099 795 1167 ridendis
812 1100 960 1169 luserint.

186 1205 290 1288 Quam
310 1205 401 1275 loede
423 1206 548 1274 librarii
569 1205 753 1274 comoediae
775 1206 929 1296 reliquias
954 1206 1177 1295 depravarint,
1201 1213 1239 1274 ut
1261 1226 1332 1274 sen·

140 1311 262 1380 tentiae
289 1332 349 1379 nec
381 1320 479 1400 caput
499 1331 559 1379 nec
587 1332 642 1399 pes
666 1320 845 1391 constaret,
870 1314 904 1379 in
935 1312 1129 1401 Antiphanis
1151 1311 1221 1381 loco
1246 1311 1333 1399 apud

140 1415 257 1485 lltlren.
276 1417 359 1486 XIV.
382 1423 459 1486 618.
483 1417 507 1485 Β
528 1419 649 1506 optime
673 1419 812 1507 spectari
835 1426 960 1507 potest,
984 1418 1040 1486 ulti
1063 1419 1200 1486 aliorum
1223 1418 1332 1486 innen-

141 1523 186 1590 tis
203 1525 272 1612 ipsc
289 1523 446 1612 quaedam
464 1523 635 1602 adiiciam,
659 1544 741 1613 quae
755 1524 810 1592 alii
827 1524 999 1613 aliquando
1015 1524 1194 1613 perficiant.
1228 1522 1334 1591 Verba

140 1638 254 1718 poetae
276 1632 324 1698 sic
345 1628 642 1698 circumieruntur:

321 1738 413 1804 ποίαν
435 1735 556 1820 φροίσον
584 1738 648 1821 γαρ
669 1735 720 1821 ήθε
743 1739 801 1815 τήν
822 1737 993 1805 συναυλίαν

321 1843 458 1920 ταύτην,
482 1842 633 1912 ἒπίςαταο
656 1841 740 1924 yde,
758 1844 835 1909 ἀλλ’
854 1841 965 1918 ήθλουν
989 1842 1035 1908 ἔτι

321 1946 472 2026 μαθόντες
496 1945 554 2017 ὅτε
578 1950 649 2023 τοὺς
673 1951 788 2022 αὐλοὺς
807 1947 846 2014 σύ
865 1972 902 2014 τε

321 2049 403 2127 αὕτη
427 2077 463 2118 τε
487 2055 630 2134 λήψεσθ’,
653 2050 707 2119 stt'
728 2050 751 2119 ίο
775 2052 832 2133 μὲν
852 2054 890 2119 σὺ
914 2051 1088 2134 τυγχάνεις

321 2160 425 2225 αὐλῶν
447 2158 586 2240 πέραινε.
610 2155 733 2236 δέξεταί
756 2156 788 2223 δὲ
811 2155 923 2225 τᾶλλα
946 2181 1013 2224 σον.

324 2262 380 2341 ήδύ
402 2288 433 2330 το
453 2261 549 2330 αοονθν
572 2266 654 2342 dclv,
670 2259 706 2329 ού
727 2261 822 2346 χωρίς
843 2261 958 2341 ποθλνν,

323 2368 523 2450 συννεύματ’,
546 2372 580 2437 ού
601 2369 813 2452 προβλήμαθ’,
835 2363 877 2443 οἷς
895 2369 1085 2449 σημαίνεται

321 2471 432 2545 tesca.

142 2576 269 2646 Priores
288 2598 402 2647 versus
420 2579 592 2648 nemcdum
608 2579 758 2667 expedire
773 2579 892 2667 potuit:
917 2579 969 2659 ήδε
986 2581 1043 2656 τήν
1066 2577 1236 2647 συναυλίαν
1254 2579 1331 2646 ταύ·

139 2708 197 2761 τήν
218 2683 389 2765 ἐπίταταν,
419 2684 495 2753 olim
527 2687 700 2753 coniuncta
731 2684 831 2753 luisse
859 2682 1030 2762 ridentur,
1061 2693 1132 2751 tum
1164 2682 1332 2771 complura

141 2790 388 2859 interciderunt.
435 2789 588 2858 Codicum
613 2791 693 2857 vitia
719 2807 917 2869 avenesteen
939 2791 1127 2873 ψεθεοθαμεν
1148 2786 1331 2872 συντυγχά-

141 2921 205 2964 νονσ
225 2895 410 2965 llindorlius
429 2898 628 2985 procuravit,
649 2899 705 2985 qui
723 2893 822 2965 all’ci
845 2898 903 2979 nlo
926 2899 965 2965 σύ
988 2895 1179 2978 τυγχάνεις,
1201 2904 1235 2963 et
1256 2895 1331 2962 ldei·

142 3003 276 3082 nekius,
300 3003 355 3091 qui
379 3002 459 3080 αύτή
482 3029 518 3071 τε
541 3005 674 3085 λήψεσθ’
695 3002 887 3072 emendavit.
934 3002 971 3069 ln
989 3000 1100 3070 cadem
1124 3003 1193 3089 ipsc
1212 2999 1331 3074 incide·

141 3129 229 3188 ram,
242 3109 306 3175 nisi
328 3108 411 3196 quod
430 3106 518 3177 εἷθ’θό
538 3111 597 3189 μὲν
613 3115 665 3177 νῦν
685 3111 860 3192 τυγχοίνεος
880 3111 984 3176 αὐλῶν
1004 3109 1127 3190 τίραονε
1148 3113 1181 3175 el
1199 3106 1277 3173 olim
1298 3112 1332 3174 el

141 3235 229 3283 nunc
246 3215 354 3284 verius
372 3235 442 3282 esse
462 3214 613 3282 arbitror.
655 3217 693 3282 Iu
711 3214 848 3282 caeteris
861 3213 945 3281 hanc
962 3212 1133 3280 lectionem
1150 3211 1331 3281 demersam

142 3320 243 3390 lutere
267 3323 431 3409 suspicor:
636 3317 759 3397 δέξεται
783 3320 815 3386 δὲ
835 3316 948 3387 τᾶλλα
970 3341 1016 3386 σον

325 3427 388 3507 ήθ.
411 3425 447 3492 ού
469 3450 500 3491 το
520 3424 615 3492 κοονίν
637 3427 716 3504 dclv,
739 3428 773 3492 οὐ
792 3427 888 3510 χωρίς
906 3424 1023 3505 πάλιν,

235 3524 239 3534 ’
324 3535 358 3599 ού
382 3530 524 3613 νεύμαπ’,
547 3534 581 3599 ού
604 3531 823 3615 προβλήμαθ’,
848 3527 891 3608 οίρ
915 3533 1085 3614 σημαίνετο

322 3661 445 3715 ettam

141 3745 175 3811 ού
195 3750 310 3830 quater
327 3744 501 3830 repetitum
518 3751 569 3811 ter
587 3744 690 3812 labem
710 3753 744 3812 ct
760 3744 877 3811 vitium
896 3742 1068 3811 contraxit.
1117 3741 1242 3829 Ecquid
1260 3741 1332 3810 illos

142 3850 301 3947 cogitasse
319 3858 377 3916 aut
400 3851 538 3918 sensisse
558 3859 669 3937 putes,
692 3852 749 3937 qui
771 3849 849 3917 baec
873 3851 920 3917 sic
939 3849 1101 3936 descripta
1121 3846 1162 3914 ad
1181 3867 1239 3915 nos
1259 3868 1331 3936 pro·

313 3954 325 4006 t

141 3963 383 4130 pallaordmmulto
407 4060 522 4130 melius
546 4061 675 4129 habitus
707 4072 755 4129 est
778 4059 972 4149 Antiphanis
995 4060 1084 4127 locus
1105 4058 1189 4146 apud
1213 4057 1328 4127 tithen.

143 4165 228 4234 lllV.
247 4170 324 4237 625.
346 4169 384 4239 Α.

726 4278 856 4351 πλησίον
879 4275 911 4341 δέ
934 4299 974 4354 γε

325 4382 443 4457 ταύτης
468 4380 575 4456 ἄσιτος
599 4381 714 4465 ήμίραν
739 4381 790 4450 καί
816 4381 904 4463 νύχθ’
928 4377 1001 4454 σ’λήν
