2940 5010
700 118 766 179 578

143 312 212 360 sose
240 292 273 357 in
297 290 424 356 vicina:
456 288 507 354 καὶ
534 295 590 364 τῆς
614 292 711 367 ὀσμῆς
735 290 914 367 αἱσόόμενος
939 286 991 353 καὶ
1023 294 1082 355 τῶν
1111 296 1255 371 semeio
1280 291 1329 355 ιιιιὶ

142 407 201 466 τῶν
221 397 337 480 ψελόυν
362 396 413 482 [τό
436 393 571 479 ιιοόλλος]
594 394 648 459 καὶ
669 398 723 461 τοῦ
743 393 844 461 ἄλλον
867 394 984 473 κόσμου
1002 390 1038 461 οὐ
1056 390 1158 477 εἶχεν.
1242 457 1246 461 .

188 503 224 570 ln
250 505 269 590 ς
294 506 348 568 bt.
381 501 483 567 miror
513 497 672 586 quomodo
705 506 770 566 tam
803 498 860 566 diu
889 498 1030 566 absurda
1065 498 1163 569 lectio
1198 498 1332 567 retineri

141 609 284 698 potuerit
306 607 356 674 οὐεὶ
388 604 453 675 οὖν
476 604 517 685 γε’
539 630 570 672 τι
594 607 853 691 Φιλοτιμούμενος
878 623 980 691 quum
1004 625 1082 673 vera
1100 606 1270 696 scriptura
1284 604 1331 673 'all

141 714 182 781 ad
204 733 354 781 manum:
379 713 429 778 rial
462 709 501 777 ἵν
525 711 572 791 μέ
605 735 645 779 τι
672 712 944 795 Φιλοτιμοόμενος.
991 711 1072 779 Nola
1099 721 1150 780 est
1181 710 1329 800 plurimis

141 819 295 908 exemplis
326 819 434 886 Attica
460 817 580 884 locutio
609 812 654 891 εἷς
681 817 721 897 μό
744 841 811 896 τις,
844 814 876 883 ἓν
899 815 939 895 μό
966 841 1020 896 τι,
1050 815 1087 895 ἐξ
1109 817 1174 893 ἑνός
1205 816 1249 896 μό
1279 840 1328 883 του

140 926 263 1010 τρόπῳ,
295 925 339 993 ἑνό
360 923 400 1004 με’
424 948 466 1007 τῳ
488 924 609 1008 τρόπῳ,
639 931 700 1009 μιᾷ
726 923 766 1003 μό
789 949 833 1006 τῳ
863 923 961 1006 τόχνρ
994 922 1107 1012 (Arist.
1133 918 1326 1009 Thesmoplt.

141 1031 241 1120 too),
264 1028 319 1097 ἕνα
331 1029 371 1110 μό
383 1053 453 1096 τινα
477 1029 605 1110 τρόπον,
629 1035 683 1106 et,
706 1028 791 1115 quod
815 1028 1002 1116 planissime
1022 1026 1108 1095 idom
1133 1036 1201 1107 est,
1221 1028 1325 1109 ἱμονσ·

139 1138 257 1216 νότιος.
305 1133 408 1201 Habet
441 1154 557 1222 nempe
578 1130 623 1208 εἷς
647 1133 835 1200 adverbium
860 1135 967 1215 ἁμῶς,
1000 1140 1038 1200 111
1068 1133 1168 1209 οὐδεὶς
1190 1134 1323 1214 οὐδαμύι

140 1253 173 1310 ct
196 1242 303 1322 μηδεὶς
327 1242 498 1322 praepar:
523 1239 620 1307 habet
649 1240 697 1314 τός
730 1238 918 1307 adverbium
951 1245 1015 1314 πῶς
1040 1247 1073 1307 et
1098 1264 1149 1315 τιι
1181 1239 1325 1307 similiter

140 1372 227 1423 πιοςι
257 1349 367 1433 itaque
390 1343 662 1433 quemadmodum
691 1364 750 1432 pro
772 1344 879 1412 οὐδένα
902 1346 1013 1427 τρόπον
1036 1344 1160 1413 dicitur
1189 1346 1323 1425 οὐδαμῒιρ

139 1461 173 1519 et
192 1472 252 1539 pro
268 1453 299 1519 ἐν
318 1450 414 1519 οὐδενὶ
436 1453 522 1535 τόπῳ
545 1451 668 1518 dicitur
688 1452 825 1532 οὐδαμοῦ
847 1459 880 1517 et
899 1450 1011 1518 eodem
1034 1449 1128 1517 modo
1147 1450 1323 1532 οὐδαμόόιν,

139 1560 260 1643 οὐδαμῇ
283 1565 317 1626 et
338 1558 510 1639 οὐδαμόσε,
534 1559 582 1624 sic
602 1577 662 1646 pro
685 1555 739 1624 ἕνα
758 1558 799 1636 μέ
823 1583 893 1624 τινα
914 1559 1024 1640 τρόπον
1048 1555 1202 1624 dicebant
1226 1556 1322 1636 ιὲμυσ·

138 1664 246 1746 yeme
274 1671 308 1730 ct
337 1664 519 1744 αμουμόπου
543 1685 601 1751 pro
627 1666 659 1731 ἕν
682 1664 725 1730 ot
747 1663 786 1741 μέ
810 1688 852 1746 τερ
888 1664 973 1746 τόπῳ
1005 1671 1039 1731 et
1069 1661 1224 1729 similiter
1253 1662 1322 1742 ἅμα·

137 1768 317 1849 όενμόποόεν
351 1778 384 1835 et
415 1770 567 1854 οόμργὲπρ
590 1777 623 1836 et
653 1768 859 1848 οὶμοσεμέποι.
906 1769 942 1835 ln
975 1768 1026 1835 his
1057 1766 1212 1835 omnibus
1239 1787 1321 1855 gras·

138 1883 254 1943 santur
279 1874 428 1942 Graeculi
451 1874 604 1942 voeabula
635 1873 711 1941 olim
741 1873 881 1941 obsoleta
906 1876 1000 1941 miris
1033 1873 1138 1940 modis
1170 1872 1321 1960 retingen-

139 1987 205 2059 tes‚
238 1980 332 2047 cuius
361 1982 409 2048 rei
440 1980 577 2049 subinde
609 1979 754 2067 exempla
781 1979 938 2066 quaedam
972 1981 1224 2067 expromsimus
1268 1977 1322 2047 tt-

139 2085 215 2153 dam
240 2094 273 2153 et
295 2106 384 2154 nuuc
407 2085 639 2174 compluscula.
684 2085 814 2153 Excidit
837 2110 877 2165 με
908 2085 993 2174 apud
1022 2084 1273 2174 Aristophanem
1293 2086 1322 2152 in

141 2191 241 2259 Ranis
264 2211 312 2259 rs.
332 2196 408 2259 911.
433 2191 489 2259 ubi
509 2193 678 2259 Ravennas
701 2180 783 2259 liber
807 2191 949 2259 exhibet:

275 2299 415 2379 πρώτιςοι
438 2299 494 2377 μὲν
518 2298 583 2380 γὰρ
605 2296 659 2362 ἕνα
682 2323 753 2364 τινα
776 2299 900 2364 ιιαόισεν
924 2300 1133 2382 ἐγκαλύψας,

141 2401 228 2469 unde
261 2421 395 2470 manum
430 2412 543 2490 poetae
575 2403 743 2469 bawesius
776 2413 808 2469 et
841 2406 1001 2470 Personas
1033 2404 1157 2491 optime
1180 2406 1322 2473 restitue

140 2516 234 2575 runt:
267 2506 322 2574 ἕνα
345 2510 385 2588 γέ
408 2511 649 2584 schocelino,
684 2528 765 2594 quae
797 2517 885 2575 certa
912 2508 1095 2576 emendatio
1118 2511 1230 2578 nescio
1253 2529 1322 2597 quo

140 2613 236 2681 modo
258 2614 299 2681 ab
321 2614 511 2682 Editoribos
538 2615 714 2702 spernitur.
763 2613 893 2680 Excidit
919 2639 958 2693 γε
981 2615 1134 2683 similiter
1156 2615 1243 2704 apud
1260 2615 1321 2683 Pla·

140 2730 250 2788 tonom
278 2720 318 2788 de
347 2722 425 2807 Rep.
448 2720 532 2788 Vlll.
567 2742 599 2807 p.
622 2724 686 2787 tou
711 2720 745 2786 C.
780 2723 885 2786 οὐκοῦν
918 2718 972 2787 ἕνα
1005 2721 1077 2788 τινα
1109 2720 1160 2788 ciel
1192 2724 1208 2788 ό
1235 2722 1322 2803 δῆμοι

139 2826 223 2894 siole
246 2827 451 2912 διαφερόντως
477 2828 659 2909 προΐςαοόαι
689 2828 819 2903 ἑαυτοῦ,
845 2825 898 2892 ubi
919 2824 975 2893 ἕνα
996 2827 1037 2905 μό
1054 2851 1126 2893 τινα
1149 2828 1203 2895 atet
1225 2847 1321 2897 emen·

138 2931 282 3000 dandum
307 2942 374 3011 est,
398 2935 495 3000 sicuti
520 2940 553 3000 et
574 2931 651 2998 alibi
674 2940 762 2999 recte
793 2930 914 3018 legitur
938 2940 969 2999 ct
994 2933 1079 3020 apud
1104 2932 1320 3024 Thucydidem

139 3038 194 3105 vl.
220 3044 274 3106 77.
307 3031 334 3106 οἳ
359 3039 510 3114 δεσπότην
532 3039 549 3114 ἢ
573 3038 677 3115 Μῆδον
700 3038 717 3116 ἢ
741 3036 795 3103 ἕνα
819 3038 859 3115 μέ
890 3062 960 3103 τινα
984 3038 1033 3105 ἀεὶ
1063 3039 1319 3119 μεταβάλλοντες

139 3144 329 3213 δουλοῦνται.
378 3143 604 3231 Aristophanis
624 3142 841 3229 fragmentum
864 3150 913 3209 cst
936 3144 1021 3231 apud
1045 3142 1180 3211 Suidam
1201 3166 1232 3211 r.
1254 3142 1320 3227 Πρό

138 3248 229 3323 διαος.

319 3359 425 3421 τοῦτον
449 3356 500 3421 τόν
522 3353 604 3437 ἄνδρ’
628 3357 646 3433 ἢ
669 3354 797 3433 βιβλίον
819 3355 970 3438 διόφόορεν

321 3460 338 3535 ἣ
360 3461 502 3542 Πρόδικος
527 3464 544 3538 ἢ
568 3467 628 3526 τῶν
648 3461 828 3541 ἀδολεσχῶν
851 3456 894 3533 εἷς
915 3461 955 3539 μέ
977 3486 1036 3535 τις.

140 3564 270 3633 Excidit
292 3590 334 3648 τῳ
355 3564 440 3652 apud
464 3565 629 3631 Platonem
655 3565 688 3630 in
718 3563 862 3630 Phaedro
885 3587 916 3652 p.
940 3570 1006 3631 olo
1032 3567 1065 3633 o.
1096 3568 1142 3633 ἔνι’
1162 3591 1205 3647 γε
1227 3567 1319 3651 τρόπυ

141 3670 460 3754 προσαναγκάζοντα,
494 3672 550 3736 ubi
582 3669 666 3756 quod
692 3669 896 3737 Heindorbus
925 3674 1047 3758 optime
1079 3672 1201 3741 Graece
1224 3674 1320 3741 sciens

140 3778 285 3844 restituit
307 3778 352 3844 ἔνι’
373 3776 413 3857 γέ
436 3801 478 3859 τῳ
502 3776 602 3859 τρόπῳ
626 3776 752 3842 excussi
776 3785 885 3862 postca
910 3777 1024 3864 optimi
1047 3776 1180 3846 Codices
1201 3777 1320 3867 egregie

140 3883 385 3950 confirmarunt.
433 3881 552 3949 Eodem
581 3881 675 3948 modo
699 3881 783 3969 apud
807 3881 1053 3949 Demosthenem
1086 3904 1116 3971 p.
1143 3889 1249 3964 tota,
1273 3886 1318 3950 to.

140 3989 280 4055 eximius
302 3988 405 4055 Codex
430 3987 452 4054 S
475 3987 563 4054 dedit
589 3989 660 4063 τοὺς
683 3989 805 4067 δενγε
837 3989 965 4069 τρόποι
995 3988 1241 4071 φυλαξαμένους
1271 4006 1318 4077 pro

140 4095 166 4160 δ’
179 4095 223 4160 {ol
238 4096 278 4173 γε’
304 4093 371 4184 (τῳ)
396 4095 515 4177 τρόπῳ,
540 4093 624 4179 quod
642 4101 731 4160 recte
754 4092 875 4179 legitur
899 4095 930 4159 in
955 4096 1101 4162 cacteris.
1131 4095 1315 4185 Corruptum

140 4209 187 4267 cst
211 4227 257 4277 τις
281 4202 312 4267 in
336 4209 397 4273 τοῖς
423 4199 506 4288 aliod
529 4199 716 4287 Sophoclem
745 4199 776 4267 in
803 4199 921 4286 Oeclipo
945 4200 1097 4289 Tyranno
1124 4222 1170 4269 rs.
1193 4207 1267 4273 alo.
