2940 5010
623 292 687 354 479

59 462 207 543 ἐγίγνετο
229 464 272 532 rob
304 462 393 544 ίεροθ,
422 472 456 529 et
487 462 578 549 316.
612 464 759 543 θυομένων
782 464 812 528 δὲ
845 463 942 530 τοίνυν
971 466 1014 539 εἷς
1046 464 1110 547 τρὶς
1134 466 1184 531 ε’σί
1209 477 1248 549 τῇ

58 568 192 653 θφθδρι,
214 576 248 636 et
267 566 341 635 aliis
361 567 449 635 locis.
486 569 652 647 Ἐσιξθδια
673 570 804 635 ornniuo
824 568 981 637 Graecum
1006 590 1070 637 nou
1093 579 1162 637 est:
1189 573 1248 637 είσ-

57 674 163 756 ιτιίρια
186 682 220 743 et
251 673 388 756 ἐξιτιίριοι
416 682 448 741 et
470 679 636 758 κατιτιίρια
658 686 691 742 et
724 675 914 757 διαβατήρια
948 675 979 741 iu
1014 674 1069 741 uti
1104 696 1140 743 re
1162 675 1252 742 ‹lice-

57 776 140 847 bant
159 799 219 869 pro
241 780 292 846 ἔτ’
315 779 441 863 είσύδρι,
465 781 515 845 ἐπ’
537 780 644 866 ἕξύδρι,
675 781 725 847 ἐπὶ
746 781 883 863 καθόδῳ,
917 780 968 845 tat
992 778 1161 861 διαβάσει,
1185 800 1249 846 non

58 884 218 953 ίτεισθδια
239 893 296 951 aut
311 883 473 962 ἕτεξθδια,
497 895 554 951 aut
575 887 752 953 εἰιιιιαθύδια
775 891 832 951 aut
851 884 1027 972 quidquam
1051 885 1248 953 huiusmodi.

56 988 190 1059 Leviter
211 999 385 1077 corruptus
409 990 590 1079 Hesychius
613 1000 663 1057 est
686 1011 714 1056 ν.
762 991 1038 1072 Κατικτυρίαε
1074 993 1091 1069 ἡ
1119 992 1169 1057 ἕτί
1193 1016 1249 1057 κα·

57 1094 134 1179 ono
156 1094 264 1175 θυσία,
299 1113 374 1161 vera
403 1094 497 1163 lectio
528 1107 595 1162 est:
620 1098 802 1177 Κατιτιίρια.
851 1097 988 1162 tmmaui
1024 1116 1133 1164 erroro
1165 1096 1251 1184 apud

55 1198 199 1267 eundem
219 1198 396 1267 scribitur:

285 1304 502 1372 Κθτστεσετ
527 1306 711 1372 κατέπεσεν.

287 1413 549 1493 Koa-arbuta:
574 1412 809 1493 καταβατύρια.

56 1516 225 1583 imovero
242 1518 417 1599 ιιατισιίρια.
452 1524 498 1582 TI
519 1517 552 1582 iu
576 1526 605 1582 Π
628 1514 839 1603 depravatum
870 1514 941 1581 iuit.
989 1514 1127 1583 Foedius
1151 1516 1248 1583 etiam

54 1618 156 1707 panio
175 1628 271 1687 ante:

287 1725 468 1793 Κθτσειε
492 1729 656 1804 κατῆλθεν.

287 1832 529 1899 Κατσεδίονε
554 1832 640 1899 ιιατιὶ
661 1833 696 1899 σθ
720 1833 832 1898 πεδίον.

104 1934 226 2023 Nempe
248 1944 445 2015 KATHIEt,
469 1940 597 2020 κατῄει,
629 1936 744 2003 stolide
772 1938 805 2002 in
837 1945 996 2002 ΚΑΠΠΕΙ
1027 1943 1246 2002 mutaverunt.

53 2040 222 2129 Agnosces
241 2040 408 2129 stupidum
431 2062 533 2127 genus
556 2051 588 2108 et
611 2041 696 2128 apud
717 2040 879 2108 Photium.

288 2148 513 2229 Καντιὶριαε
537 2149 771 2229 καταβατιίρια.

287 2257 458 2319 Κανοῖινε
482 2253 646 2319 κανίσκιον.

55 2352 156 2423 virleu
178 2356 343 2439 ιιατιτιίρια
377 2356 521 2423 contusis
544 2366 590 2423 TI
614 2366 646 2424 et
670 2366 699 2423 N
725 2358 757 2422 iu
782 2364 1001 2422 KANTHPIA
1022 2352 1160 2420 abiisse?
1185 2354 1249 2421 Ati-

52 2468 112 2529 tor
135 2460 169 2527 in
191 2460 291 2527 simili
315 2460 469 2529 vocabulo
491 2471 660 2550 peccatum
685 2460 770 2550 apud
794 2460 991 2550 Hesychium
1015 2480 1045 2526 ι.
1075 2461 1250 2541 Είσνγιρ-

54 2566 198 2649 σιίριατ
229 2564 304 2633 ύταν
329 2564 468 2650 ἄρχηται
499 2568 661 2647 βουλεύειν
683 2569 700 2646 ἢ
726 2567 815 2635 θύειν.
862 2565 1113 2653 Corrigendum:
1144 2567 1250 2634 Είσι·

54 2672 179 2755 σιίρια
200 2670 276 2738 ύταν
299 2670 441 2754 ἄρχεταί
461 2697 508 2747 τιο
531 2673 692 2752 βουλεύειν
716 2672 797 2749 θύει,
821 2692 861 2739 ex
883 2669 1097 2740 Demosthene
1119 2692 1149 2759 p.
1164 2677 1250 2752 400,

56 2778 117 2847 24.
141 2778 280 2858 ἧβαυλὶρ
302 2776 346 2844 σοὶ
369 2778 507 2860 θσιτιὶρια
531 2776 644 2844 ἔθυσεν.
693 2777 789 2844 Plura
810 2777 899 2844 dabit
923 2778 1053 2843 Pierson
1077 2776 1117 2843 ad
1138 2777 1249 2845 Moeri·

55 2878 133 2951 dem
155 2902 188 2971 p.
208 2885 294 2961 222,
325 2882 382 2970 qui
405 2886 578 2965 Κατιτιίρια
602 2883 761 2973 Hesycbio
786 2890 818 2949 et
840 2882 953 2949 Pbotio
985 2882 1155 2969 occupavit
1179 2882 1249 2949 red-

54 2984 137 3057 dere
155 2986 283 3075 aliaque
305 2988 446 3074 optimae
467 2997 561 3055 notae
593 2988 722 3056 aliunde
750 2987 888 3073 collegit.
935 2986 1011 3053 Levi
1039 3005 1149 3054 errore
1172 2986 1250 3053 tabi·

55 3100 116 3159 tur
139 3092 272 3161 Pierson
296 3092 329 3157 in
354 3092 505 3183 Polyaeni
530 3094 598 3160 ioco
620 3094 716 3161 t.10.
750 3092 948 3174 Ἡρακλεῖδαι
969 3090 1049 3158 ἔθυον
1073 3102 1112 3176 τῇ
1132 3093 1248 3177 Ἀθηνᾷ

56 3202 121 3264 τῶν
141 3197 241 3280 θρείυν
265 3198 502 3282 ύτερβατιίρια,
529 3219 628 3286 quum
655 3200 737 3280 θρίων
760 3195 989 3283 corrigendum
1013 3215 1083 3263 esse
1106 3204 1246 3283 putaret.

57 3302 245 3385 Διαβαθνειν
276 3304 320 3370 τὰ
342 3302 407 3387 θρια
431 3304 582 3371 dicebaut
601 3312 633 3371 et
652 3306 696 3372 rob
718 3305 749 3369 ἕν
772 3311 835 3376 τοῖς
859 3302 944 3383 θρίοις
974 3300 1042 3384 ίερύ
1062 3310 1250 3369 constanter

54 3408 250 3490 διαβασιίρια
285 3408 508 3496 appellantur,
540 3409 596 3477 sed
629 3410 825 3491 ὑπερβαίνειν
856 3406 900 3474 τύ
930 3406 1002 3489 θριρ,
1038 3407 1248 3494 quamobrem

54 3516 118 3579 σῦν
147 3513 235 3594 θρίυν
260 3515 476 3596 ύτερβατιίρια
506 3534 620 3582 censeo
647 3535 719 3581 essc
744 3512 992 3580 emendandum.
1046 3512 1158 3599 ltaque
1188 3533 1248 3602 pro

54 3616 108 3683 ίτ·
126 3614 220 3703 teob
242 3620 363 3707 optime
386 3618 522 3703 ἕξιτύρια
547 3619 610 3686 dici
633 3627 753 3707 potest,
776 3617 921 3695 ε’τεξοδια
940 3638 1002 3683 uon
1024 3625 1138 3705 potest.
1186 3618 1247 3686 Hc·

55 3720 212 3813 eyehins:
242 3723 455 3807 Ἐξιτιρρίατ
479 3726 579 3808 ἡμέρα
602 3726 633 3791 ἕν
658 3722 755 3808 ἤσθιε
782 3724 887 3807 ainzim
913 3725 1094 3791 ἀπετίθεντο
1120 3724 1246 3801 'Attiou-

54 3850 115 3895 σιν.
162 3826 292 3916 Optime
315 3831 437 3898 bibenti
460 3830 540 3896 vidit
570 3829 729 3912 Ἐξιτιίρια
751 3849 861 3895 veram
884 3829 1020 3897 sormam
1050 3848 1141 3906 csse,
1165 3827 1245 3893 salli·

57 3932 459 4021 accuratissimorum,
483 3936 643 4022 quiritem
667 3936 714 4001 sic
731 3935 883 4023 appellari
911 3940 1019 4022 putat:
1044 3942 1093 4000 est
1115 3933 1202 4000 euim
1227 3936 1245 4011 ἡ

55 4036 109 4105 ir’
131 4034 224 4123 ἐξίδρ
246 4043 424 4127 victimis
448 4043 556 4120 θυσία,
579 4049 612 4107 et
635 4041 770 4123 ἕξιτιίρια
790 4040 868 4107 θύειν
889 4060 926 4107 co
947 4059 1044 4106 seusu
1067 4037 1245 4105 dicebatur.

54 4140 152 4235 Apud
174 4142 419 4234 Xenophontem
444 4167 507 4280 ⁰³⁰⁰
531 4155 580 4214 cst
603 4146 733 4214 difficile
762 4148 904 4235 reperire
935 4142 1019 4211 uude
1042 4143 1159 4210 vitium
1189 4162 1245 4210 ua-

54 4290 208 4359 tumuit:
232 4312 348 4383 nempe
372 4294 464 4373 ἕτεξθ
484 4297 516 4363 in
536 4293 632 4362 notu.
652 4295 750 4362 scribi
774 4294 874 4374 solet,
899 4290 1146 4384 (praepositione
1169 4309 1245 4361 cum
