<?xml version="1.0" encoding="UTF-8"?>
<!DOCTYPE html PUBLIC "-//W3C//DTD XHTML 1.0 Transitional//EN"
    "http://www.w3.org/TR/xhtml1/DTD/xhtml1-transitional.dtd">
<html xmlns="http://www.w3.org/1999/xhtml" xml:lang="en" lang="en">
 <head>
  <title>
</title>
<meta http-equiv="Content-Type" content="text/html;charset=utf-8" />
  <meta name='ocr-system' content='tesseract 3.04.00' />
  <meta name='ocr-capabilities' content='ocr_page ocr_carea ocr_par ocr_line ocrx_word'/>
</head>
<body>
  <div class='ocr_page' id='page_1' title='image "./novaelectionesq00cobegoog/novaelectionesq00cobegoog_0561.png"; bbox 0 0 2940 5010; ppageno 0'>
   <div class='ocr_carea' id='block_1_1' title="bbox 701 290 766 353">
    <p class='ocr_par' dir='ltr' id='par_1_1' title="bbox 701 290 766 353">
     <span class='ocr_line' id='line_1_1' title="bbox 701 290 766 353; baseline 0.031 -2"><span class='ocrx_word' id='word_1_1' title='bbox 701 290 766 353; x_wconf 72' lang='lat' dir='ltr'>tuti</span> 
     </span>
    </p>
   </div>
   <div class='ocr_carea' id='block_1_2' title="bbox 140 461 1335 2139">
    <p class='ocr_par' dir='ltr' id='par_1_2' title="bbox 143 461 1102 651">
     <span class='ocr_line' id='line_1_2' title="bbox 143 461 1102 552; baseline -0.001 -19"><span class='ocrx_word' id='word_1_2' title='bbox 143 467 352 552; x_wconf 71' lang='grc' dir='ltr'><strong><em>ἀφικοίμεθα,</em></strong></span> <span class='ocrx_word' id='word_1_3' title='bbox 376 461 647 552; x_wconf 82' lang='lat' dir='ltr'><strong>quemadmodum</strong></span> <span class='ocrx_word' id='word_1_4' title='bbox 668 461 723 531; x_wconf 90' lang='lat' dir='ltr'>ille</span> <span class='ocrx_word' id='word_1_5' title='bbox 746 462 925 551; x_wconf 76' lang='lat' dir='ltr'><strong>Apollinem</strong></span> <span class='ocrx_word' id='word_1_6' title='bbox 950 462 1102 551; x_wconf 73' lang='lat' dir='ltr'>rogabat:</span> 
     </span>
     <span class='ocr_line' id='line_1_3' title="bbox 279 569 1073 651; baseline -0.001 -12"><span class='ocrx_word' id='word_1_7' title='bbox 279 577 344 646; x_wconf 75' lang='grc' dir='ltr'><strong><em>πῶς</em></strong></span> <span class='ocrx_word' id='word_1_8' title='bbox 367 570 406 638; x_wconf 75' lang='lat' dir='ltr'>ico</span> <span class='ocrx_word' id='word_1_9' title='bbox 431 571 663 651; x_wconf 70' lang='grc' dir='ltr'>πλουτήσαιμι,</span> <span class='ocrx_word' id='word_1_10' title='bbox 687 571 761 645; x_wconf 73' lang='grc' dir='ltr'><strong><em>Διὸς</em></strong></span> <span class='ocrx_word' id='word_1_11' title='bbox 784 569 837 638; x_wconf 84' lang='grc' dir='ltr'>καί</span> <span class='ocrx_word' id='word_1_12' title='bbox 860 575 983 647; x_wconf 77' lang='grc' dir='ltr'><strong><em>Λητοῦς</em></strong></span> <span class='ocrx_word' id='word_1_13' title='bbox 1007 569 1073 648; x_wconf 68' lang='grc' dir='ltr'>υἷές</span> 
     </span>
    </p>

    <p class='ocr_par' dir='ltr' id='par_1_3' title="bbox 142 661 859 764">
     <span class='ocr_line' id='line_1_4' title="bbox 142 661 859 764; baseline -0.004 -19"><span class='ocrx_word' id='word_1_14' title='bbox 142 677 198 746; x_wconf 89' lang='lat' dir='ltr'>sed</span> <span class='ocrx_word' id='word_1_15' title='bbox 218 698 271 746; x_wconf 88' lang='lat' dir='ltr'>res</span> <span class='ocrx_word' id='word_1_16' title='bbox 293 686 344 744; x_wconf 90' lang='lat' dir='ltr'>est</span> <span class='ocrx_word' id='word_1_17' title='bbox 366 661 544 764; x_wconf 86' lang='lat' dir='ltr'>perspicua</span> <span class='ocrx_word' id='word_1_18' title='bbox 557 695 616 743; x_wconf 90' lang='lat' dir='ltr'>neo</span> <span class='ocrx_word' id='word_1_19' title='bbox 638 675 745 743; x_wconf 85' lang='lat' dir='ltr'>verbis</span> <span class='ocrx_word' id='word_1_20' title='bbox 768 694 859 763; x_wconf 89' lang='lat' dir='ltr'>opus.</span> 
     </span>
    </p>

    <p class='ocr_par' dir='ltr' id='par_1_4' title="bbox 140 779 1333 1822">
     <span class='ocr_line' id='line_1_5' title="bbox 188 779 1329 871; baseline 0.002 -20"><span class='ocrx_word' id='word_1_21' title='bbox 188 782 267 851; x_wconf 91' lang='lat' dir='ltr'>lbid.</span> <span class='ocrx_word' id='word_1_22' title='bbox 292 781 346 850; x_wconf 87' lang='lat' dir='ltr'>Vl.</span> <span class='ocrx_word' id='word_1_23' title='bbox 370 801 416 849; x_wconf 90' lang='grc' dir='ltr'><strong><em>ιιι.</em></strong></span> <span class='ocrx_word' id='word_1_24' title='bbox 442 784 484 846; x_wconf 71' lang='lat' dir='ltr'>bb</span> <span class='ocrx_word' id='word_1_25' title='bbox 509 781 668 849; x_wconf 88' lang='lat' dir='ltr'>naturalis</span> <span class='ocrx_word' id='word_1_26' title='bbox 692 780 864 848; x_wconf 82' lang='lat' dir='ltr'>verborum</span> <span class='ocrx_word' id='word_1_27' title='bbox 890 779 968 848; x_wconf 94' lang='lat' dir='ltr'>ordo</span> <span class='ocrx_word' id='word_1_28' title='bbox 988 782 1097 850; x_wconf 88' lang='lat' dir='ltr'>nescio</span> <span class='ocrx_word' id='word_1_29' title='bbox 1119 782 1282 871; x_wconf 81' lang='lat' dir='ltr'>quomodo</span> <span class='ocrx_word' id='word_1_30' title='bbox 1301 785 1329 854; x_wconf 91' lang='lat' dir='ltr'>iu</span> 
     </span>
     <span class='ocr_line' id='line_1_6' title="bbox 141 884 1329 977; baseline 0.003 -19"><span class='ocrx_word' id='word_1_31' title='bbox 141 889 239 958; x_wconf 83' lang='lat' dir='ltr'>Godd.</span> <span class='ocrx_word' id='word_1_32' title='bbox 269 886 478 977; x_wconf 87' lang='lat' dir='ltr'>perturbatus</span> <span class='ocrx_word' id='word_1_33' title='bbox 506 896 556 954; x_wconf 88' lang='lat' dir='ltr'>est</span> <span class='ocrx_word' id='word_1_34' title='bbox 580 888 612 953; x_wconf 91' lang='lat' dir='ltr'>in</span> <span class='ocrx_word' id='word_1_35' title='bbox 638 884 705 955; x_wconf 85' lang='lat' dir='ltr'>bis:</span> <span class='ocrx_word' id='word_1_36' title='bbox 729 888 782 954; x_wconf 82' lang='grc' dir='ltr'>καί</span> <span class='ocrx_word' id='word_1_37' title='bbox 814 890 876 969; x_wconf 77' lang='grc' dir='ltr'>οὐχ</span> <span class='ocrx_word' id='word_1_38' title='bbox 905 889 1007 969; x_wconf 81' lang='grc' dir='ltr'><strong><em>ίρῶσιν</em></strong></span> <span class='ocrx_word' id='word_1_39' title='bbox 1036 888 1109 957; x_wconf 77' lang='grc' dir='ltr'><strong><em>οὔτε</em></strong></span> <span class='ocrx_word' id='word_1_40' title='bbox 1137 888 1246 975; x_wconf 80' lang='grc' dir='ltr'><strong><em>Φίλαν</em></strong></span> <span class='ocrx_word' id='word_1_41' title='bbox 1263 888 1329 973; x_wconf 73' lang='lat' dir='ltr'>spti-</span> 
     </span>
     <span class='ocr_line' id='line_1_7' title="bbox 140 992 1330 1079; baseline 0 -16"><span class='ocrx_word' id='word_1_42' title='bbox 140 1020 245 1076; x_wconf 89' lang='grc' dir='ltr'><strong><em>πευμα</em></strong></span> <span class='ocrx_word' id='word_1_43' title='bbox 272 993 345 1062; x_wconf 84' lang='grc' dir='ltr'><strong><em>οιίτε</em></strong></span> <span class='ocrx_word' id='word_1_44' title='bbox 372 992 537 1073; x_wconf 73' lang='grc' dir='ltr'><strong><em>πολέμιον,</em></strong></span> <span class='ocrx_word' id='word_1_45' title='bbox 563 993 617 1060; x_wconf 83' lang='grc' dir='ltr'>καί</span> <span class='ocrx_word' id='word_1_46' title='bbox 647 997 754 1060; x_wconf 81' lang='grc' dir='ltr'><strong><em>ταῦτα</em></strong></span> <span class='ocrx_word' id='word_1_47' title='bbox 784 993 1031 1073; x_wconf 69' lang='grc' dir='ltr'><strong><em>ἀπαγγέλλουσι</em></strong></span> <span class='ocrx_word' id='word_1_48' title='bbox 1062 995 1137 1079; x_wconf 76' lang='grc' dir='ltr'><strong><em>πρὸς</em></strong></span> <span class='ocrx_word' id='word_1_49' title='bbox 1168 996 1223 1065; x_wconf 76' lang='grc' dir='ltr'>τίν</span> <span class='ocrx_word' id='word_1_50' title='bbox 1254 1006 1330 1067; x_wconf 75' lang='grc' dir='ltr'><strong><em>Ξενι-</em></strong></span> 
     </span>
     <span class='ocr_line' id='line_1_8' title="bbox 140 1097 1332 1186; baseline 0.001 -18"><span class='ocrx_word' id='word_1_51' title='bbox 140 1108 252 1186; x_wconf 81' lang='grc' dir='ltr'><strong><em>φῶντα</em></strong></span> <span class='ocrx_word' id='word_1_52' title='bbox 280 1101 333 1167; x_wconf 85' lang='grc' dir='ltr'>καί</span> <span class='ocrx_word' id='word_1_53' title='bbox 362 1100 398 1167; x_wconf 79' lang='grc' dir='ltr'><strong><em>τί</em></strong></span> <span class='ocrx_word' id='word_1_54' title='bbox 429 1097 612 1182; x_wconf 80' lang='grc' dir='ltr'><strong><em>τροίτευμα,</em></strong></span> <span class='ocrx_word' id='word_1_55' title='bbox 643 1099 759 1185; x_wconf 65' lang='grc' dir='ltr'><strong><em>γρᾴδια</em></strong></span> <span class='ocrx_word' id='word_1_56' title='bbox 788 1098 820 1166; x_wconf 75' lang='grc' dir='ltr'>δὲ</span> <span class='ocrx_word' id='word_1_57' title='bbox 850 1099 903 1165; x_wconf 84' lang='grc' dir='ltr'>καί</span> <span class='ocrx_word' id='word_1_58' title='bbox 935 1099 1080 1182; x_wconf 73' lang='grc' dir='ltr'>γερόντια</span> <span class='ocrx_word' id='word_1_59' title='bbox 1102 1101 1159 1169; x_wconf 76' lang='grc' dir='ltr'>καί</span> <span class='ocrx_word' id='word_1_60' title='bbox 1188 1101 1332 1185; x_wconf 72' lang='grc' dir='ltr'><strong><em>πρόβατα</em></strong></span> 
     </span>
     <span class='ocr_line' id='line_1_9' title="bbox 141 1204 1333 1294; baseline 0.003 -21"><span class='ocrx_word' id='word_1_61' title='bbox 141 1206 238 1287; x_wconf 81' lang='grc' dir='ltr'><strong><em>ὄλίγα</em></strong></span> <span class='ocrx_word' id='word_1_62' title='bbox 266 1205 320 1271; x_wconf 78' lang='grc' dir='ltr'>καί</span> <span class='ocrx_word' id='word_1_63' title='bbox 351 1206 429 1286; x_wconf 76' lang='grc' dir='ltr'><strong><em>βοῦς</em></strong></span> <span class='ocrx_word' id='word_1_64' title='bbox 460 1204 783 1285; x_wconf 75' lang='grc' dir='ltr'><strong><em>καταλελειμμένους.</em></strong></span> <span class='ocrx_word' id='word_1_65' title='bbox 830 1204 910 1288; x_wconf 81' lang='lat' dir='ltr'>Quis</span> <span class='ocrx_word' id='word_1_66' title='bbox 936 1225 1000 1272; x_wconf 89' lang='lat' dir='ltr'>nou</span> <span class='ocrx_word' id='word_1_67' title='bbox 1028 1207 1178 1294; x_wconf 76' lang='lat' dir='ltr'>agnoseit</span> <span class='ocrx_word' id='word_1_68' title='bbox 1200 1216 1333 1277; x_wconf 74' lang='lat' dir='ltr'>nutum</span> 
     </span>
     <span class='ocr_line' id='line_1_10' title="bbox 141 1307 1332 1401; baseline 0.006 -25"><span class='ocrx_word' id='word_1_69' title='bbox 141 1312 314 1379; x_wconf 88' lang='lat' dir='ltr'>veritatem</span> <span class='ocrx_word' id='word_1_70' title='bbox 340 1312 491 1377; x_wconf 91' lang='lat' dir='ltr'>restituto</span> <span class='ocrx_word' id='word_1_71' title='bbox 512 1311 559 1376; x_wconf 92' lang='lat' dir='ltr'>sic</span> <span class='ocrx_word' id='word_1_72' title='bbox 583 1307 754 1377; x_wconf 84' lang='lat' dir='ltr'>verborum</span> <span class='ocrx_word' id='word_1_73' title='bbox 767 1307 898 1389; x_wconf 83' lang='lat' dir='ltr'>ordine,</span> <span class='ocrx_word' id='word_1_74' title='bbox 922 1321 959 1379; x_wconf 91' lang='lat' dir='ltr'>ut</span> <span class='ocrx_word' id='word_1_75' title='bbox 980 1311 1194 1401; x_wconf 78' lang='lat' dir='ltr'>Pluygersius</span> <span class='ocrx_word' id='word_1_76' title='bbox 1213 1333 1270 1383; x_wconf 82' lang='lat' dir='ltr'>me</span> <span class='ocrx_word' id='word_1_77' title='bbox 1285 1312 1332 1383; x_wconf 81' lang='lat' dir='ltr'>ud·</span> 
     </span>
     <span class='ocr_line' id='line_1_11' title="bbox 142 1415 1333 1501; baseline 0.006 -18"><span class='ocrx_word' id='word_1_78' title='bbox 142 1417 288 1483; x_wconf 87' lang='lat' dir='ltr'>monuit:</span> <span class='ocrx_word' id='word_1_79' title='bbox 311 1452 359 1466; x_wconf 95' lang='lat'>-</span> <span class='ocrx_word' id='word_1_80' title='bbox 379 1416 451 1483; x_wconf 83' lang='grc' dir='ltr'><strong><em>οὔτε</em></strong></span> <span class='ocrx_word' id='word_1_81' title='bbox 474 1416 641 1495; x_wconf 77' lang='grc' dir='ltr'><strong><em>πολέμιον,</em></strong></span> <span class='ocrx_word' id='word_1_82' title='bbox 676 1415 793 1501; x_wconf 69' lang='grc' dir='ltr'><strong><em>γρᾴδια</em></strong></span> <span class='ocrx_word' id='word_1_83' title='bbox 824 1415 857 1482; x_wconf 76' lang='grc' dir='ltr'>δὲ</span> <span class='ocrx_word' id='word_1_84' title='bbox 881 1415 934 1483; x_wconf 81' lang='grc' dir='ltr'>καί</span> <span class='ocrx_word' id='word_1_85' title='bbox 956 1417 1102 1500; x_wconf 85' lang='grc' dir='ltr'><strong><em>γερίντια</em></strong></span> <span class='ocrx_word' id='word_1_86' title='bbox 1125 1454 1175 1471; x_wconf 89' lang='lat'>·-</span> <span class='ocrx_word' id='word_1_87' title='bbox 1198 1437 1333 1489; x_wconf 81' lang='grc' dir='ltr'><strong><em>ιιαταλε·</em></strong></span> 
     </span>
     <span class='ocr_line' id='line_1_12' title="bbox 140 1520 1333 1609; baseline 0.005 -20"><span class='ocrx_word' id='word_1_88' title='bbox 140 1521 343 1603; x_wconf 76' lang='grc' dir='ltr'><strong><em>λειμμένους,</em></strong></span> <span class='ocrx_word' id='word_1_89' title='bbox 369 1520 422 1588; x_wconf 82' lang='grc' dir='ltr'>καί</span> <span class='ocrx_word' id='word_1_90' title='bbox 445 1525 554 1588; x_wconf 80' lang='grc' dir='ltr'><strong><em>ταῦτα</em></strong></span> <span class='ocrx_word' id='word_1_91' title='bbox 576 1520 822 1602; x_wconf 69' lang='grc' dir='ltr'><strong><em>ἀπαγγέλλουσι</em></strong></span> <span class='ocrx_word' id='word_1_92' title='bbox 846 1522 919 1604; x_wconf 76' lang='grc' dir='ltr'><strong><em>πρὸς</em></strong></span> <span class='ocrx_word' id='word_1_93' title='bbox 941 1524 995 1590; x_wconf 83' lang='grc' dir='ltr'>τίν</span> <span class='ocrx_word' id='word_1_94' title='bbox 1019 1529 1205 1609; x_wconf 66' lang='lat' dir='ltr'>amodum</span> <span class='ocrx_word' id='word_1_95' title='bbox 1227 1524 1333 1595; x_wconf 73' lang='grc' dir='ltr'><strong><em>ιιαίτί</em></strong></span> 
     </span>
     <span class='ocr_line' id='line_1_13' title="bbox 140 1625 1333 1718; baseline 0 -19"><span class='ocrx_word' id='word_1_96' title='bbox 140 1628 317 1712; x_wconf 78' lang='grc' dir='ltr'><strong><em>τροίτενμα.</em></strong></span> <span class='ocrx_word' id='word_1_97' title='bbox 366 1625 471 1694; x_wconf 80' lang='lat' dir='ltr'>Verba</span> <span class='ocrx_word' id='word_1_98' title='bbox 497 1645 576 1693; x_wconf 89' lang='lat' dir='ltr'>casu</span> <span class='ocrx_word' id='word_1_99' title='bbox 608 1627 698 1713; x_wconf 79' lang='lat' dir='ltr'>prius</span> <span class='ocrx_word' id='word_1_100' title='bbox 728 1629 868 1706; x_wconf 91' lang='lat' dir='ltr'>omissa,</span> <span class='ocrx_word' id='word_1_101' title='bbox 900 1625 1016 1694; x_wconf 89' lang='lat' dir='ltr'>deinde</span> <span class='ocrx_word' id='word_1_102' title='bbox 1044 1629 1079 1694; x_wconf 90' lang='lat' dir='ltr'>in</span> <span class='ocrx_word' id='word_1_103' title='bbox 1109 1631 1262 1718; x_wconf 73' lang='lat' dir='ltr'>margine</span> <span class='ocrx_word' id='word_1_104' title='bbox 1282 1630 1333 1699; x_wconf 84' lang='lat' dir='ltr'>ud·</span> 
     </span>
     <span class='ocr_line' id='line_1_14' title="bbox 141 1730 1121 1822; baseline 0 -20"><span class='ocrx_word' id='word_1_105' title='bbox 141 1736 264 1822; x_wconf 89' lang='lat' dir='ltr'>scripta</span> <span class='ocrx_word' id='word_1_106' title='bbox 286 1733 320 1799; x_wconf 91' lang='lat' dir='ltr'>in</span> <span class='ocrx_word' id='word_1_107' title='bbox 342 1732 480 1800; x_wconf 89' lang='lat' dir='ltr'>alienam</span> <span class='ocrx_word' id='word_1_108' title='bbox 507 1730 632 1810; x_wconf 85' lang='lat' dir='ltr'>sedem,</span> <span class='ocrx_word' id='word_1_109' title='bbox 656 1741 692 1797; x_wconf 92' lang='lat' dir='ltr'>ut</span> <span class='ocrx_word' id='word_1_110' title='bbox 715 1751 810 1819; x_wconf 79' lang='lat' dir='ltr'>saepe</span> <span class='ocrx_word' id='word_1_111' title='bbox 831 1731 882 1812; x_wconf 87' lang='lat' dir='ltr'>lit,</span> <span class='ocrx_word' id='word_1_112' title='bbox 906 1732 1121 1821; x_wconf 81' lang='lat' dir='ltr'>irrepserunt</span> 
     </span>
    </p>

    <p class='ocr_par' dir='ltr' id='par_1_5' title="bbox 141 1836 1335 2139">
     <span class='ocr_line' id='line_1_15' title="bbox 187 1836 1334 1923; baseline 0.004 -16"><span class='ocrx_word' id='word_1_113' title='bbox 187 1840 230 1907; x_wconf 84' lang='lat' dir='ltr'>lu&#39;</span> <span class='ocrx_word' id='word_1_114' title='bbox 255 1836 356 1906; x_wconf 79' lang='lat' dir='ltr'>Anah.</span> <span class='ocrx_word' id='word_1_115' title='bbox 383 1838 435 1904; x_wconf 89' lang='lat' dir='ltr'>vl.</span> <span class='ocrx_word' id='word_1_116' title='bbox 459 1857 501 1904; x_wconf 82' lang='lat' dir='ltr'>vt.</span> <span class='ocrx_word' id='word_1_117' title='bbox 528 1841 568 1903; x_wconf 84' lang='lat'>18</span> <span class='ocrx_word' id='word_1_118' title='bbox 597 1838 817 1920; x_wconf 80' lang='grc' dir='ltr'><strong><em>συμπίμψατέ</em></strong></span> <span class='ocrx_word' id='word_1_119' title='bbox 843 1863 895 1918; x_wconf 91' lang='grc' dir='ltr'>μοι</span> <span class='ocrx_word' id='word_1_120' title='bbox 918 1876 964 1889; x_wconf 92' lang='lat'><em>-</em></span> <span class='ocrx_word' id='word_1_121' title='bbox 986 1837 1113 1919; x_wconf 79' lang='grc' dir='ltr'><strong><em>οίτινις,</em></strong></span> <span class='ocrx_word' id='word_1_122' title='bbox 1142 1840 1184 1908; x_wconf 75' lang='grc' dir='ltr'>νίν</span> <span class='ocrx_word' id='word_1_123' title='bbox 1211 1867 1245 1911; x_wconf 79' lang='grc' dir='ltr'><strong><em>σν</em></strong></span> <span class='ocrx_word' id='word_1_124' title='bbox 1275 1845 1334 1923; x_wconf 62' lang='lat' dir='ltr'>hb</span> 
     </span>
     <span class='ocr_line' id='line_1_16' title="bbox 141 1942 1335 2035; baseline 0.003 -22"><span class='ocrx_word' id='word_1_125' title='bbox 141 1945 347 2028; x_wconf 90' lang='grc' dir='ltr'><strong><em>παραλείπω,</em></strong></span> <span class='ocrx_word' id='word_1_126' title='bbox 370 1942 507 2020; x_wconf 75' lang='grc' dir='ltr'><strong><em>λέξουσιν</em></strong></span> <span class='ocrx_word' id='word_1_127' title='bbox 531 1943 605 2026; x_wconf 64' lang='grc' dir='ltr'><strong><em>ὑπὲρ</em></strong></span> <span class='ocrx_word' id='word_1_128' title='bbox 629 1945 716 2024; x_wconf 75' lang='grc' dir='ltr'><strong><em>ἐμοῦ.</em></strong></span> <span class='ocrx_word' id='word_1_129' title='bbox 766 1942 857 2025; x_wconf 84' lang='lat' dir='ltr'>Quod</span> <span class='ocrx_word' id='word_1_130' title='bbox 877 1952 927 2010; x_wconf 85' lang='lat' dir='ltr'>est</span> <span class='ocrx_word' id='word_1_131' title='bbox 948 1944 983 2010; x_wconf 88' lang='lat' dir='ltr'>iu</span> <span class='ocrx_word' id='word_1_132' title='bbox 1009 1942 1125 2013; x_wconf 83' lang='lat' dir='ltr'>Codice</span> <span class='ocrx_word' id='word_1_133' title='bbox 1152 1949 1279 2035; x_wconf 77' lang='lat' dir='ltr'>optimo</span> <span class='ocrx_word' id='word_1_134' title='bbox 1297 1951 1335 2022; x_wconf 77' lang='grc' dir='ltr'>Δ.</span> 
     </span>
     <span class='ocr_line' id='line_1_17' title="bbox 142 2047 1335 2139; baseline 0.005 -21"><span class='ocrx_word' id='word_1_135' title='bbox 142 2050 229 2139; x_wconf 86' lang='lat' dir='ltr'>apud</span> <span class='ocrx_word' id='word_1_136' title='bbox 249 2048 343 2118; x_wconf 87' lang='lat' dir='ltr'>biud.</span> <span class='ocrx_word' id='word_1_137' title='bbox 367 2050 556 2132; x_wconf 72' lang='grc' dir='ltr'><strong><em>παραλείψω</em></strong></span> <span class='ocrx_word' id='word_1_138' title='bbox 583 2069 679 2116; x_wconf 86' lang='lat' dir='ltr'>nemo</span> <span class='ocrx_word' id='word_1_139' title='bbox 702 2049 846 2137; x_wconf 80' lang='lat' dir='ltr'>recipiet.</span> <span class='ocrx_word' id='word_1_140' title='bbox 893 2047 1086 2119; x_wconf 75' lang='lat' dir='ltr'>Coniectura</span> <span class='ocrx_word' id='word_1_141' title='bbox 1107 2060 1159 2120; x_wconf 88' lang='lat' dir='ltr'>cst</span> <span class='ocrx_word' id='word_1_142' title='bbox 1185 2052 1335 2123; x_wconf 74' lang='lat' dir='ltr'>Gnecnli</span> 
     </span>
    </p>
   </div>
   <div class='ocr_carea' id='block_1_3' title="bbox 140 2152 1336 2459">
    <p class='ocr_par' dir='ltr' id='par_1_6' title="bbox 140 2152 1336 2459">
     <span class='ocr_line' id='line_1_18' title="bbox 142 2152 1334 2241; baseline 0.004 -17"><span class='ocrx_word' id='word_1_143' title='bbox 142 2155 370 2234; x_wconf 81' lang='lat' dir='ltr'>semibarbari,</span> <span class='ocrx_word' id='word_1_144' title='bbox 394 2155 447 2222; x_wconf 92' lang='lat' dir='ltr'>cui</span> <span class='ocrx_word' id='word_1_145' title='bbox 473 2164 509 2221; x_wconf 91' lang='lat' dir='ltr'>ut</span> <span class='ocrx_word' id='word_1_146' title='bbox 531 2152 694 2241; x_wconf 86' lang='lat' dir='ltr'>plerisque</span> <span class='ocrx_word' id='word_1_147' title='bbox 712 2153 856 2221; x_wconf 89' lang='lat' dir='ltr'>librariis</span> <span class='ocrx_word' id='word_1_148' title='bbox 875 2152 979 2221; x_wconf 88' lang='lat' dir='ltr'>iorma</span> <span class='ocrx_word' id='word_1_149' title='bbox 998 2154 1115 2239; x_wconf 78' lang='grc' dir='ltr'><strong><em>ἔλειψα</em></strong></span> <span class='ocrx_word' id='word_1_150' title='bbox 1134 2157 1220 2226; x_wconf 89' lang='lat' dir='ltr'>nibil</span> <span class='ocrx_word' id='word_1_151' title='bbox 1238 2159 1334 2229; x_wconf 78' lang='lat' dir='ltr'>olien-</span> 
     </span>
     <span class='ocr_line' id='line_1_19' title="bbox 141 2259 1335 2354; baseline 0.004 -25"><span class='ocrx_word' id='word_1_152' title='bbox 141 2263 242 2330; x_wconf 90' lang='lat' dir='ltr'>sionis</span> <span class='ocrx_word' id='word_1_153' title='bbox 265 2259 411 2327; x_wconf 87' lang='lat' dir='ltr'>babebat.</span> <span class='ocrx_word' id='word_1_154' title='bbox 458 2260 501 2326; x_wconf 83' lang='lat' dir='ltr'>lit</span> <span class='ocrx_word' id='word_1_155' title='bbox 522 2268 629 2326; x_wconf 90' lang='lat' dir='ltr'>tamen</span> <span class='ocrx_word' id='word_1_156' title='bbox 651 2267 737 2327; x_wconf 89' lang='lat' dir='ltr'>recte</span> <span class='ocrx_word' id='word_1_157' title='bbox 757 2260 916 2327; x_wconf 79' lang='lat' dir='ltr'>intellexit</span> <span class='ocrx_word' id='word_1_158' title='bbox 936 2260 1032 2327; x_wconf 91' lang='lat' dir='ltr'>homo</span> <span class='ocrx_word' id='word_1_159' title='bbox 1048 2263 1210 2332; x_wconf 81' lang='lat' dir='ltr'>acrisium</span> <span class='ocrx_word' id='word_1_160' title='bbox 1229 2267 1335 2354; x_wconf 88' lang='lat' dir='ltr'>requi-</span> 
     </span>
     <span class='ocr_line' id='line_1_20' title="bbox 140 2365 1336 2459; baseline 0.003 -24"><span class='ocrx_word' id='word_1_161' title='bbox 140 2368 188 2447; x_wconf 88' lang='lat' dir='ltr'>ri,</span> <span class='ocrx_word' id='word_1_162' title='bbox 212 2387 276 2434; x_wconf 91' lang='lat' dir='ltr'>uou</span> <span class='ocrx_word' id='word_1_163' title='bbox 293 2366 454 2434; x_wconf 83' lang='lat' dir='ltr'>intellexit</span> <span class='ocrx_word' id='word_1_164' title='bbox 470 2386 567 2452; x_wconf 91' lang='lat' dir='ltr'>quam</span> <span class='ocrx_word' id='word_1_165' title='bbox 587 2365 651 2433; x_wconf 88' lang='lat' dir='ltr'>leni</span> <span class='ocrx_word' id='word_1_166' title='bbox 670 2365 830 2433; x_wconf 87' lang='lat' dir='ltr'>medicina</span> <span class='ocrx_word' id='word_1_167' title='bbox 850 2367 1019 2448; x_wconf 80' lang='grc' dir='ltr'><strong><em>παραλίπω</em></strong></span> <span class='ocrx_word' id='word_1_168' title='bbox 1040 2367 1209 2437; x_wconf 85' lang='lat' dir='ltr'>emendari</span> <span class='ocrx_word' id='word_1_169' title='bbox 1227 2379 1336 2459; x_wconf 83' lang='lat' dir='ltr'>posset</span> 
     </span>
    </p>
   </div>
   <div class='ocr_carea' id='block_1_4' title="bbox 127 2469 1358 4458">
    <p class='ocr_par' dir='ltr' id='par_1_7' title="bbox 127 2469 1358 3398">
     <span class='ocr_line' id='line_1_21' title="bbox 140 2469 1335 2545; baseline 0.003 -3"><span class='ocrx_word' id='word_1_170' title='bbox 140 2495 179 2542; x_wconf 89' lang='lat' dir='ltr'>ac</span> <span class='ocrx_word' id='word_1_171' title='bbox 200 2472 340 2540; x_wconf 87' lang='lat' dir='ltr'>deberet.</span> <span class='ocrx_word' id='word_1_172' title='bbox 387 2470 475 2537; x_wconf 92' lang='lat' dir='ltr'>ldem</span> <span class='ocrx_word' id='word_1_173' title='bbox 505 2469 658 2538; x_wconf 90' lang='lat' dir='ltr'>mendum</span> <span class='ocrx_word' id='word_1_174' title='bbox 681 2490 699 2536; x_wconf 92' lang='lat' dir='ltr'>e</span> <span class='ocrx_word' id='word_1_175' title='bbox 722 2471 938 2538; x_wconf 81' lang='lat' dir='ltr'>Demosthene</span> <span class='ocrx_word' id='word_1_176' title='bbox 963 2471 1139 2541; x_wconf 89' lang='lat' dir='ltr'>tollendum</span> <span class='ocrx_word' id='word_1_177' title='bbox 1165 2484 1218 2544; x_wconf 86' lang='lat' dir='ltr'>est</span> <span class='ocrx_word' id='word_1_178' title='bbox 1246 2475 1335 2545; x_wconf 81' lang='lat' dir='ltr'>Orat.</span> 
     </span>
     <span class='ocr_line' id='line_1_22' title="bbox 140 2575 1336 2663; baseline 0.005 -18"><span class='ocrx_word' id='word_1_179' title='bbox 140 2578 249 2645; x_wconf 81' lang='lat' dir='ltr'><strong>XLIV.</strong></span> <span class='ocrx_word' id='word_1_180' title='bbox 274 2582 318 2644; x_wconf 79' lang='lat' dir='ltr'>ot</span> <span class='ocrx_word' id='word_1_181' title='bbox 347 2575 398 2644; x_wconf 80' lang='grc' dir='ltr'>ἵνα</span> <span class='ocrx_word' id='word_1_182' title='bbox 424 2578 468 2644; x_wconf 74' lang='grc' dir='ltr'>τοὶ</span> <span class='ocrx_word' id='word_1_183' title='bbox 499 2584 618 2647; x_wconf 82' lang='grc' dir='ltr'><strong><em>πλείτα</em></strong></span> <span class='ocrx_word' id='word_1_184' title='bbox 645 2578 849 2657; x_wconf 83' lang='grc' dir='ltr'><strong><em>παραλείπω,</em></strong></span> <span class='ocrx_word' id='word_1_185' title='bbox 880 2578 947 2644; x_wconf 90' lang='lat' dir='ltr'>imo</span> <span class='ocrx_word' id='word_1_186' title='bbox 978 2598 1054 2645; x_wconf 85' lang='lat' dir='ltr'>vero</span> <span class='ocrx_word' id='word_1_187' title='bbox 1082 2580 1276 2663; x_wconf 76' lang='grc' dir='ltr'><strong><em>παραλίπω,</em></strong></span> <span class='ocrx_word' id='word_1_188' title='bbox 1299 2592 1336 2651; x_wconf 84' lang='lat' dir='ltr'>ut</span> 
     </span>
     <span class='ocr_line' id='line_1_23' title="bbox 139 2679 1335 2762; baseline 0.006 -12"><span class='ocrx_word' id='word_1_189' title='bbox 139 2687 174 2750; x_wconf 88' lang='lat' dir='ltr'>in</span> <span class='ocrx_word' id='word_1_190' title='bbox 205 2681 293 2750; x_wconf 78' lang='lat' dir='ltr'>Orat.</span> <span class='ocrx_word' id='word_1_191' title='bbox 318 2681 410 2748; x_wconf 83' lang='lat' dir='ltr'>XLV.</span> <span class='ocrx_word' id='word_1_192' title='bbox 435 2687 468 2748; x_wconf 79' lang='lat' dir='ltr'>li.</span> <span class='ocrx_word' id='word_1_193' title='bbox 498 2679 548 2748; x_wconf 85' lang='grc' dir='ltr'>ίνα</span> <span class='ocrx_word' id='word_1_194' title='bbox 575 2685 607 2749; x_wconf 75' lang='grc' dir='ltr'>δὲ</span> <span class='ocrx_word' id='word_1_195' title='bbox 639 2684 823 2762; x_wconf 82' lang='grc' dir='ltr'><strong><em>συντέμω</em></strong></span> <span class='ocrx_word' id='word_1_196' title='bbox 853 2688 975 2761; x_wconf 82' lang='grc' dir='ltr'><strong><em>ταῦτα,</em></strong></span> <span class='ocrx_word' id='word_1_197' title='bbox 1006 2691 1040 2750; x_wconf 83' lang='lat' dir='ltr'>et</span> <span class='ocrx_word' id='word_1_198' title='bbox 1065 2683 1154 2753; x_wconf 82' lang='lat' dir='ltr'>alibi.</span> <span class='ocrx_word' id='word_1_199' title='bbox 1203 2689 1335 2757; x_wconf 81' lang='grc' dir='ltr'><strong><em>Λείπειν</em></strong></span> 
     </span>
     <span class='ocr_line' id='line_1_24' title="bbox 127 2787 1335 2863; baseline 0.005 -6"><span class='ocrx_word' id='word_1_200' title='bbox 127 2799 172 2857; x_wconf 84' lang='lat' dir='ltr'>&#39;et</span> <span class='ocrx_word' id='word_1_201' title='bbox 191 2797 294 2856; x_wconf 84' lang='grc' dir='ltr'><strong><em>λιπεῖν</em></strong></span> <span class='ocrx_word' id='word_1_202' title='bbox 318 2789 498 2855; x_wconf 82' lang='lat' dir='ltr'>sexcenties</span> <span class='ocrx_word' id='word_1_203' title='bbox 521 2787 775 2856; x_wconf 76' lang='lat' dir='ltr'>confunduntur.</span> <span class='ocrx_word' id='word_1_204' title='bbox 822 2788 859 2854; x_wconf 93' lang='lat' dir='ltr'>ln</span> <span class='ocrx_word' id='word_1_205' title='bbox 882 2788 993 2856; x_wconf 88' lang='lat' dir='ltr'>eadem</span> <span class='ocrx_word' id='word_1_206' title='bbox 1016 2789 1247 2860; x_wconf 84' lang='lat' dir='ltr'>Demosthenis</span> <span class='ocrx_word' id='word_1_207' title='bbox 1264 2812 1335 2863; x_wconf 80' lang='lat' dir='ltr'>orn·</span> 
     </span>
     <span class='ocr_line' id='line_1_25' title="bbox 137 2893 1336 2980; baseline 0.003 -17"><span class='ocrx_word' id='word_1_208' title='bbox 137 2897 226 2963; x_wconf 83' lang='lat' dir='ltr'>lione</span> <span class='ocrx_word' id='word_1_209' title='bbox 246 2893 354 2961; x_wconf 84' lang='lat' dir='ltr'><strong>XLIV.</strong></span> <span class='ocrx_word' id='word_1_210' title='bbox 377 2897 421 2960; x_wconf 78' lang='lat' dir='ltr'>ot</span> <span class='ocrx_word' id='word_1_211' title='bbox 442 2894 582 2980; x_wconf 83' lang='lat' dir='ltr'>pessime</span> <span class='ocrx_word' id='word_1_212' title='bbox 599 2893 708 2961; x_wconf 88' lang='lat' dir='ltr'>editur</span> <span class='ocrx_word' id='word_1_213' title='bbox 728 2896 790 2962; x_wconf 82' lang='lat' dir='ltr'>nido</span> <span class='ocrx_word' id='word_1_214' title='bbox 808 2896 933 2974; x_wconf 78' lang='grc' dir='ltr'><strong><em>γνήσιον</em></strong></span> <span class='ocrx_word' id='word_1_215' title='bbox 956 2897 1238 2976; x_wconf 79' lang='grc' dir='ltr'><strong><em>ἐγκαταλείποντα</em></strong></span> <span class='ocrx_word' id='word_1_216' title='bbox 1257 2899 1336 2969; x_wconf 73' lang='grc' dir='ltr'><strong><em>ἐπα·</em></strong></span> 
     </span>
     <span class='ocr_line' id='line_1_26' title="bbox 137 2998 1358 3092; baseline 0 -23"><span class='ocrx_word' id='word_1_217' title='bbox 137 3003 247 3079; x_wconf 84' lang='grc' dir='ltr'><strong><em>νιέναι,</em></strong></span> <span class='ocrx_word' id='word_1_218' title='bbox 271 2998 357 3087; x_wconf 88' lang='lat' dir='ltr'>quud</span> <span class='ocrx_word' id='word_1_219' title='bbox 376 3000 471 3066; x_wconf 88' lang='lat' dir='ltr'>unice</span> <span class='ocrx_word' id='word_1_220' title='bbox 488 3019 601 3066; x_wconf 87' lang='lat' dir='ltr'>verum</span> <span class='ocrx_word' id='word_1_221' title='bbox 619 3007 669 3066; x_wconf 87' lang='lat' dir='ltr'>est</span> <span class='ocrx_word' id='word_1_222' title='bbox 685 3000 853 3068; x_wconf 88' lang='lat' dir='ltr'>emendate</span> <span class='ocrx_word' id='word_1_223' title='bbox 871 3002 1030 3089; x_wconf 89' lang='lat' dir='ltr'>scriptum</span> <span class='ocrx_word' id='word_1_224' title='bbox 1048 3001 1172 3070; x_wconf 84' lang='lat' dir='ltr'>ridebis</span> <span class='ocrx_word' id='word_1_225' title='bbox 1191 3004 1228 3071; x_wconf 92' lang='lat' dir='ltr'>iu</span> <span class='ocrx_word' id='word_1_226' title='bbox 1246 3008 1335 3092; x_wconf 69' lang='lat'>568.</span> <span class='ocrx_word' id='word_1_227' title='bbox 1354 3063 1358 3069; x_wconf 90' lang='lat'><em>.</em></span> 
     </span>
     <span class='ocr_line' id='line_1_27' title="bbox 139 3105 1336 3197; baseline 0.003 -24"><span class='ocrx_word' id='word_1_228' title='bbox 139 3105 343 3174; x_wconf 87' lang='lat' dir='ltr'>llaniiestius</span> <span class='ocrx_word' id='word_1_229' title='bbox 367 3105 463 3172; x_wconf 90' lang='lat' dir='ltr'>etiam</span> <span class='ocrx_word' id='word_1_230' title='bbox 487 3105 641 3173; x_wconf 86' lang='lat' dir='ltr'>mendum</span> <span class='ocrx_word' id='word_1_231' title='bbox 666 3113 814 3171; x_wconf 89' lang='lat' dir='ltr'>tenemus</span> <span class='ocrx_word' id='word_1_232' title='bbox 839 3107 871 3171; x_wconf 91' lang='lat' dir='ltr'>in</span> <span class='ocrx_word' id='word_1_233' title='bbox 896 3106 1048 3174; x_wconf 86' lang='lat' dir='ltr'>Isocratis</span> <span class='ocrx_word' id='word_1_234' title='bbox 1071 3107 1224 3195; x_wconf 77' lang='lat' dir='ltr'>Euagora</span> <span class='ocrx_word' id='word_1_235' title='bbox 1248 3112 1336 3197; x_wconf 73' lang='lat'>5³³·</span> 
     </span>
     <span class='ocr_line' id='line_1_28' title="bbox 136 3208 1336 3298; baseline 0.004 -18"><span class='ocrx_word' id='word_1_236' title='bbox 136 3215 163 3280; x_wconf 83' lang='grc' dir='ltr'>εί</span> <span class='ocrx_word' id='word_1_237' title='bbox 188 3214 240 3280; x_wconf 80' lang='grc' dir='ltr'>καί</span> <span class='ocrx_word' id='word_1_238' title='bbox 264 3211 393 3291; x_wconf 77' lang='grc' dir='ltr'><strong><em>μηδενὸς</em></strong></span> <span class='ocrx_word' id='word_1_239' title='bbox 425 3208 527 3278; x_wconf 72' lang='grc' dir='ltr'><strong><em>ἄλλου</em></strong></span> <span class='ocrx_word' id='word_1_240' title='bbox 558 3213 722 3292; x_wconf 74' lang='grc' dir='ltr'><strong><em>μνησθείην</em></strong></span> <span class='ocrx_word' id='word_1_241' title='bbox 752 3213 828 3278; x_wconf 74' lang='grc' dir='ltr'><strong><em>αλλ’</em></strong></span> <span class='ocrx_word' id='word_1_242' title='bbox 860 3213 994 3279; x_wconf 75' lang='grc' dir='ltr'><strong><em>ἔνταῦία</em></strong></span> <span class='ocrx_word' id='word_1_243' title='bbox 1024 3215 1336 3298; x_wconf 81' lang='grc' dir='ltr'><strong><em>καταλείποιμι</em></strong></span> 
     </span>
     <span class='ocr_line' id='line_1_29' title="bbox 136 3316 1136 3398; baseline 0.002 -13"><span class='ocrx_word' id='word_1_244' title='bbox 136 3321 189 3385; x_wconf 81' lang='grc' dir='ltr'><strong><em>τὸν</em></strong></span> <span class='ocrx_word' id='word_1_245' title='bbox 212 3317 329 3396; x_wconf 84' lang='grc' dir='ltr'><strong><em>λίγον,</em></strong></span> <span class='ocrx_word' id='word_1_246' title='bbox 356 3336 451 3382; x_wconf 87' lang='lat' dir='ltr'>nemu</span> <span class='ocrx_word' id='word_1_247' title='bbox 476 3327 583 3384; x_wconf 88' lang='lat' dir='ltr'>lamen</span> <span class='ocrx_word' id='word_1_248' title='bbox 613 3316 719 3383; x_wconf 80' lang='lat' dir='ltr'>adbuc</span> <span class='ocrx_word' id='word_1_249' title='bbox 743 3320 953 3398; x_wconf 87' lang='grc' dir='ltr'><strong><em>καταλίποιμι</em></strong></span> <span class='ocrx_word' id='word_1_250' title='bbox 978 3318 1136 3387; x_wconf 76' lang='lat' dir='ltr'>restituit.</span> 
     </span>
    </p>

    <p class='ocr_par' dir='ltr' id='par_1_8' title="bbox 135 3421 1336 3933">
     <span class='ocr_line' id='line_1_30' title="bbox 182 3421 1336 3515; baseline 0.007 -28"><span class='ocrx_word' id='word_1_251' title='bbox 182 3422 280 3488; x_wconf 83' lang='lat' dir='ltr'>Plane</span> <span class='ocrx_word' id='word_1_252' title='bbox 303 3421 476 3508; x_wconf 82' lang='lat' dir='ltr'>gemellum</span> <span class='ocrx_word' id='word_1_253' title='bbox 507 3425 623 3490; x_wconf 85' lang='lat' dir='ltr'>vitium</span> <span class='ocrx_word' id='word_1_254' title='bbox 650 3431 698 3489; x_wconf 83' lang='lat' dir='ltr'>est</span> <span class='ocrx_word' id='word_1_255' title='bbox 722 3425 756 3489; x_wconf 91' lang='lat' dir='ltr'>iu</span> <span class='ocrx_word' id='word_1_256' title='bbox 777 3422 878 3491; x_wconf 79' lang='lat' dir='ltr'>Anab.</span> <span class='ocrx_word' id='word_1_257' title='bbox 901 3422 969 3489; x_wconf 88' lang='lat' dir='ltr'>Vll.</span> <span class='ocrx_word' id='word_1_258' title='bbox 994 3443 1037 3488; x_wconf 87' lang='grc' dir='ltr'>ιν.</span> <span class='ocrx_word' id='word_1_259' title='bbox 1065 3427 1117 3489; x_wconf 84' lang='grc'>17.</span> <span class='ocrx_word' id='word_1_260' title='bbox 1142 3425 1169 3490; x_wconf 86' lang='lat' dir='ltr'>oi</span> <span class='ocrx_word' id='word_1_261' title='bbox 1191 3425 1227 3492; x_wconf 72' lang='grc' dir='ltr'>δὲ</span> <span class='ocrx_word' id='word_1_262' title='bbox 1250 3436 1336 3515; x_wconf 75' lang='grc' dir='ltr'><strong><em>Θρᾷ-</em></strong></span> 
     </span>
     <span class='ocr_line' id='line_1_31' title="bbox 137 3527 1336 3613; baseline 0.007 -19"><span class='ocrx_word' id='word_1_263' title='bbox 137 3555 189 3604; x_wconf 76' lang='grc' dir='ltr'><strong><em>κες</em></strong></span> <span class='ocrx_word' id='word_1_264' title='bbox 213 3531 385 3613; x_wconf 82' lang='grc' dir='ltr'><strong><em>φεύγουσιν</em></strong></span> <span class='ocrx_word' id='word_1_265' title='bbox 409 3568 454 3582; x_wconf 93' lang='lat'>—-</span> <span class='ocrx_word' id='word_1_266' title='bbox 476 3528 597 3596; x_wconf 82' lang='grc' dir='ltr'><strong><em>ίπισίεν</em></strong></span> <span class='ocrx_word' id='word_1_267' title='bbox 620 3527 882 3610; x_wconf 78' lang='grc' dir='ltr'><strong><em>περιβαλλόμενοι</em></strong></span> <span class='ocrx_word' id='word_1_268' title='bbox 902 3527 963 3601; x_wconf 77' lang='grc' dir='ltr'><strong><em>τοὶς</em></strong></span> <span class='ocrx_word' id='word_1_269' title='bbox 987 3527 1122 3603; x_wconf 73' lang='grc' dir='ltr'><strong><em>πέλτας.</em></strong></span> <span class='ocrx_word' id='word_1_270' title='bbox 1170 3528 1264 3601; x_wconf 74' lang='lat' dir='ltr'>Silue</span> <span class='ocrx_word' id='word_1_271' title='bbox 1286 3548 1336 3601; x_wconf 89' lang='grc' dir='ltr'>λι·</span> 
     </span>
     <span class='ocr_line' id='line_1_32' title="bbox 135 3631 1335 3722; baseline 0.006 -22"><span class='ocrx_word' id='word_1_272' title='bbox 135 3637 263 3701; x_wconf 73' lang='grc' dir='ltr'><strong><em>πίνναι]</em></strong></span> <span class='ocrx_word' id='word_1_273' title='bbox 288 3637 402 3701; x_wconf 85' lang='grc' dir='ltr'><strong><em>λείπων</em></strong></span> <span class='ocrx_word' id='word_1_274' title='bbox 427 3633 618 3722; x_wconf 81' lang='lat' dir='ltr'>legendum,</span> <span class='ocrx_word' id='word_1_275' title='bbox 651 3635 761 3714; x_wconf 79' lang='grc' dir='ltr'><strong><em>βαλών</em></strong></span> <span class='ocrx_word' id='word_1_276' title='bbox 784 3653 826 3699; x_wconf 91' lang='lat' dir='ltr'>au</span> <span class='ocrx_word' id='word_1_277' title='bbox 848 3631 982 3714; x_wconf 77' lang='grc' dir='ltr'><strong><em>βάλλων</em></strong></span> <span class='ocrx_word' id='word_1_278' title='bbox 1007 3653 1070 3699; x_wconf 91' lang='lat' dir='ltr'>non</span> <span class='ocrx_word' id='word_1_279' title='bbox 1095 3632 1250 3716; x_wconf 80' lang='lat' dir='ltr'>Codices,</span> <span class='ocrx_word' id='word_1_280' title='bbox 1274 3638 1335 3707; x_wconf 83' lang='lat' dir='ltr'>sed</span> 
     </span>
     <span class='ocr_line' id='line_1_33' title="bbox 136 3737 1335 3828; baseline 0.005 -21"><span class='ocrx_word' id='word_1_281' title='bbox 136 3760 214 3807; x_wconf 88' lang='lat' dir='ltr'>sana</span> <span class='ocrx_word' id='word_1_282' title='bbox 246 3742 329 3807; x_wconf 88' lang='lat' dir='ltr'>ratio</span> <span class='ocrx_word' id='word_1_283' title='bbox 361 3739 480 3828; x_wconf 86' lang='lat' dir='ltr'>ubique</span> <span class='ocrx_word' id='word_1_284' title='bbox 514 3741 579 3807; x_wconf 92' lang='lat' dir='ltr'>sola</span> <span class='ocrx_word' id='word_1_285' title='bbox 604 3739 814 3807; x_wconf 88' lang='lat' dir='ltr'>demonstrat.</span> <span class='ocrx_word' id='word_1_286' title='bbox 863 3739 926 3805; x_wconf 85' lang='lat' dir='ltr'>lies</span> <span class='ocrx_word' id='word_1_287' title='bbox 950 3739 1020 3826; x_wconf 90' lang='lat' dir='ltr'>ipsa</span> <span class='ocrx_word' id='word_1_288' title='bbox 1050 3737 1170 3808; x_wconf 81' lang='lat' dir='ltr'>clamat</span> <span class='ocrx_word' id='word_1_289' title='bbox 1192 3744 1335 3828; x_wconf 76' lang='grc' dir='ltr'><strong><em>περιβα-</em></strong></span> 
     </span>
     <span class='ocr_line' id='line_1_34' title="bbox 135 3846 614 3933; baseline 0 -21"><span class='ocrx_word' id='word_1_290' title='bbox 135 3847 257 3928; x_wconf 84' lang='grc' dir='ltr'><strong><em>λίμενοι</em></strong></span> <span class='ocrx_word' id='word_1_291' title='bbox 281 3867 351 3914; x_wconf 88' lang='lat' dir='ltr'>esse</span> <span class='ocrx_word' id='word_1_292' title='bbox 374 3846 614 3933; x_wconf 82' lang='lat' dir='ltr'>corrigendum.</span> 
     </span>
    </p>

    <p class='ocr_par' dir='ltr' id='par_1_9' title="bbox 133 3951 1337 4458">
     <span class='ocr_line' id='line_1_35' title="bbox 180 3951 1337 4042; baseline 0.005 -24"><span class='ocrx_word' id='word_1_293' title='bbox 180 3952 287 4034; x_wconf 85' lang='lat' dir='ltr'>Quum</span> <span class='ocrx_word' id='word_1_294' title='bbox 322 3953 379 4018; x_wconf 94' lang='lat' dir='ltr'>diu</span> <span class='ocrx_word' id='word_1_295' title='bbox 412 3951 536 4018; x_wconf 83' lang='lat' dir='ltr'>trustra</span> <span class='ocrx_word' id='word_1_296' title='bbox 568 3951 797 4038; x_wconf 82' lang='lat' dir='ltr'>quaesivissem</span> <span class='ocrx_word' id='word_1_297' title='bbox 822 3970 905 4035; x_wconf 88' lang='lat' dir='ltr'>quae</span> <span class='ocrx_word' id='word_1_298' title='bbox 940 3957 1027 4017; x_wconf 86' lang='lat' dir='ltr'>esset</span> <span class='ocrx_word' id='word_1_299' title='bbox 1058 3970 1134 4018; x_wconf 86' lang='lat' dir='ltr'>vera</span> <span class='ocrx_word' id='word_1_300' title='bbox 1165 3955 1337 4042; x_wconf 83' lang='lat' dir='ltr'>scriptura</span> 
     </span>
     <span class='ocr_line' id='line_1_36' title="bbox 135 4053 1335 4147; baseline 0.008 -26"><span class='ocrx_word' id='word_1_301' title='bbox 135 4057 196 4122; x_wconf 90' lang='lat' dir='ltr'>loci</span> <span class='ocrx_word' id='word_1_302' title='bbox 217 4057 386 4124; x_wconf 77' lang='lat' dir='ltr'>manifesto</span> <span class='ocrx_word' id='word_1_303' title='bbox 416 4057 562 4144; x_wconf 86' lang='lat' dir='ltr'>corrupti</span> <span class='ocrx_word' id='word_1_304' title='bbox 585 4058 638 4124; x_wconf 85' lang='lat' dir='ltr'>Vl.</span> <span class='ocrx_word' id='word_1_305' title='bbox 665 4078 707 4122; x_wconf 85' lang='lat' dir='ltr'>vr.</span> <span class='ocrx_word' id='word_1_306' title='bbox 733 4061 787 4122; x_wconf 78' lang='lat' dir='ltr'>ut.</span> <span class='ocrx_word' id='word_1_307' title='bbox 819 4053 949 4121; x_wconf 87' lang='lat' dir='ltr'>taudem</span> <span class='ocrx_word' id='word_1_308' title='bbox 980 4056 1062 4122; x_wconf 87' lang='lat' dir='ltr'>milri</span> <span class='ocrx_word' id='word_1_309' title='bbox 1086 4056 1173 4143; x_wconf 85' lang='lat' dir='ltr'>quod</span> <span class='ocrx_word' id='word_1_310' title='bbox 1194 4080 1335 4147; x_wconf 87' lang='lat' dir='ltr'>quaere·</span> 
     </span>
     <span class='ocr_line' id='line_1_37' title="bbox 135 4159 1335 4249; baseline 0.008 -21"><span class='ocrx_word' id='word_1_311' title='bbox 135 4161 208 4229; x_wconf 89' lang='lat' dir='ltr'>bam</span> <span class='ocrx_word' id='word_1_312' title='bbox 244 4161 380 4230; x_wconf 78' lang='lat' dir='ltr'>feliciter</span> <span class='ocrx_word' id='word_1_313' title='bbox 415 4161 525 4230; x_wconf 87' lang='lat' dir='ltr'>videor</span> <span class='ocrx_word' id='word_1_314' title='bbox 556 4165 724 4248; x_wconf 87' lang='lat' dir='ltr'>reperisse.</span> <span class='ocrx_word' id='word_1_315' title='bbox 782 4159 968 4228; x_wconf 83' lang='lat' dir='ltr'>lliudorirus</span> <span class='ocrx_word' id='word_1_316' title='bbox 999 4160 1116 4229; x_wconf 91' lang='lat' dir='ltr'>edidit:</span> <span class='ocrx_word' id='word_1_317' title='bbox 1151 4167 1186 4232; x_wconf 80' lang='lat' dir='ltr'>ci</span> <span class='ocrx_word' id='word_1_318' title='bbox 1222 4168 1335 4249; x_wconf 72' lang='grc' dir='ltr'><strong><em>μέντοι</em></strong></span> 
     </span>
     <span class='ocr_line' id='line_1_38' title="bbox 133 4265 1335 4354; baseline 0.009 -22"><span class='ocrx_word' id='word_1_319' title='bbox 133 4268 194 4351; x_wconf 81' lang='grc' dir='ltr'>ἔφη</span> <span class='ocrx_word' id='word_1_320' title='bbox 231 4269 361 4351; x_wconf 86' lang='grc' dir='ltr'><strong><em>νομίζειν</em></strong></span> <span class='ocrx_word' id='word_1_321' title='bbox 386 4270 449 4336; x_wconf 77' lang='grc' dir='ltr'><strong><em>οὐδ’</em></strong></span> <span class='ocrx_word' id='word_1_322' title='bbox 471 4271 497 4335; x_wconf 88' lang='grc' dir='ltr'>εί</span> <span class='ocrx_word' id='word_1_323' title='bbox 521 4270 720 4349; x_wconf 74' lang='grc' dir='ltr'><strong><em>παμπόνηρος</em></strong></span> <span class='ocrx_word' id='word_1_324' title='bbox 744 4265 779 4343; x_wconf 75' lang='grc' dir='ltr'><strong><em>ἦν</em></strong></span> <span class='ocrx_word' id='word_1_325' title='bbox 804 4266 963 4345; x_wconf 73' lang='grc' dir='ltr'><strong><em>Δέξιππος</em></strong></span> <span class='ocrx_word' id='word_1_326' title='bbox 991 4269 1017 4347; x_wconf 84' lang='grc' dir='ltr'><strong><em>β</em></strong></span> <span class='ocrx_word' id='word_1_327' title='bbox 1024 4269 1037 4332; x_wconf 97' lang='grc' dir='ltr'><strong><em>ί</em></strong></span> <span class='ocrx_word' id='word_1_328' title='bbox 1044 4293 1091 4335; x_wconf 91' lang='grc' dir='ltr'>αν</span> <span class='ocrx_word' id='word_1_329' title='bbox 1125 4279 1241 4354; x_wconf 74' lang='grc' dir='ltr'><strong><em>χρῆναι</em></strong></span> <span class='ocrx_word' id='word_1_330' title='bbox 1265 4274 1335 4343; x_wconf 82' lang='grc' dir='ltr'><strong><em>ποί·</em></strong></span> 
     </span>
     <span class='ocr_line' id='line_1_39' title="bbox 135 4373 1334 4458; baseline 0.009 -18"><span class='ocrx_word' id='word_1_331' title='bbox 135 4399 226 4458; x_wconf 76' lang='grc' dir='ltr'><strong><em>σχειν</em></strong></span> <span class='ocrx_word' id='word_1_332' title='bbox 250 4375 354 4444; x_wconf 75' lang='grc' dir='ltr'><strong><em>αὐτόν.</em></strong></span> <span class='ocrx_word' id='word_1_333' title='bbox 390 4377 465 4444; x_wconf 82' lang='grc' dir='ltr'><strong><em>Βίαν</em></strong></span> <span class='ocrx_word' id='word_1_334' title='bbox 488 4374 627 4458; x_wconf 76' lang='grc' dir='ltr'><strong><em>τοίσχειν</em></strong></span> <span class='ocrx_word' id='word_1_335' title='bbox 651 4394 713 4442; x_wconf 90' lang='lat' dir='ltr'>nou</span> <span class='ocrx_word' id='word_1_336' title='bbox 737 4384 785 4443; x_wconf 82' lang='lat' dir='ltr'>esi</span> <span class='ocrx_word' id='word_1_337' title='bbox 809 4373 989 4441; x_wconf 71' lang='lat' dir='ltr'>Graecum:</span> <span class='ocrx_word' id='word_1_338' title='bbox 1015 4375 1255 4449; x_wconf 81' lang='lat' dir='ltr'>emendandum</span> <span class='ocrx_word' id='word_1_339' title='bbox 1279 4392 1334 4456; x_wconf 80' lang='lat' dir='ltr'>esi</span> 
     </span>
    </p>
   </div>
   <div class='ocr_carea' id='block_1_5' title="bbox 0 0 1474 5010">
    <p class='ocr_par' dir='ltr' id='par_1_10' title="bbox 0 0 1474 5010">
     <span class='ocr_line' id='line_1_40' title="bbox 0 0 1474 5010; baseline 0 0"><span class='ocrx_word' id='word_1_340' title='bbox 0 0 1474 5010; x_wconf 95' lang='lat' dir='ltr'> </span> 
     </span>
    </p>
   </div>
  </div>
 </body>
</html>
