2940 5010
544 296 724 371 *45

110 470 148 534 lla
171 465 331 554 scriptum
354 470 420 531 nst:
452 461 615 549 μίνανδρος
640 467 672 532 ἐν
693 468 849 551 δακτυλίῳ
870 467 921 535 tsi
941 473 996 536 τοῦ
1019 466 1077 536 δοίν
1095 469 1213 548 οὑτοσί,
1235 476 1295 538 aui

110 573 264 655 κίναιδρος
286 572 317 637 ἕν
338 569 495 653 δακτυλίῳ
522 571 573 638 dari
602 577 657 640 τοῦ
684 573 776 640 δοίου·
791 575 849 650 τίς
875 575 939 658 γὰρ
967 574 1067 643 οὑτοσί
1094 574 1292 654 κακοδαίμων

110 679 165 764 ἔφυ
186 676 217 754 ὃς
241 680 295 745 οὐκ
317 673 357 743 a
380 677 445 742 κτὲ.
488 675 647 765 Gompnne
670 688 843 767 utramque
859 681 1007 747 vitiosam
1030 681 1225 767 scripturam
1238 680 1291 746 ἐσδ

110 791 156 852 τοῦ
177 783 233 851 δοίν
254 790 286 850 et
303 782 354 849 ἐτδ
379 785 434 847 τοῦ
457 778 532 849 διίου
554 791 588 850 et
607 802 682 852 ecce
706 783 859 852 emicabit
878 804 954 853 vera
980 786 1032 854 ἐπὶ
1061 790 1114 854 τοῦ
1145 789 1291 865 Δαναοῦ,

110 908 218 977 nempe
238 889 307 977 ipsc
331 894 395 965 est,
418 885 458 953 de
479 906 544 974 quo
566 888 646 957 haec
665 890 764 957 Poeta
783 888 882 969 dixit,

283 993 407 1067 Δαναὸς
430 992 444 1058 ὃ
467 995 661 1073 πεντήκοντα
683 997 858 1079 ίυγατέρυν
881 997 1003 1079 τατιίρ,

110 1116 197 1188 puem
221 1104 352 1166 versum
377 1117 416 1165 cx
439 1098 606 1187 Euripidis
624 1101 791 1186 ’λρχελιίῳ
814 1109 960 1169 sumtum
983 1100 1058 1189 quis
1084 1097 1210 1167 nescit?
1241 1099 1289 1165 lc·
1407 1156 1411 1161 .

110 1224 173 1272 :ose
201 1205 235 1271 in
258 1224 295 1271 ec
324 1222 421 1271 versu
448 1202 532 1273 ludit
560 1206 755 1275 Plutarchus
779 1206 819 1274 dc
844 1227 950 1274 amere
976 1205 1079 1295 prelia
1101 1224 1132 1293 p.
1153 1208 1230 1272 497.
1253 1204 1288 1270 B.

110 1308 303 1395 teredipetas
325 1309 504 1377 insectans:
822 1369 826 1375 .

281 1415 406 1491 Δαναδς
429 1421 443 1485 ί
465 1417 660 1495 τεντνίκοντα
682 1417 856 1501 ίυρασίραν
879 1419 984 1501 τουτίρ

110 1520 126 1586 ri
146 1518 274 1595 ἄτεκνος
298 1519 332 1598 ἦν
356 1522 502 1597 πλείονας
525 1520 565 1590 δν
583 1519 654 1605 εἶχε
677 1528 958 1606 κληρονομοῦντας,
981 1530 1015 1589 et
1040 1518 1191 1588 omnibus
1218 1527 1292 1589 crat

110 1625 290 1692 notissimus
322 1646 451 1706 versus,
486 1629 544 1713 qui
582 1626 708 1696 fabulae
742 1629 868 1715 primus
902 1635 990 1706 crat,
1025 1626 1088 1695 rid.
1123 1625 1290 1696 Plutarch.

110 1729 209 1797 Moral.
233 1751 264 1817 p.
286 1735 363 1798 837.
385 1732 423 1800 Ε.
469 1732 583 1821 ltaque
606 1733 796 1802 Ammonius
821 1735 890 1822 ipse
918 1735 966 1802 sic
996 1732 1188 1820 scripserat:
1213 1739 1290 1807 ταῖς

110 1837 132 1901 il
152 1838 169 1912 ἡ
190 1835 294 1912 δούλη.
341 1837 516 1920 Μένανδρος
536 1839 570 1904 ’ἐν
594 1839 762 1922 Δακτυλίῳ
784 1840 836 1906 ἐπὶ
859 1844 914 1907 τοῦ
938 1844 1082 1914 Δαναοῦ,
1105 1846 1138 1904 et
1162 1839 1209 1904 sic
1234 1837 1290 1904 Cu·

110 1941 178 2007 nici
195 1940 291 2007 rerba
308 1940 536 2018 subiunxerat;
560 1963 700 2031 namque
716 1945 763 2010 sic
780 1943 911 2012 demum
929 1942 1105 2031 apparebat
1120 1943 1289 2017 παιδίσκας

110 2044 166 2111 lici
186 2045 247 2120 τας
269 2046 447 2129 ἐλευίίρας,
473 2049 626 2135 quoniam
653 2049 781 2115 Danaus
802 2047 970 2117 dicebatur
999 2048 1193 2124 πεντήκοντα
1217 2072 1291 2115 ται·

110 2151 207 2226 ιίσκας
231 2150 336 2232 ἔχειν,
362 2151 445 2239 quud
470 2151 573 2220 facete
598 2152 722 2220 dictum
753 2172 823 2219 esse
845 2172 902 2239 pro
923 2153 1098 2236 θυγατέρας
1121 2151 1171 2219 vel
1194 2151 1290 2231 ίνγοί-

110 2280 169 2339 ιρια
192 2255 298 2343 palam
325 2266 414 2334 erat,
445 2258 579 2346 ideoque
610 2258 671 2326 hoe
700 2257 869 2326 Menandri
899 2259 1082 2326 testimonio
1109 2256 1291 2325 luculenter

109 2360 340 2428 lemcnstratur
367 2362 453 2450 quod
484 2364 723 2431 Grammaticus
750 2363 887 2432 volebat.
940 2363 1132 2431 Ammonius
1161 2363 1290 2450 saepius

110 2468 148 2533 ric
169 2467 201 2533 in
222 2465 322 2533 simili
345 2486 381 2535 re
401 2465 489 2555 loqui
517 2468 614 2549 solet,
640 2476 676 2536 ut
704 2471 738 2536 in
761 2490 792 2536 v.
815 2469 970 2552 Τύραννος
994 2488 1024 2555 p.
1049 2473 1123 2536 138.
1145 2467 1291 2551 τύραννον

110 2575 126 2640 t
145 2575 273 2657 ἀρχαῖοι
291 2572 344 2640 καί
366 2573 417 2639 ἐπί
436 2575 595 2655 βασιλέυς
614 2577 756 2644 ἔτασσον.
790 2573 946 2658 Ἥρίδοτος
964 2573 1015 2641 ἐπὶ
1033 2574 1173 2658 Κροίσου·
1193 2572 1289 2663 (1.6.)

110 2678 242 2762 τύραννος
262 2679 293 2745 δὲ
311 2679 414 2746 ἒίνίαν
436 2680 507 2770 (τῶν
525 2682 609 2757 ἐντὸς
627 2682 743 2756 “Annos
761 2678 920 2768 ποταμοῦ)
937 2678 991 2746 καί
1011 2678 1154 2760 ὑτοβοίς·
1167 2678 1205 2768 (l.
1217 2678 1287 2767 26.)

110 2787 344 2862 ·ελευτιίσαντος
366 2785 397 2851 δὲ
422 2784 605 2852 Ἀλυάττεω
627 2785 783 2863 διεδέξατο
804 2787 861 2862 τίρν
882 2784 1069 2864 βασιληίην,
1083 2821 1201 2847 -—.
1227 2783 1290 2850 ἔσθ’

110 2887 150 2958 ίτε
171 2890 224 2957 καί
247 2890 299 2956 τὸν
322 2891 465 2973 τύραννον
492 2890 633 2967 βασιλέα
664 2890 793 2970 ἔλεγον,
819 2894 859 2966 ὠς
881 2890 1020 2965 Εὔπολις
1041 2891 1073 2957 ἕν
1092 2892 1211 2971 Διίμοις
1234 2891 1286 2957 dari

110 3000 151 3063 οὔ
168 2995 383 3079 Πεισιτρσίτσυ.
430 2995 549 3062 [ladem
572 2997 673 3082 igitur
697 2997 790 3063 mcdn
813 2997 970 3084 scriptum
992 2994 1091 3062 luisse
1113 2996 1287 3078 Μένανδρος

110 3107 129 3168 ’ν
152 3100 321 3184 Δακτυλίῳ
340 3101 391 3168 ἐπὶ
414 3106 468 3168 τοῦ
491 3107 619 3168 Δαναοῦ
644 3103 724 3168 satis
744 3110 868 3168 certum
889 3108 957 3179 est,
979 3108 1012 3166 at
1032 3100 1101 3186 ipse
1119 3099 1287 3166 Menandri

110 3207 222 3274 trimus
250 3207 398 3274 senarius
435 3213 499 3272 tam
531 3205 614 3272 male
646 3205 808 3272 mulcatus
834 3213 884 3273 est
905 3213 939 3273 et
968 3203 1124 3283 mutilus,
1157 3210 1194 3272 ut
1219 3205 1287 3292 ipsa

110 3319 208 3379 tettae
237 3311 333 3381 verba
356 3333 394 3380 ex
418 3312 458 3378 iis
480 3310 629 3377 sordibus
658 3309 798 3397 exsculpi
826 3332 887 3378 non
912 3311 1044 3399 possint.
1091 3309 1190 3377 Multa
1212 3330 1285 3376 enn-

110 3418 204 3495 icias,
228 3417 345 3503 quibus
356 3417 518 3485 sententia
534 3425 565 3483 et
586 3423 725 3483 metrum
739 3415 946 3504 probabiliter
956 3417 1158 3496 sarciantur,
1171 3414 1285 3484 veluti:
1409 3499 1412 3506 Ι

297 3524 345 3597 τίς
368 3521 432 3606 γοίρ
456 3524 523 3589 τοί
546 3519 623 3588 οὕτω
646 3546 676 3587 τι
700 3521 896 3602 κακοδαίμων
919 3523 968 3603 ἦν,
991 3522 1070 3607 ἔφη,

110 3627 145 3696 'el
297 3627 345 3702 τίς
368 3626 431 3710 yda
455 3630 522 3695 τοί
544 3625 639 3702 οὕτως
663 3627 709 3697 tet
733 3628 948 3707 κακοδαίμων,
973 3627 1057 3711 ἔφη,

110 3732 144 3802 ’σί
167 3730 273 3800 simile
296 3731 391 3818 quid,
416 3732 471 3800 scd
497 3733 575 3800 nihil
605 3732 689 3818 quod
719 3741 844 3800 certum
869 3742 901 3801 et
924 3732 1054 3801 evidens
1086 3734 1129 3800 sit
1154 3755 1193 3802 cx
1213 3755 1283 3803 cnr·
1332 3755 1333 3758 ’

112 3838 293 3927 uptissimis
312 3837 458 3927 reliquiis
477 3838 597 3906 elicias.
646 3837 812 3906 Sententia
838 3838 952 3907 saltem
981 3838 1042 3906 loci
1072 3838 1159 3906 salva
1183 3849 1233 3907 est
1250 3848 1283 3906 ct

110 3944 315 4014 estimonium
337 3954 425 4012 recte
447 3953 480 4013 et
501 3943 615 4012 ordine
636 3942 771 4010 dictum.
1264 4012 1268 4026 ¹

139 4050 239 4118 Multa
274 4071 361 4118 nunc
392 4050 558 4119 Menandri
589 4050 718 4117 nomine
748 4050 1041 4129 circumferuntur,
1072 4070 1154 4138 quac
1190 4069 1283 4118 num·

110 4175 192 4245 [uam
216 4157 256 4223 ab
286 4178 323 4225 ec
345 4157 468 4244 scripta
490 4165 576 4224 suut.
626 4158 751 4223 Morum
774 4155 838 4222 dun
865 4154 932 4222 iere
958 4164 1035 4222 sunt
1061 4176 1197 4241 genera:
1220 4154 1284 4225 alia

110 4263 184 4332 enim
209 4262 240 4329 ei
259 4262 298 4329 alt
321 4263 553 4330 nerentissimis
578 4262 745 4330 Graeculis
775 4261 881 4329 afficta
907 4271 985 4330 sunt
1005 4281 1044 4329 ea
1065 4262 1209 4330 oratione
1230 4262 1285 4330 iis

110 4389 160 4456 pue
182 4368 328 4438 numeris
351 4370 486 4456 scripta,
508 4368 619 4458 quales
638 4366 751 4436 edocta
770 4377 802 4434 et
823 4367 984 4454 decrepita
1005 4367 1139 4436 Graecia
1159 4366 1288 4437 effutire

1033 4475 1066 4517 r·
