2940 5010
760 263 824 326 552

367 436 496 516 μέγιςον
520 435 622 515 drudes
646 436 817 519 ἐγκεφάλῳ
840 434 964 518 χρκςάς
988 444 1095 502 ποιεῖν.

188 541 272 630 apud
292 540 486 607 Clementem
510 551 603 608 vetus
623 542 784 627 scriptura
810 549 967 608 ΡΕΙΝΛΣ
992 560 1050 627 pro
1068 547 1152 625 ῥῖνας
1177 542 1318 613 absurde
1338 548 1373 613 in

187 657 299 731 χεῖρας
323 645 433 713 redata
456 655 516 713 est.
562 645 737 713 Menander
757 645 843 733 apud
866 646 1053 733 Harpocrat.
1078 666 1107 713 ν.
1131 652 1265 726 Κσκσίου
1299 652 1375 726 Διίο

190 755 224 819 in
244 751 342 820 codd.
367 750 487 818 dixisse
515 761 687 818 narratur:

436 856 554 939 ἔχοντα
576 860 612 925 τὸ
634 866 764 936 ταμεῖον
785 859 820 922 oo
843 855 1080 936 κεκλεισμένον,

189 962 301 1030 sedulo
331 972 471 1043 ταμιεῖα
501 970 681 1049 reponunt,
714 960 771 1028 sed
803 959 914 1028 ecdem
947 961 1018 1029 iure
1050 962 1170 1051 ubique
1201 962 1376 1032 utendum.

189 1068 271 1135 Solis
290 1068 389 1135 leriae
407 1070 441 1134 in
461 1067 568 1134 insula
587 1065 699 1134 Rhodo
715 1067 759 1133 σά
778 1067 900 1133 ‘neten
917 1067 1124 1153 appellandae
1142 1078 1240 1136 erunt
1258 1070 1375 1137 etiarn·

188 1175 215 1240 si
240 1194 351 1240 omnes
381 1172 477 1239 Codd.
507 1180 620 1239 contra
644 1170 786 1239 stabunt.
834 1168 927 1258 Apud
962 1169 1077 1238 Athen.
1113 1194 1144 1261 p.
1170 1178 1233 1241 oct
1265 1174 1304 1241 ll.
1338 1177 1375 1241 in

188 1278 262 1345 (led.
286 1279 447 1345 llarciane
476 1287 545 1346 est:
580 1277 665 1362 ρίδιοι
690 1280 721 1345 δὲ
742 1277 786 1344 σά
808 1293 903 1344 αιιεια
935 1275 1019 1366 (sine
1042 1278 1216 1368 accentu),
1239 1280 1274 1347 in
1297 1300 1375 1369 ape-

187 1383 320 1470 grapbis
350 1385 394 1450 σά
426 1382 525 1462 άιιια,
557 1403 726 1471 perperam
758 1392 942 1470 utrumque.
996 1382 1090 1469 Apud
1125 1383 1302 1452 Aristidem
1339 1387 1375 1452 in

187 1486 350 1553 Rhodiaca
378 1488 418 1555 Il.
454 1510 484 1575 p.
508 1492 584 1555 598.
620 1487 710 1554 Cant.
741 1492 794 1555 σίν
827 1495 886 1555 τῶν
918 1490 1030 1556 ‘Abies
1059 1490 1168 1569 άγῶνοι
1199 1492 1374 1572 ποιήσετε,

186 1593 336 1680 pessime.
383 1594 481 1661 Recte
502 1594 547 1659 σά
569 1594 632 1675 γάρ
656 1594 778 1660 Ἀιιίεια
798 1593 842 1660 τά
860 1594 996 1674 μεγάλα
1015 1592 1171 1661 dicuntur
1188 1612 1207 1660 a
1230 1594 1377 1684 Lysippo

187 1699 315 1765 Gomico
338 1698 422 1785 apud
445 1699 678 1766 dicaearchum
703 1701 736 1764 in
764 1698 924 1786 Descript.
948 1698 1059 1767 Gracc.
1091 1698 1116 1789 S
1140 1703 1170 1765 l.
1218 1699 1376 1767 Recurrit

186 1805 305 1871 vitium
324 1804 409 1871 idcm
433 1804 518 1892 apud
541 1803 704 1870 lulianum
730 1824 801 1891 pag.
827 1808 890 1871 tto
914 1803 947 1870 G.
978 1813 1042 1880 τοῖς
1063 1805 1191 1886 Κρονίοις
1216 1805 1374 1873 συνάπτει

186 1909 229 1975 σά
245 1909 345 1976 Ἥιιια
367 1929 426 1998 pro
447 1912 580 1977 Ἡιιίεια.
627 1909 778 1976 Formam
810 1910 952 1977 nominis
982 1909 1145 1995 analogiae
1175 1909 1263 1995 leges
1293 1910 1374 1977 sub·

185 2014 323 2093 iiciunt,
358 2035 421 2081 non
453 2015 550 2094 libri,
584 2016 703 2104 quibus
733 2016 762 2081 si
788 2013 953 2082 credimus
984 2014 1161 2095 Λυσάνδρια
1194 2014 1228 2081 in
1260 2014 1372 2083 insula

186 2117 281 2186 Samo
302 2118 462 2187 celebrata
485 2119 627 2188 luerunt.
674 2121 728 2186 Bis
756 2120 842 2187 enim
867 2121 930 2186 ista
960 2120 1121 2206 scriptura
1145 2121 1177 2185 in
1201 2118 1295 2187 libris
1320 2140 1373 2189 re·

185 2225 291 2290 currit
323 2224 407 2312 apud
442 2224 606 2293 Plutarch.
640 2224 779 2315 bysand.
804 2224 918 2292 XVlll.
953 2224 1009 2291 sed
1042 2226 1215 2291 contemtis
1248 2224 1372 2294 scribis

183 2328 377 2411 Λυσάνδρεια
408 2329 508 2397 luisse
539 2329 730 2397 tenebimus.
778 2330 869 2417 Apud
894 2328 1116 2419 Thucydidem
1140 2330 1166 2397 l.
1191 2333 1245 2397 bd.
1277 2354 1372 2414 κκρυ-

184 2433 249 2499 κίου
270 2433 468 2501 confidenter
491 2434 690 2501 mutabimus
710 2436 742 2500 in
767 2437 941 2518 κηρυκείου,
967 2442 1000 2502 el
1023 2436 1049 2502 l.
1074 2438 1129 2501 99.
1152 2434 1371 2517 λειω-κεράτιον

185 2539 218 2603 in
238 2537 455 2620 λιποςράσιον,
478 2547 510 2605 et
532 2539 586 2606 lv.
600 2543 654 2605 ot.
678 2540 839 2606 Ἐνυάλιον
863 2542 897 2606 in
921 2541 1125 2618 Ἐνυαλίειον,
1146 2540 1239 2607 libris
1259 2538 1371 2608 valere

186 2644 304 2721 iussis,
327 2642 509 2730 analogiam
533 2664 596 2711 usu
623 2644 847 2713 confirmatam
871 2647 983 2713 secuti.
1032 2644 1111 2726 Quis
1134 2644 1243 2712 credet
1271 2644 1370 2713 libris

183 2747 386 2831 Ἀρχιδάμιος
410 2749 547 2828 stasne
570 2748 728 2818 Graecum
752 2770 823 2818 esse
846 2757 903 2817 aut
926 2750 1091 2832 trinodum
1109 2757 1165 2816 aut
1185 2748 1369 2833 άριεάρχιορ

184 2866 239 2921 aut
263 2856 407 2921 σοσειδῶν
430 2853 614 2939 άσφάιιισςί
651 2853 844 2942 Saepissime
865 2854 944 2922 baec
967 2863 1000 2922 et
1019 2854 1081 2921 alia
1101 2853 1134 2920 id
1158 2872 1261 2940 genus
1278 2874 1370 2923 cum-

183 2969 298 3049 parent
321 2959 466 3027 inlibris
489 2958 649 3026 omnibus.
696 2960 814 3026 llultos
837 2959 948 3027 lelellit
967 2959 1107 3042 καίάριος
1129 2979 1187 3047 pro
1206 2958 1369 3044 καίιίρειοο

183 3069 363 3153 seriptum,
395 3074 427 3132 et
454 3073 531 3131 sunt
564 3064 625 3131 leci
649 3064 901 3133 innumerabiles
929 3064 1020 3132 ubil
1051 3066 1286 3152 scriptumest
1309 3066 1369 3135 seu

183 3182 225 3240 El
250 3181 300 3238 est
322 3191 397 3238 uera
429 3172 609 3257 scriptura,
639 3180 696 3238 aut
719 3178 831 3237 centra
855 3169 911 3238 ubi
932 3180 975 3238 ΕΙ
998 3190 1057 3258 pre
1079 3196 1089 3237 ι
1112 3168 1270 3256 producto
1292 3190 1369 3239 exa·

182 3286 291 3344 ratum
315 3285 381 3354 est,
405 3283 442 3342 ul
462 3277 495 3341 in
515 3280 670 3359 Ὄσειρις,
693 3277 861 3358 Βούσειριο,
884 3277 979 3358 νείφει
1001 3295 1059 3363 pro
1076 3276 1170 3359 νίφα,
1192 3275 1368 3359 duarum,

181 3381 310 3464 μεῖξαι,
344 3388 501 3458 oresium,
523 3381 596 3468 lalia
619 3384 809 3459 innumera,
840 3388 899 3446 aut
923 3379 1020 3470 (quod
1044 3380 1145 3446 multe
1167 3382 1277 3448 rarius
1300 3382 1366 3473 est)

181 3514 208 3555 σι
229 3507 288 3574 pro
309 3512 318 3553 ι
343 3493 492 3572 correpto
521 3495 571 3552 est
600 3488 751 3573 pesitum.
799 3485 911 3571 ltaque
939 3486 1161 3574 inscriptura
1191 3485 1369 3555 cuiuslibet

182 3591 328 3660 vocabuli
358 3590 539 3658 definienda
571 3599 628 3656 aut
650 3588 841 3676 corrigenda
872 3590 954 3657 nibil
977 3591 1077 3659 relert
1103 3597 1216 3657 utrum
1237 3616 1264 3657 ει
1287 3609 1333 3659 an
1355 3618 1367 3659 ι

184 3701 217 3765 in
241 3696 337 3764 todo.
361 3695 497 3782 legetur.
545 3695 643 3762 Nemo
669 3694 751 3761 mibi
779 3713 841 3761 non
871 3694 961 3762 dabit
987 3697 1020 3762 in
1045 3695 1142 3784 Lysia
1160 3694 1212 3762 Vl.
1237 3701 1270 3763 l.
1295 3716 1369 3786 ¹pru

183 3810 447 3872 ΘΤΣΙΛΣΟΤΣΙ
471 3800 698 3888 corrigendum
722 3820 792 3867 esse
814 3803 919 3877 ίυσίας
941 3803 1046 3879 ldae,
1069 3810 1126 3867 aut
1148 3810 1262 3870 eontra
1285 3801 1370 3871 Gan·

182 3921 252 3978 tero
276 3906 362 3997 apud
382 3905 546 3974 Alexidem
577 3906 693 3974 Athen.
724 3926 756 3994 p.
773 3911 838 3973 692
863 3908 899 3973 li.
923 3927 981 3994 pre
1004 3908 1101 3973 σείίει
1124 3909 1234 3991 ίαρρῶν
1258 3907 1369 3997 ipsam

181 4024 294 4105 poetae
322 4032 454 4081 manum
487 4032 559 4079 esse
580 4014 644 4080 σΐίι
664 4015 795 4094 ίαρρῶν,
820 4021 853 4079 et
876 4024 926 4079 est
949 4010 1060 4079 eadem
1089 4012 1306 4100 perspicuitas
1329 4018 1365 4084 in

180 4119 350 4210 permultis
384 4117 466 4184 aliis.
514 4117 645 4199 Quoties
672 4127 780 4185 autem
806 4128 849 4185 ΕΙ
873 4118 981 4205 prisco
1004 4137 1092 4185 mere
1116 4119 1275 4206 scriptum
1304 4140 1372 4209 pru

75 4246 77 4252 ’
180 4254 189 4293 ι
214 4225 368 4312 producto
391 4221 504 4290 turbas
527 4222 637 4303 dedit,
662 4232 697 4290 ut
721 4224 754 4288 in
778 4220 809 4297 ὃς
832 4224 860 4290 δ’
884 4225 1079 4302 fortunatae
1102 4224 1128 4289 εί
1153 4224 1208 4290 καί
1230 4242 1290 4311 pre
1313 4228 1369 4295 εῦ-

179 4332 325 4415 abeceias
344 4336 414 4415 νικᾷ
438 4330 471 4396 in
494 4328 645 4398 Valcken.
672 4328 816 4398 Dialribe
838 4349 869 4416 p.
892 4333 970 4397 dot.
994 4338 1027 4398 el
1049 4330 1163 4414 κρείονε
1185 4348 1243 4418 pro
1265 4332 1368 4415 κριούς
