2940 5010
703 293 745 353 58

135 477 168 534 et
191 466 238 531 sie
257 480 369 531 omues
399 461 552 529 solebant.
598 462 692 529 certa
720 460 902 549 corruptela
935 463 984 530 sir
1012 464 1121 531 sanari
1149 466 1276 553 peterit
1300 473 1335 533 ut

137 571 317 638 scribatur:

319 675 365 757 ptr
387 679 477 741 τοῦτο
500 672 663 756 pippine?
686 674 712 739 ri
736 674 874 755 νεώτερος
897 673 983 753 λίγα

321 780 361 847 ἂν
383 775 419 847 οὗ
441 786 620 864 Φρονοῖιιπος
642 780 713 854 ποὺς
734 780 847 859 λόγους
869 780 976 862 ἀνδρὸς
998 778 1097 859 λέγω.

142 887 197 956 ubi
225 886 325 954 semei
346 884 472 954 mribus
501 904 611 953 errore
632 885 794 968 μέμψυοέ
819 886 852 951 in
874 887 1001 970 βλέψρς
1023 883 1105 953 abiit
1124 892 1279 965 emma,
1299 894 1337 957 ut

144 993 201 1072 fit,
225 992 374 1059 indoctus
397 999 560 1057 corrector
578 989 618 1057 ad
639 989 726 1058 hune
746 1008 888 1058 errorem
911 988 1179 1059 accommodarit.

187 1098 337 1165 Creditur
356 1095 530 1165 Menander
544 1095 678 1174 dixisse,
702 1103 784 1164 teste
804 1096 1016 1183 grammatico
1036 1096 1071 1164 in
1090 1096 1192 1165 netu.
1215 1094 1334 1167 met.

142 1224 172 1291 p.
195 1208 272 1272 ιιι.

322 1309 363 1383 ὥς
386 1309 481 1388 μηδὲν
504 1308 746 1391 ιίποκρινουμένω
767 1309 795 1375 δ’
814 1305 892 1376 οὕτω
914 1314 1038 1376 λαλεῖν.

144 1413 199 1481 sed
224 1433 287 1479 nun
309 1413 389 1480 satis
411 1413 517 1481 Attice
540 1412 619 1481 haee
641 1412 729 1480 dieta
752 1419 846 1481 sunt:
870 1414 1050 1501 requiritur
1069 1413 1157 1481 enim
1178 1416 1220 1489 ως
1240 1412 1327 1493 undis

142 1518 395 1600 ἀποκρινουμένου
418 1521 445 1586 δ’
467 1518 544 1586 οὕτω
566 1520 682 1598 λοίλει,
705 1520 782 1606 quia
801 1528 988 1587 constanter·
1009 1520 1043 1585 in
1068 1518 1126 1585 mli
1151 1536 1188 1587 re
1207 1518 1326 1607 partiti·

145 1628 234 1713 pium
257 1623 402 1692 absolute
423 1623 525 1691 solent
546 1644 685 1712 ponere,
709 1625 801 1691 utin
824 1624 966 1691 Platonis
988 1622 1322 1714 Euthydemnpwir

144 1732 179 1797 B.
203 1733 242 1805 ὡς
265 1730 517 1811 οίποκρινουροένου
540 1731 655 1813 ἐρίπα,
677 1729 734 1796 nbi
750 1731 1001 1811 ἀποκρινούμενον
1024 1730 1102 1798 ferri
1125 1750 1191 1799 nun
1215 1736 1323 1821 putet,

144 1843 178 1902 et
199 1834 386 1923 saepissime
407 1836 455 1902 sie
478 1834 563 1923 apud
584 1835 746 1902 Platonem
769 1843 802 1902 et
821 1835 900 1903 aiios
916 1834 1046 1921 iegitur.

191 1939 258 2006 Non
290 1941 400 2007 minus
426 1940 512 2027 apud
534 1940 745 2008 Menandrum
771 1958 868 2028 quam
900 1939 987 2028 apud
1018 1949 1163 2010 caeterea
1184 1941 1322 2031 nequet

146 2055 194 2112 est
214 2045 329 2112 vitium
353 2048 578 2134 perimpium,
602 2046 696 2135 quale
727 2046 926 2134 conspicitur
949 2048 983 2113 in
1005 2046 1057 2115 iria
1079 2046 1228 2117 versibus
1249 2042 1322 2137 epti

148 2150 262 2218 Athen.
283 2153 321 2220 Χ.
347 2157 423 2219 454.
447 2152 480 2218 C.

687 2259 822 2330 κοτύλους
840 2262 958 2341 χωροῦν
981 2258 1056 2326 δέκα

328 2361 358 2426 ἕν
381 2363 592 2447 Καππαδοκίᾳ
614 2363 703 2430 κίνδυ
724 2368 880 2445 χρυσοῦν,
904 2365 1085 2444 Στρουθία,-

327 2468 391 2547 πρδς
416 2466 534 2545 ἐξέπιον
556 2469 651 2548 μεςέν
674 2475 719 2548 γ’.
742 2480 777 2534 Β.
800 2465 1004 2551 Ἀλεξάνδρου
1026 2470 1121 2567 πλέον

326 2579 381 2640 ποῦ
404 2575 560 2654 βασιλέως
584 2575 745 2648 πέπωκας.

147 2675 272 2764 quidsi
296 2674 428 2746 dixisset
447 2678 650 2762 Ἀλεξάνδρου
673 2680 766 2747 πλέον
790 2678 939 2753 πέπωκας
959 2704 1025 2761 γε,
1046 2679 1159 2765 eequis
1178 2678 1240 2747 hod
1258 2678 1348 2749 ίαὶί·

147 2802 240 2869 posse
263 2782 417 2869 putaret?
454 2793 573 2851 utnon
598 2787 707 2853 minus
736 2786 887 2852 insanum
911 2793 961 2853 est
990 2783 1167 2872 gloriosum
1198 2785 1328 2857 mittun

147 2886 307 2955 dicentem
332 2887 454 2956 iacere:
477 2890 542 2972 πρὶς
566 2889 682 2968 έξέπιοι
704 2891 800 2971 ueste
821 2915 885 2972 γε,
909 2890 966 2957 ubi
986 2915 1028 2971 γε
1048 2897 1107 2958 aut
1129 2888 1212 2956 nihii
1234 2890 1330 2959 emni-

147 3013 189 3058 no
212 2994 395 3080 signifieat,
417 2993 503 3081 quod
526 2993 646 3083 ubique
670 2995 847 3063 absurdum
864 3004 931 3074 est,
954 3003 1013 3063 aut
1036 2996 1122 3064 idam
1143 2995 1232 3084 quud
1252 3012 1330 3067 m

146 3119 204 3187 per
220 3099 397 3186 signifieat,
420 3098 505 3187 qued
524 3108 573 3168 est
592 3103 626 3167 in
645 3100 706 3168 hoe
724 3101 793 3168 loeo
811 3100 1000 3169 absurdum.
1047 3100 1172 3169 Addam
1192 3104 1331 3191 primu

147 3203 211 3270 duo
239 3205 300 3272 ulia
322 3202 467 3294 exempla
495 3203 639 3273 eiusdem
660 3206 733 3273 vitii
759 3205 845 3294 apud
867 3205 1097 3287 Menandrum,
1125 3204 1245 3278 deinde
1272 3208 1333 3277 u'n·

148 3309 232 3392 gulis
255 3330 349 3397 opem
380 3310 493 3379 ieram.
539 3311 706 3379 Menandri
732 3311 903 3379 eonsilium
927 3332 996 3380 esse
1022 3316 1215 3401 putatur-iu
1249 3310 1333 3385 sut,

148 3413 255 3480 morit.
279 3416 371 3483 LXX.
399 3421 429 3482 7.

327 3521 374 3588 δύ’
395 3520 467 3602 tet’,
491 3518 514 3589 ἃ
534 3530 632 3604 κρῖναι
655 3522 708 3589 πδν
730 3530 851 3603 γαμεῖν
868 3523 1030 3603 μέλλοντα
1052 3525 1101 3591 δεῖ

329 3626 394 3703 drot
418 3637 550 3709 προσηνῆ
570 3630 606 3708 γ’
628 3628 698 3710 tun
722 3628 740 3705 δ
763 3628 878 3711 κινοδν
901 3628 1022 3711 τοίνυν·
1177 3704 1181 3710 .

147 3726 285 3795 alterum
306 3740 356 3797 est
378 3732 463 3819 apud
486 3732 583 3801 Ciem.
609 3732 697 3801 dien.
724 3731 843 3800 Strom.
863 3734 904 3800 11.
929 3754 960 3821 p.
977 3739 1053 3803 502.

600 3841 716 3908 παίδων
738 3840 789 3906 ἐπ’
811 3839 910 3924 οίρίπῳ
928 3843 1060 3920 γνησίων

397 3942 506 4023 δίδωμί
524 3946 573 4012 roi
594 3968 635 4026 γε
657 3947 713 4021 πέιν
736 3946 874 4026 ίμαυποῡ
897 3947 1066 4029 έυγαπέρα.

146 4045 338 4114 Incredibile
356 4044 447 4114 diutu
469 4056 519 4115 est
538 4070 635 4137 quam
657 4058 779 4119 temere
798 4049 875 4117 oiim
896 4050 1041 4131 librarii,
1063 4048 1180 4119 deindo
1197 4050 1338 4125 edium

144 4151 290 4218 vneniam
312 4176 372 4232 γε,
396 4153 528 4240 perinde
544 4175 581 4223 ae
605 4157 633 4222 si
656 4155 737 4224 nihii
756 4157 888 4224 omnino
906 4156 1124 4244 signidearet,
1146 4155 1187 4226 de
1207 4178 1269 4226 suu
1287 4160 1340 4227 nn

145 4254 260 4323 seruire
287 4258 430 4338 soleant,
460 4258 655 4350 ubicumque
687 4260 793 4350 aliqua
825 4266 932 4337 metri¹
949 4262 1038 4332 tates
1067 4262 1249 4332 remedium
1280 4270 1338 4333 ant

144 4362 402 4448 supplementum
426 4365 574 4434 videatur
597 4369 735 4456 erigere.
783 4369 920 4440 Difficile
951 4370 1095 4438 estsine
1122 4370 1193 4438 risu
1220 4370 1336 4440 roera-
