2940 5010
643 278 707 340 569

105 450 146 521 in
170 452 292 521 idonea.
313 451 366 518 Vi.
392 472 432 519 u.
460 454 511 517 te.
544 448 751 517 scribendum
775 460 825 518 est
854 452 1024 531 ἀγγέλλων
1053 472 1110 540 pro
1141 456 1245 533 νὶγγε·

57 566 123 627 λῦε
146 560 182 625 iu
205 558 332 626 verbis:
355 556 371 623 d
392 560 452 637 μέν
473 559 516 629 εἷς
539 560 594 634 τὴν
617 557 839 637 Ανκεδιιέμονοι
871 559 1059 636 ἀγγελῶν
1091 560 1127 625 τὸ
1151 559 1247 633 πιέέος

57 666 268 749 δφιιινεῒτιιι,
291 665 385 731 cuius
407 662 616 729 correctionis
633 669 665 728 et
690 664 771 728 ratio
793 672 904 750 aperta
926 672 974 729 est
1000 672 1033 729 et
1055 664 1162 730 mendi
1186 666 1249 731 ori·

61 788 104 857 go
126 772 309 859 perspicua.
358 768 442 851 Quid
465 776 512 835 est
544 768 631 834 enim
662 769 694 833 in
723 766 816 834 libris
850 766 1050 854 frequentius
1082 790 1179 856 quiam
1213 780 1249 837 ut

61 876 164 943 umet
188 876 352 943 scribatur
383 894 563 941 consonans
582 893 679 961 quam
711 874 907 959 geminatam
931 874 1118 959 oportebat?
1166 876 1250 942 Nus·

62 1084 111 1153 tte
129 1084 217 1175 apud
241 1085 330 1154 stou.
364 1084 475 1153 Flauii,
495 1084 586 1151 XCV.
611 1090 665 1151 21.
697 1087 756 1151 τῶν
781 1084 922 1151 τοιούτων
944 1088 1109 1168 φροντίδων
1131 1111 1182 1164 μοι
1205 1087 1250 1152 δο-

61 1198 116 1257 κεῖ
137 1194 154 1259 d
174 1190 289 1265 ἄπιος
312 1190 480 1269 λελυμένος
504 1194 583 1258 πολὺ
607 1191 833 1273 εὖτχολῶτερος
858 1186 957 1267 εἷνοιι,
982 1190 1035 1256 ubi
1064 1191 1080 1256 d
1102 1194 1250 1265 Ἄττιος,

62 1292 98 1363 id
117 1296 381 1373 asceteriorum,
413 1296 630 1382 reponendum
655 1316 724 1363 esse
741 1295 903 1385 intellexi.
950 1294 1038 1362 idem
1064 1297 1125 1362 iam
1156 1304 1250 1363 antea

61 1400 267 1471 abieinekio
295 1410 459 1489 repertum
494 1421 564 1469 esse
596 1401 635 1468 ab
666 1404 735 1489 ipso
767 1400 941 1468 admoneor
972 1402 1002 1466 in
1041 1400 1174 1489 praefat.
1209 1402 1250 1468 ad

63 1502 156 1576 stou.
177 1506 368 1577 utorium.
402 1527 432 1594 ρ.
455 1526 561 1573 xxxiv.
610 1506 696 1573 Dabo
718 1506 861 1573 eiusdem
885 1510 1004 1575 erroris
1035 1508 1123 1575 aiiud
1145 1528 1251 1574 exem·

66 1608 169 1693 ρΙιιιλι.
215 1612 355 1681 Galenus
378 1614 411 1678 in
432 1610 513 1677 libro
535 1610 574 1678 de
594 1610 706 1699 Simpi.
732 1612 896 1679 Medicam.
922 1614 1011 1680 'imm
1028 1614 1097 1681 uu.
1122 1634 1152 1702 ρ.
1176 1618 1250 1682 194.

67 1710 178 1789 Kubu.
201 1716 321 1786 beilum
345 1738 460 1805 gerens
480 1721 554 1800 πρὸς
576 1721 647 1791 τοὺς
671 1719 879 1797 ἐπιτιμῶντας
902 1727 966 1793 τοῖς
989 1722 1186 1803 σολοικίζοντι
1209 1730 1250 1803 τῇ

14 1834 19 1841 “
69 1822 156 1907 Φιιιῡ
178 1832 346 1911 postquam
372 1823 604 1891 demonstravit
634 1823 765 1889 Veteres
794 1821 913 1889 dixisse
946 1826 1026 1891 λίνον
1058 1826 1251 1906 stuariam,

73 1930 194 2005 πρέπειν
215 1938 300 2007 cet,
332 1950 395 1996 uon
418 1933 582 2009 αἱματῖτιν
611 1936 642 1993 et
669 1936 812 2008 πνρῖτιν,
838 1930 883 1994 ita
907 1932 1031 2015 pergit:
1056 1931 1193 2010 ἔμπιιλιν
1217 1934 1250 1998 δὲ

77 2028 131 2103 ἣν
151 2036 267 2116 πέτραν
291 2036 418 2113 λέγοντι
447 2036 581 2109 θηλυκῶς
616 2036 648 2098 οὐ
684 2036 735 2099 τὸν
764 2034 870 2115 πέτρον
902 2038 1070 2117 ἀρρενικῶς.
1118 2040 1200 2104 'Ari
1206 2062 1248 2103 νιν

74 2124 113 2195 ⁰5
134 2142 247 2222 πέτραν
280 2144 334 2207 οὐκ
364 2143 491 2206 Ἄσιον
527 2140 634 2219 πέτρον
660 2142 712 2205 τὸν
744 2138 823 2204 λίθον
849 2142 990 2207 Ἄσιον.
1023 2140 1099 2208 οὕτω
1132 2143 1163 2208 δὲ
1195 2145 1248 2209 uxi

73 2226 197 2321 Ἀτέας
227 2246 344 2327 πέτροις
373 2243 471 2317 ἄνθος.
519 2242 663 2310 Emenda
679 2248 808 2309 ’Ἄττιον
832 2256 865 2309 et
890 2248 1020 2312 Ἀοτέιιν
1049 2254 1081 2313 et
1105 2250 1248 2322 Ἀππίοις.

67 2326 192 2417 hasim
218 2350 327 2431 μέλειν
361 2369 417 2436 pro
451 2349 579 2429 μέλλειν
607 2349 762 2415 scribitur
784 2359 816 2415 et
840 2352 994 2429 οὶγγέλον,
1018 2354 1156 2430 ἤγγελον
1186 2363 1248 2420 cet.

61 2446 258 2523 uodemutu
271 2454 444 2522 admodum
466 2456 633 2541 imperite,
657 2456 881 2540 ιριιίλῆγγελνν
902 2458 1088 2543 saepissime
1109 2459 1140 2524 in
1159 2458 1251 2526 tibris

57 2560 279 2639 muniebat,
312 2561 470 2626 norisium
501 2559 677 2625 secundum
711 2580 779 2626 esse
801 2565 975 2630 commenti
1007 2572 1142 2631 suntet
1170 2564 1251 2631 duas

54 2644 187 2733 bfmas
209 2668 350 2745 ἤγγειλεν
374 2673 407 2731 et
430 2666 567 2743 ἥγγελον
591 2665 722 2752 perinde
748 2668 883 2733 usitatas
914 2688 993 2735 esse.
1042 2669 1103 2735 Sed
1130 2690 1168 2736 ea
1197 2692 1250 2736 res

53 2752 160 2841 rhua
179 2791 199 2839 ιι
219 2771 413 2839 Graecitatis
448 2770 575 2855 iugenio
603 2782 635 2836 et
661 2791 721 2837 usu
745 2771 904 2840 aiiborret.
948 2779 1115 2852 Ἥγγειλιι
1146 2775 1250 2841 solum

52 2856 224 2945 Graecum
247 2885 350 2943 estet
370 2877 507 2954 ἤγγελνν
531 2875 623 2940 nihili
655 2876 845 2943 vocabulum
874 2880 1054 2945 scribarum
1087 2882 1164 2945 vitio
1195 2900 1249 2945 na-

55 2972 151 3049 lum,
197 2982 432 3051 Gravissimum
465 2982 495 3044 in
524 2980 622 3045 simili
648 3001 683 3047 re
706 3002 848 3048 errorem
876 2986 1039 3049 commisit
1072 2985 1249 3051 boeckbius

57 3069 87 3137 ῙΙ
118 3082 243 3157 oecon.
267 3086 359 3152 Petit.
385 3083 500 3151 Athen.
524 3084 577 3150 ut.
603 3106 631 3171 p.
653 3092 730 3154 555.
757 3107 855 3173 quanm
878 3088 938 3153 sibi
959 3091 1115 3156 anristum
1139 3110 1252 3156 secun·

58 3172 146 3261 blm
163 3194 276 3277 ἔφανεν
299 3190 457 3277 reperisse
478 3189 656 3267 videretur,
680 3190 719 3256 de
739 3211 802 3277 qua
823 3191 922 3258 tonina
941 3195 1017 3260 oiim
1036 3197 1251 3262 {dalimannus

59 3290 151 3367 nuto
172 3298 363 3367 dubitasset.
400 3300 541 3378 Ἔφνινον
566 3315 623 3381 pro
644 3296 745 3377 έφννοι
769 3305 818 3362 est
841 3299 983 3366 eiusdem
1009 3299 1131 3366 tarinae
1154 3309 1252 3387 atque

60 3386 203 3471 ilvam
233 3412 267 3470 et
300 3420 433 3488 prorsus
468 3400 651 3466 barbarum.
706 3402 741 3467 ln
781 3401 1021 3488 Psepbismate‚
1064 3406 1148 3493 quod
1184 3406 1250 3472 iiiic

61 3488 246 3577 hattus
264 3506 383 3583 edidit,
407 3506 564 3592 scriptum
590 3508 692 3572 estin
719 3505 804 3574 bunc
829 3510 975 3576 modum:
1000 3513 1053 3578 κνιὶ
1073 3514 1125 3579 τὸν
1146 3536 1250 3595 γρομ·

59 3616 174 3683 Bria
200 3622 260 3681 ania
290 3611 399 3680 ἕνδεκα
421 3614 603 3693 ἀπαλεῖψαι
632 3614 695 3677 aiud
727 3618 780 3678 τοῦ
808 3616 990 3697 ὠφλημένον
1020 3618 1173 3685 Σωπόλιδι
1196 3622 1253 3700 aa·

58 3718 170 3787 ”fidon
198 3716 268 3785 dm
298 3718 337 3783 έιν
365 3726 589 3783 ΛΠΟΦΑΝΗΙ
619 3720 704 3798 αὐτῷ
736 3720 750 3781 ὁ
779 3721 898 3797 τιιμίιις
926 3723 1130 3805 νέπειλνφῶς,
1163 3722 1248 3810 quod

58 3818 127 3883 ΜΠ
154 3822 289 3891 barbare
310 3821 460 3905 ἁπιφνένρ
486 3821 691 3888 scribendum
716 3836 786 3889 erat
810 3825 863 3890 sod
888 3828 1007 3912 optime
1030 3828 1149 3895 Graece
1172 3832 1248 3892 ἀπο-

57 3912 155 4013 0³⁹5
179 3928 225 4019 (id
243 3936 292 3996 ost
309 3926 495 4015 ἀποδειχθῇ)
520 3937 552 3993 et
573 3927 660 3992 saiva
683 3938 780 3994 erunt
800 3933 917 3995 ornnia.

99 4026 242 4103 (lurtum
277 4034 394 4099 uitium
430 4041 479 4098 est
510 4032 564 4099 sed
602 4032 760 4099 medicina
796 4036 918 4101 incerta
943 4038 993 4103 vt.
1020 4057 1060 4102 ιν.
1086 4041 1139 4103 ut.
1165 4040 1190 4103 εἷ
1222 4038 1249 4103 δ’

56 4116 324 4209 *tenuitates
365 4138 514 4218 βούλεσθε
547 4140 582 4203 τὸ
615 4139 822 4219 γεγενημένον
859 4139 976 4213 πάθος,
1015 4162 1077 4207 non
1112 4141 1249 4226 contigit

60 4228 154 4311 mihi
172 4246 312 4333 reperire
332 4242 410 4330 quid
435 4244 532 4309 lateat
554 4246 585 4307 in
616 4254 931 4320 ΕΠιΛλι-ιΕΣΘλι,
955 4267 1051 4331 quiam
1076 4245 1248 4313 absurdam

948 4360 974 4395 Ἠ
