2940 5010
65 114 190 199 πίφοροι
216 117 293 179 suut
324 106 497 176 admodum
523 108 554 171 iu
579 106 779 171 coniunctivi
811 104 932 171 formas
957 104 1004 173 tei
1040 127 1114 173 cum
1145 107 1257 175 barba·

63 220 169 302 rismo
206 224 264 285 aut
296 215 394 281 metri
422 214 518 280 ruina
550 210 803 279 substituendus.
859 212 959 278 Nemo
991 210 1152 279 dubitabit
1187 233 1258 281 um-

65 344 190 413 quam,
213 322 293 411 quin
319 321 467 388 Dawcsio
490 317 776 405 obtemperandum
804 318 847 383 sit
879 319 913 384 iu
937 316 1104 405 Sophoclis
1127 320 1258 387 Trachi·

65 430 133 499 uiis
155 450 205 497 rs,
227 432 304 497 980.

249 538 282 603 οὐ
305 535 350 615 μὴ
373 533 562 617 ’ξεγείρμς
586 532 637 597 τὸν
661 528 743 613 ὕπνῳ
766 530 921 613 etrozo,

64 640 247 709 rescribere
268 639 392 706 iubenti
415 641 448 705 οὗ
468 641 513 718 μὴ
540 636 712 718 ’ξεγεμεῑς,
736 645 786 703 est
805 638 891 703 enim
922 638 1018 703 metri
1051 636 1257 718 erubuerimus.

63 746 225 817 monam
251 746 337 833 parit
360 743 510 810 omnibus
541 743 766 829 putidissimus
799 742 1021 809 barbarismus
1040 743 1072 809 in
1093 743 1259 830 Euripidis

65 854 194 943 Hippoi.
217 858 294 921 611.
317 856 350 919 οὐ
374 853 419 929 μὴ
443 851 652 934 προσοίομς
685 858 778 931 χεῖρον
804 870 861 935 pro
883 851 1064 931 προσοίσεις.
1111 849 1176 916 Nee
1199 848 1259 916 du·

65 958 240 1027 bitaverim
265 960 298 1023 in
324 957 466 1024 Platonis
492 956 625 1023 Politice
657 977 687 1042 p.
715 956 840 1022 5081).
875 958 970 1022 unice
1005 955 1140 1043 probare
1171 954 1257 1023 iutu-

66 1065 258 1134 111111εούδὲ
283 1102 328 1113 -
349 1066 473 1144 μήποτε
497 1064 710 1140 cessissem
739 1062 829 1127 πόλιν
851 1060 944 1139 eieci,
969 1082 1026 1148 pro
1050 1064 1234 1138 σνςνίοντοοι.

113 1170 174 1239 Est
198 1171 231 1235 in
257 1169 367 1236 eodem
399 1168 480 1234 libro
504 1166 685 1234 hnahascos
709 1167 819 1245 iocus,
844 1188 906 1253 quo
935 1188 996 1234 non
1022 1178 1072 1234 est
1102 1168 1185 1235 alius
1205 1189 1258 1236 ae-

66 1275 302 1347 cummodatior
325 1274 365 1342 ad
385 1274 623 1342 emendandum
644 1274 750 1340 locum
776 1275 1022 1353 bennestbenis,
1046 1274 1084 1341 de
1120 1295 1184 1361 quo
1205 1276 1259 1341 ad·

67 1382 135 1451 buo
159 1382 270 1449 Gritici
300 1390 429 1448 certant
461 1382 532 1446 sine
559 1379 679 1446 fructu.
726 1379 845 1446 Editur
869 1380 901 1445 in
932 1382 1076 1448 oratione
1100 1382 1167 1464 περὶ
1202 1392 1259 1459 τῆς

64 1488 188 1557 Ῥοδίον
210 1488 382 1568 ἐλευθερίοις
416 1506 447 1573 p.
471 1489 554 1562 200,
581 1491 621 1552 17
654 1492 713 1551 τῶν
740 1486 799 1565 μὲν
821 1486 1004 1569 ονμμοίχων
1026 1488 1097 1560 τοὺς
1127 1490 1180 1554 τὸν
1204 1484 1258 1554 ab·

65 1596 122 1665 riv
153 1597 260 1677 ἐχθρὸν
299 1593 352 1659 κοί
384 1593 479 1677 φίλον
512 1594 586 1671 ὑμῖν
620 1593 823 1671 ὀμωμοκότος
857 1593 997 1675 νομίζετε
1037 1593 1258 1670 εὐνονςοίοονς,

67 1708 225 1789 quaeest
249 1700 395 1765 omnium
428 1698 585 1764 librorum
611 1699 773 1784 scriptura
796 1719 814 1763 a
838 1698 956 1763 Welbo
978 1701 1024 1764 sic
1048 1708 1194 1765 correcta
1222 1708 1260 1765 ut

66 1802 148 1885 ἕξειν
181 1804 222 1873 de
251 1824 311 1871 suo
344 1806 518 1871 insereret:
554 1806 627 1883 ὑμῖν
661 1801 765 1893 (ἕξειν)
798 1804 1022 1882 ὀμωμοκότος,
1054 1804 1259 1883 binuorbus,

68 1912 105 1979 iu
137 1910 312 1979 oxoniensi
345 1910 498 1977 Editione
528 1909 605 1987 ἕξειν
639 1911 797 1986 removit,
829 1910 924 1975 onius
957 1912 1004 1976 rei
1033 1912 1194 1996 poenitere
1225 1930 1262 1977 se

68 2018 204 2107 scripsit
234 2019 267 2083 in
290 2017 466 2103 Lipsiensi:
490 2026 522 2083 et
551 2025 601 2081 cst
625 2014 732 2081 hercle
756 2014 835 2080 ibuu
859 2015 988 2102 quidem
1020 2018 1100 2083 satis
1133 2028 1260 2083 certum

68 2123 258 2193 huiusmodi
289 2122 436 2189 futurum
469 2123 619 2189 infinitivi
652 2123 833 2188 necessario
868 2122 1000 2207 requiri.
1050 2122 1204 2209 Suspicor
1229 2125 1262 2188 in

69 2230 303 2299 vetustissimis
335 2227 428 2295 libris
456 2249 565 2294 vorum
594 2227 763 2293 lectionem
795 2236 958 2293 exaratam
992 2226 1091 2295 fuisse
1118 2230 1150 2293 in
1176 2228 1263 2294 hunc

71 2340 229 2407 modum:
252 2322 875 2405 omninommrnomnmonornx
900 2349 933 2403 et
955 2338 1199 2404 scribaeoentos
1223 2338 1265 2405 ab

71 2436 146 2521 ΕῙΝ
182 2450 223 2517 ad
259 2444 441 2535 proximum
478 2458 551 2515 EIN
585 2448 773 2515 aberrasse:
811 2450 919 2534 itaque
956 2450 1003 2514 sic
1039 2451 1128 2527 ὑμεῖν
1162 2448 1261 2538 (ὑμῖν)

72 2556 275 2641 δμιιμοιιίονις
310 2563 421 2621 nattum
457 2576 526 2621 esse
561 2576 618 2641 pro
654 2558 726 2633 ὑμῖν
762 2566 875 2634 νομιεῖν
909 2555 1131 2634 ὀμωμοκότας,
1163 2575 1261 2640 quam

72 2666 176 2755 ipsam
200 2663 394 2730 locutionem
419 2670 570 2727 constans
599 2659 727 2726 dicendi
756 2680 835 2726 usus
860 2662 892 2724 in
918 2679 955 2725 ea
977 2680 1012 2726 re
1043 2660 1199 2747 postulat:
1228 2671 1264 2728 ut
1305 2676 1318 2701 ·

74 2772 106 2839 iu
128 2769 229 2839 Anah.
243 2768 283 2835 ll.
299 2789 329 2835 ν.
357 2771 410 2834 39.
436 2769 607 2846 ὀμόσαντες
625 2771 699 2845 ἡμῖν
721 2768 792 2840 τοὺς
804 2769 917 2840 αὐτοὺς
937 2768 1050 2847 Φίλονς
1062 2769 1115 2833 cai
1137 2769 1262 2849 ἐχθροὺς

72 2884 207 2959 νομιεῖν,
241 2882 274 2939 ct
311 2872 435 2939 videbis
465 2876 583 2959 passim
620 2874 652 2937 in
685 2872 866 2938 foederibus
898 2891 969 2939 eam
1004 2872 1108 2959 legem
1146 2873 1262 2941 iisdem

71 2981 181 3051 verbis
201 2978 399 3047 solemnibus
423 2989 610 3065 conceptum
634 2978 718 3065 apud
744 2979 921 3044 Historicos
941 2988 973 3046 et
997 2978 1157 3049 Oratores.
1207 2981 1263 3048 Sa·

71 3092 115 3157 tis
138 3088 204 3155 erit
225 3086 404 3171 inspexisse
425 3084 648 3173 Thucydidem
666 3085 690 3151 1.
716 3090 769 3151 44.
793 3084 986 3169 ξυμμαχίαν
1009 3126 1054 3137 -
1077 3090 1264 3166 condecebat

70 3192 132 3267 t'irr
155 3192 229 3266 τοὺς
254 3193 367 3264 αὐτοὺς
399 3193 523 3273 ἐχθροὺς
553 3191 605 3257 noti
631 3191 744 3275 φίλους
770 3192 921 3274 νομίζειν,
946 3202 979 3258 ei
1004 3193 1058 3259 ΙΙΙ.
1084 3199 1127 3261 70
1150 3204 1182 3261 et
1209 3200 1262 3263 715.

71 3300 158 3369 berc
175 3296 328 3363 mendum
352 3298 385 3362 in
406 3316 443 3362 ea
462 3317 496 3362 re
517 3295 666 3363 Aeschini
689 3297 833 3364 adhaesit
854 3299 886 3363 in
909 3299 1133 3386 Ctesiphontoa
1158 3299 1264 3389 §100

70 3406 224 3489 πρέσβεις
247 3402 354 3476 οἵτινες
382 3404 542 3479 δεήσονται
577 3405 629 3469 τὸν
654 3404 748 3469 αὐτὸν
774 3406 943 3479 Ἀίννοιίοις
967 3409 1060 3489 φίλον
1082 3406 1135 3471 καὶ
1157 3408 1264 3490 ἐχίμὸν

69 3511 207 3595 νομίζον
239 3505 366 3595 [είνοοι],
399 3508 455 3574 ubi
478 3506 555 3574 είννοι
580 3510 727 3594 spurium
759 3519 808 3575 est
838 3519 871 3576 ot
899 3512 1158 3597 expungendum.
1206 3522 1267 3580 No·

71 3618 154 3701 μίξιν
186 3613 264 3683 sicat
295 3613 340 3679 nil
365 3615 426 3679 uisi
451 3617 626 3701 opinionem
658 3616 819 3701 siguificat
849 3618 915 3681 sinc
944 3619 1072 3683 actione.
1121 3619 1157 3685 In
1181 3620 1267 3685 hna-

75 3722 147 3791 besi
167 3720 223 3787 111.
247 3741 281 3785 11.
307 3724 349 3786 18
382 3721 417 3797 ἣν
438 3723 470 3787 δὲ
493 3728 653 3803 κροτῶμεν
677 3721 730 3787 uoci
754 3724 825 3795 τοὺς
856 3724 1022 3803 πολεμίους
1044 3726 1094 3791 δεῖ
1116 3727 1268 3811 σκευοφό-

77 3852 143 3913 poue
167 3826 309 3910 νομίζειν.
358 3830 497 3893 Putasne
517 3824 594 3893 siem
618 3826 692 3892 addi
714 3830 877 3914 potuisse,
903 3838 938 3895 ut
961 3831 993 3894 in
1020 3831 1061 3896 iis
1085 3850 1167 3917 quiue
1197 3842 1262 3898 sta·

80 3936 138 4001 iim
163 3939 366 4019 sequuntur:
391 3934 497 4001 λοιπίν
519 3960 569 4013 μοι
592 3935 689 4000 sireis
712 3930 785 4016 ὅπερ
808 3934 861 4000 recti
881 3935 1011 4015 μένιςον
1031 3938 1140 4019 νομίζω
1160 3936 1266 4005 rivae?
