2940 5010
718 120 782 183 aon

292 292 344 359 eal
366 293 424 369 rire
444 294 614 373 Φρονοῦοαν
636 294 742 375 μεῖζον
765 295 783 371 ἢ
807 302 943 371 γυναῖκα
965 297 1038 376 χρή.

178 406 208 467 et
223 398 250 465 in
266 396 446 465 Phoenissis
464 400 547 463 703:

359 503 476 580 ἥκουσα
496 502 601 585 μεῖζον
623 504 717 569 αὐτὸν
740 504 759 580 ἢ
783 506 896 584 Θήβας
919 511 1049 586 Φρονεῖν.

183 610 250 677 olio
268 606 490 675 Andromache
514 612 598 674 700:

373 704 522 797 φρονοῦοί
537 713 633 792 δήμου
656 713 760 795 μεῖζον
781 712 864 788 ὄντες
888 714 1014 788 οὐδένες.

181 824 306 906 saepe
327 816 403 885 aliis
434 815 522 884 locis.
569 817 697 905 Optime
722 828 831 885 autem
862 820 942 885 istae
969 839 1049 905 quas
1072 818 1213 887 diximus
1236 820 1334 888 libra·

183 924 275 991 mom
316 921 448 990 fraudes
481 921 674 1009 deprehendi
709 934 844 1011 possunt
883 926 967 1012 apud
1008 925 1204 1001 Isocratem,
1238 928 1333 992 cuius

182 1046 257 1115 {rum
285 1036 382 1095 antea
412 1026 582 1094 (lodicibus
612 1038 779 1096 uteremur
810 1050 872 1096 non
907 1030 1114 1097 mediocriter
1148 1033 1331 1118 corruptis,

182 1130 263 1219 quie
291 1141 369 1200 runt
399 1133 597 1220 reliquorum
629 1133 695 1202 iere
731 1134 902 1203 Oratorem
933 1135 1086 1212 Codices,
1119 1156 1158 1203 ne
1188 1138 1333 1204 Parisino

84 1226 86 1231 ¹
182 1236 282 1323 phem
303 1238 527 1305 demosthenis
545 1238 577 1305 S.
601 1239 695 1328 plane
717 1251 869 1328 excepto,
893 1240 1040 1307 fortunae
1061 1240 1333 1329 benelioioreper·

183 1346 222 1409 lrr
236 1350 279 1411 ert
299 1342 381 1411 tiber
403 1344 539 1411 eximiae
560 1343 711 1411 bonitatis
733 1354 765 1413 et
788 1346 884 1423 fidei,
909 1344 993 1411 unde
1011 1348 1043 1411 in
1075 1346 1235 1413 sexcentis
1255 1346 1333 1413 locis

183 1462 238 1515 terr
251 1456 283 1515 et
303 1468 383 1515 sana
405 1449 567 1538 scriptura
588 1451 622 1517 in
642 1450 746 1519 lucem
770 1451 903 1539 prodiit,
927 1458 959 1517 et
981 1448 1059 1536 quid
1081 1451 1261 1518 scribarum
1284 1472 1333 1517 os·

182 1550 258 1619 ritum
277 1553 422 1621 socordia
445 1564 477 1621 et
501 1554 672 1622 sciolorum
701 1555 829 1622 indocta
859 1566 892 1622 et
921 1554 1090 1642 impudens
1119 1555 1254 1625 audacia
1277 1556 1331 1624 de·

181 1656 325 1743 merit
347 1661 399 1727 ἐπ’
422 1662 589 1744 αὐτοφώρῳ
620 1660 854 1748 deprehensum
877 1670 948 1728 est:
982 1680 1046 1746 quo
1069 1659 1171 1737 libro,
1195 1662 1223 1727 si
1247 1663 1330 1748 sapi·

182 1778 252 1847 not,
271 1766 378 1833 critici
397 1766 445 1831 sic
465 1774 595 1831 utemur
615 1774 651 1832 ot
676 1787 736 1832 non
762 1768 817 1832 uni
839 1766 970 1832 tsoorati
994 1766 1094 1851 prosit
1114 1764 1169 1831 sed
1193 1768 1330 1834 caeteris

179 1866 315 1949 uther,
339 1871 372 1937 in
395 1869 514 1957 quibus
537 1871 678 1939 insident
700 1871 798 1938 iidem
822 1872 991 1939 inveterati
1014 1890 1140 1937 errores
1159 1880 1192 1939 et
1214 1871 1331 1939 menda

181 1966 247 2055 plna
265 1974 518 2053 eiusdemmodi,
552 1996 634 2064 quae
656 1996 695 2043 ex
717 1977 858 2043 Isocrate
890 1996 975 2042 uuus
1011 1975 1148 2042 Urbinas
1179 1976 1331 2045 abstersit

180 2088 307 2147 wls.
354 2080 517 2163 Quantum
536 2080 693 2167 profuerit
717 2081 1013 2168 praestantissimus
1037 2079 1117 2147 liber
1137 2082 1169 2147 in
1192 2103 1328 2169 arguen-

181 2174 267 2252 hillo
285 2205 434 2254 errorum
456 2206 595 2273 genere,
628 2187 752 2274 dequo
782 2186 890 2253 dicere
913 2186 1138 2262 instituimus,
1169 2188 1257 2255 iurat
1280 2208 1328 2255 os·

180 2284 290 2359 Mete.
336 2290 374 2357 ln
396 2291 590 2359 Archidamo
620 2297 712 2379 §sb
742 2291 916 2359 edebatur:
951 2292 1004 2357 καὶ
1030 2292 1076 2369 μὴ
1105 2292 1232 2374 μείζονα
1254 2300 1329 2377 Φρο-

179 2396 287 2473 'tbrir
307 2396 489 2477 δυνάμεως,
515 2416 613 2483 quum
640 2396 776 2463 Urbinas
797 2398 900 2479 μεῖζον
923 2396 1049 2463 obtulit.
1096 2397 1132 2461 ln
1158 2400 1328 2486 Areopagi·

179 2492 226 2563 l'ho
246 2506 263 2591 §
282 2508 313 2569 ’1.
345 2501 440 2584 μείζω
464 2503 669 2586 φρονήσαντες
693 2509 747 2569 τοῦ
771 2503 886 2575 θέοντος
920 2501 1056 2569 Urbinas
1084 2510 1170 2569 recte
1201 2506 1328 2587 μεῖζον,

178 2594 267 2675 Μ
291 2606 427 2675 emenda
455 2613 473 2696 §
497 2612 550 2674 45.
582 2610 653 2681 τοὺς
680 2609 770 2688 μέγα
793 2615 914 2692 φρονεῖν
936 2607 1119 2687 εἰθισμένους
1144 2628 1202 2694 pro
1222 2634 1327 2688 μενον·

177 2710 325 2792 ttirrrrlr,
359 2711 444 2799 quad
477 2712 641 2779 Graeculis
674 2723 723 2779 est
753 2714 1021 2801 relinquendum,
1056 2712 1325 2800 quemadmodum

176 2804 307 2901 '¹5⁷3-
338 2836 439 2905 quum
471 2819 503 2883 in
538 2818 687 2884 omnibus
716 2829 800 2886 esset
823 2823 960 2899 ἡγοῦμαι
993 2819 1057 2899 γὰρ
1089 2820 1151 2885 δεῖν
1174 2821 1258 2899 ἡμᾶς
1279 2822 1326 2899 μὴ

122 2942 127 2947 ·
173 2928 391 3007 monoperae
411 2924 483 3001 μηδ’
506 2926 642 3003 ἀγαπᾶν
665 2925 818 3011 optimam
841 2924 1009 2991 lectionem
1030 2922 1167 2989 Urbinas
1186 2927 1328 2993 servarit

121 3044 125 3052 ·
172 3018 294 3107 rt-xtra
319 3036 440 3111 Φρονεῖν
468 3031 530 3096 οὐδ’
564 3033 709 3108 ἀγαπᾶν.
758 3028 793 3094 Ινι
817 3029 1051 3095 Panathenaico
1080 3032 1098 3113 §
1125 3032 1199 3093 197.
1230 3029 1326 3111 μείζω

169 3128 322 3209 inuium
353 3133 403 3199 ἐπὶ
436 3145 476 3217 τῇ
515 3143 572 3210 τῆς
604 3142 713 3216 Portis
748 3132 808 3210 ἕξει
843 3134 977 3201 Urbinas
1009 3132 1124 3214 μεῖζον.
1172 3132 1325 3201 Eiusdem

166 3228 240 3317 Uror
258 3238 388 3325 generis
409 3258 552 3306 errorem
576 3241 691 3306 retexit
715 3240 746 3305 in
779 3239 919 3306 Plataico
951 3247 969 3326 ς
993 3243 1044 3305 th.
1077 3237 1131 3303 ubi
1161 3236 1326 3325 legebatur

160 3340 239 3425 ον’ζν
259 3342 406 3411 δύνασθαι
428 3352 488 3411 τῶν
509 3342 621 3427 ὅρκον,
645 3346 758 3410 vitiose
784 3344 974 3423 admodum,
1005 3364 1144 3431 nanrque
1167 3345 1324 3413 Graecum

155 3462 210 3513 hoo
233 3456 286 3515 est
305 3448 441 3529 μεγάλα
464 3451 609 3517 δύνασθαι
640 3448 694 3515 sed
718 3451 826 3529 μέγας
852 3451 1018 3517 verissime
1042 3450 1177 3515 Urbinas
1206 3454 1325 3535 μεῖζον.

149 3550 242 3621 Uultu
273 3552 372 3619 etiam
406 3558 534 3642 turpius
564 3575 582 3621 a
611 3555 776 3621 Graeculis
802 3566 944 3622 erratum
975 3563 1023 3622 est
1049 3557 1080 3619 in
1113 3557 1257 3622 oratione
1286 3557 1326 3625 de

144 3656 222 3727 Peee
254 3662 275 3745 §
299 3662 382 3725 rho:
415 3662 604 3741 ὑπομένομεν
628 3663 679 3727 τὸν
711 3663 803 3738 δῆμον
831 3662 923 3742 χείρω
949 3662 1127 3742 πράττοντα
1160 3668 1218 3726 τῶν
1252 3674 1324 3737 ταῖς

141 3764 344 3847 θλνγαμχθανς
366 3766 582 3832 δουλενθντονε
606 3766 727 3833 dicitur
749 3768 836 3832 eninr
857 3770 958 3839 κακῶς
982 3765 1108 3846 πράττω
1133 3785 1195 3829 non
1218 3766 1325 3834 κακοθε

142 3870 253 3959 anrm
284 3868 335 3937 rel
367 3872 438 3937 sine
468 3870 559 3937 tibris
592 3872 812 3957 unusquisqne
842 3880 964 3958 poterat
999 3869 1169 3936 emendare
1201 3881 1326 3954 χεῖρον,

140 3972 229 4065 qnod
248 3974 379 4043 tandem
402 3996 442 4043 ex
466 3975 617 4043 Urbinate
641 3985 817 4062 receptum.
865 3977 973 4061 Neque
996 3976 1104 4041 rninus
1126 3984 1219 4063 turpe
1239 3997 1325 4043 men-

139 4080 222 4149 dum
245 4080 468 4149 insinuaverat
497 4102 566 4149 sese
598 4085 630 4148 iu
656 4083 875 4168 Aegineticum
902 4089 920 4171 §
946 4087 996 4147 15.
1020 4080 1082 4147 eido
1104 4084 1140 4159 μ’
1164 4082 1329 4159 inmisere

139 4184 304 4273 γεγονθτα
325 4186 441 4261 οὐθενὸς
459 4188 552 4270 χείρω
576 4190 728 4273 Σνφνίωνι
753 4188 873 4254 dicitur
894 4189 979 4256 enirn
1005 4186 1168 4266 reperirer
1192 4185 1250 4265 εὖ,
1275 4215 1330 4258 κα-
