2940 5010
723 323 783 385 781

150 496 214 560 51:
246 493 308 565 ἕσιν
337 491 387 560 οὖν
416 495 566 561 ἀδύνατον
588 496 633 574 μὴ
666 497 719 560 οὐκ
750 492 827 561 εἶναι
851 530 896 544 ·-
915 491 1136 577 ὑπερέλαφρον.
1170 493 1347 583 τεκμήριον7

147 598 182 667 δέ
210 600 262 688 [ὡς
285 597 421 683 έλαφρίν
442 599 531 688 έςιν].
556 597 630 665 ὅταν
648 599 772 681 ἀτρέμα
794 600 1010 680 διαπορεύηται
1033 599 1127 684 πηδᾷ.
1174 599 1330 686 Expunge
1446 664 1448 668 Α

146 703 314 771 iuliaetum
337 703 493 771 emblema
514 713 547 771 et
568 706 673 770 insere
700 704 763 786 νάρ
784 713 817 771 et
840 706 886 770 sie
916 703 1047 770 babebis
1070 705 1247 771 orationem
1271 706 1332 770 Αι-

148 809 217 876 tiee
248 828 338 876 more
366 811 595 896 compositam:
627 813 785 890 τεκμήριον
806 809 859 876 δέ·
882 806 958 876 ὅταν
981 809 1044 893 γὰρ
1071 809 1195 891 ἀτρέμα
1226 811 1329 877 διαπο·

148 913 274 996 μύησαι
305 915 409 999 πηδᾷ,
444 914 537 980 cuius
560 915 678 1000 passim
703 923 736 982 et
762 913 846 1002 apud
869 914 948 981 alios
971 925 1004 980 et
1031 913 1116 1001 apud
1143 912 1331 1001 Xenophon·

149 1025 218 1087 iem
240 1018 383 1106 exempla
404 1020 628 1105 reperiuntur:
663 1030 787 1100 σημεῖον
812 1019 866 1097 δέ,
897 1019 1060 1101 μαρτύριον
1088 1019 1138 1096 δέ,
1170 1021 1331 1103 τεκμήριον

148 1121 201 1202 δέ,
223 1131 256 1189 et
288 1143 353 1189 uno
377 1123 528 1190 voeabula
561 1125 749 1210 interposito
780 1126 855 1207 γάρ.
910 1124 1030 1192 Eodem
1061 1123 1177 1191 mendo
1208 1124 1332 1192 leberat

149 1226 371 1315 Xenophontis
394 1228 483 1295 loeus
505 1228 545 1296 de
571 1229 617 1295 lte
636 1231 787 1317 Equestri
807 1231 847 1298 X.
871 1235 912 1296 4:
943 1227 1037 1304 οὕτως
1060 1228 1099 1296 ἀν
1120 1230 1329 1313 ἀπεργάζοιτο

149 1341 247 1400 ποιεῖν
277 1336 329 1400 τὸν
352 1331 444 1400 ἵππον
475 1333 603 1417 οἵοισπερ
638 1336 691 1401 καί
716 1338 810 1410 αὐτὸς
842 1334 949 1413 ηδεταί
976 1359 1012 1401 τε
1046 1333 1099 1401 καὶ
1133 1334 1329 1414 ἀνύλλεται.

149 1440 321 1521 Τεκμήριον
344 1439 376 1504 δέ
403 1435 463 1526 [ίτι
486 1441 603 1513 τούτοις
626 1439 759 1528 ἥδεται].
783 1437 857 1506 ὅταν
880 1440 943 1522 νάρ
966 1439 1066 1513 λυίεὶς
1095 1439 1148 1524 tte
1173 1442 1239 1506 ιιτὲ.
1275 1440 1329 1507 ubi

148 1541 233 1611 male
253 1541 387 1609 feriatus
405 1543 523 1631 aliquis
546 1544 702 1613 emblema
719 1543 863 1624 addidit,
887 1563 952 1631 que
973 1544 1090 1610 omisso
1107 1547 1330 1633 unusquisque

147 1648 189 1716 ex
207 1647 473 1736 praecedentibus
491 1646 536 1715 ὅτι
551 1656 641 1716 τοῦτο
665 1656 754 1716 ποιῶν
774 1649 882 1728 ίίδεταί
904 1674 940 1715 τε
957 1649 1009 1714 καὶ
1029 1649 1214 1729 ἀγάλλεται
1227 1650 1330 1717 multo

147 1751 265 1819 melius
286 1753 459 1839 cogitanda
479 1752 649 1841 supplebit.
696 1753 826 1820 lneuria
846 1752 994 1820 relietum
1016 1763 1065 1820 est
1084 1754 1136 1822 Vl.
1162 1762 1220 1822 ltt:
1240 1758 1278 1822 ἀί
1302 1757 1328 1822 δ’

147 1858 208 1925 ἀπὸ
226 1862 332 1941 χαράς
352 1859 405 1924 καὶ
425 1858 532 1939 μένους
555 1863 748 1940 προιῖισιν
771 1857 947 1937 έξίλλουσαι
969 1859 1012 1926 τά
1034 1859 1125 1943 ἴχνη,
1150 1859 1205 1927 ubi
1224 1863 1328 1943 προΐα-

147 1988 197 2032 σιν
221 1971 292 2031 erat
315 1963 531 2031 scribendum.
579 1965 679 2051 Turpi
703 1984 812 2032 errore
835 1963 959 2030 scribae
988 1963 1070 2031 ίασιν
1092 1975 1126 2032 et
1152 1968 1235 2032 ίῖοσιν
1258 1985 1328 2053 per-

144 2071 303 2150 timeat,
334 2070 523 2156 praesertim
553 2069 588 2134 in
615 2071 821 2157 compositis,
855 2068 1030 2156 eodemque
1062 2069 1155 2137 mode
1188 2072 1221 2136 in
1253 2090 1328 2137 eon·

142 2176 299 2243 iunctitis
319 2179 457 2243 συνίωσιν
483 2185 515 2242 et
544 2181 700 2249 συνιάσιν,
732 2174 855 2241 ἀνίασιν
879 2181 912 2241 et
942 2176 1084 2250 ἀνιῶσιν,
1110 2184 1143 2241 et
1166 2175 1327 2243 similibus

143 2281 305 2349 munibus.
339 2280 512 2368 Xenophon
535 2279 681 2348 futurum
694 2281 833 2363 προΐασιν
847 2278 952 2358 dedit,
974 2288 1009 2347 ut
1030 2281 1063 2346 in
1084 2281 1203 2348 vicinia
1228 2284 1329 2367 §162

141 2386 232 2466 δῆλον
254 2388 427 2464 ποιήσουσιν
450 2393 481 2452 et
504 2384 672 2470 ἀφέξονται
696 2395 729 2452 et
750 2387 999 2467 ἀποδραμοῦνται.

191 2491 280 2559 idem
305 2491 458 2559 mendum
482 2490 605 2557 obsidet
637 2489 744 2556 locum
769 2491 880 2558 Dionis
903 2489 1121 2580 Chrysostomi
1152 2488 1240 2559 Orat.
1262 2493 1326 2560 xl.

140 2617 174 2686 p.
205 2603 277 2665 175.
311 2597 439 2664 mise:
471 2599 496 2662 oi
520 2598 551 2663 δὲ
575 2596 733 2678 μύρμηκες
757 2594 834 2662 οὕτω
857 2595 963 2662 πυκνοὶ
990 2597 1238 2680 βαδίζοντες-
1259 2624 1327 2666 πα·

139 2704 251 2786 ρίασι
277 2704 330 2770 καὶ
362 2703 521 2782 βοηθοῦσιν
553 2703 724 2779 ἀλληλοις,
763 2700 819 2768 ubi
843 2701 948 2768 seribe
982 2706 1133 2783 παριάσι,
1168 2701 1253 2789 qued
1276 2712 1326 2771 est

139 2806 270 2890 πάροδον
293 2807 447 2884 διδόασιν,
474 2815 510 2871 ul
533 2807 567 2871 in
591 2805 703 2873 eadem
728 2806 869 2873 redixit
892 2825 922 2893 p.
945 2809 1027 2873 178:
1050 2808 1076 2873 οί
1100 2807 1260 2888 μύρμηκες
1279 2827 1325 2858 ss-

141 2919 379 2997 παραχορούσιν
402 2913 508 2984 αὐτοῖς
531 2912 582 2977 καί
608 2919 668 2978 τῶν
690 2912 761 2978 έδῶν
782 2911 989 2992 ἐκτρέπονται.

196 3017 322 3085 secedo
345 3015 385 3083 ad
408 3014 551 3082 libellum
576 3016 643 3098 περὶ
673 3019 826 3094 ἱππικῆς,
858 3015 891 3080 in
925 3034 987 3101 que
1014 3014 1133 3101 legitur
1152 3017 1178 3084 l.
1206 3024 1240 3084 1:
1273 3018 1329 3085 Σί-

140 3147 208 3206 μνον
231 3123 319 3189 κατά
340 3124 376 3188 τὸ
399 3121 585 3187 Ἐλευσίνιον
611 3122 771 3197 Ἀίύνησιν
802 3117 896 3186 ἵππον
917 3126 1061 3202 χαλκοῦν
1081 3121 1246 3199 ἀνέθηκεν,
1270 3121 1326 3188 sed

143 3225 366 3297 restituendus
389 3232 438 3292 est
468 3246 565 3292 verus
588 3225 759 3293 verberum
783 3225 860 3292 erdo
884 3227 916 3291 in
946 3225 1033 3294 hune
1064 3225 1216 3294 medum:
1240 3228 1327 3293 κατά

140 3335 178 3402 ‘td
198 3335 358 3411 Ἀύύνησιν
381 3332 575 3399 Ἐλευσίνιον.
623 3331 693 3398 Duo
713 3333 800 3397 enim
827 3341 920 3398 erant
940 3331 973 3397 in
998 3331 1105 3399 Attica
1127 3333 1325 3411 Ἐλευσίνια,

140 3440 178 3507 τέ
201 3440 258 3520 μὲν
281 3440 454 3516 Ἐλευσῖνι,
477 3436 565 3503 τὸδὲ
587 3439 745 3513 Ἀθήνησιν
767 3438 798 3502 έν
820 3447 860 3521 τῇ
884 3439 1002 3523 ἀγορᾷ,
1026 3437 1098 3506 vide
1120 3436 1324 3525 Hipparchie.

141 3542 198 3611 111.
224 3547 255 3609 b.
303 3540 481 3609 Dicendum
514 3542 615 3627 igitur
638 3552 687 3609 est
717 3551 773 3608 aut
806 3542 841 3608 τὸ
865 3542 1023 3620 ’λίήνησιν
1054 3544 1240 3610 Ἐλευσίνιον
1270 3550 1328 3609 aut

140 3650 178 3717 τὸ
198 3646 384 3714 Ἐλευσίνιον
406 3650 442 3715 τὸ
465 3650 641 3726 Ἀθήνησιν,
665 3645 722 3713 sed
744 3646 822 3713 illud
843 3656 892 3714 est
909 3647 1003 3734 longe
1026 3649 1187 3715 usitatius.
1234 3647 1327 3735 Apud

140 3752 274 3844 Lysiam
306 3753 340 3818 in
372 3751 595 3821 limavit.
626 3771 701 3819 vera
736 3752 830 3819 leetio
853 3751 933 3819 mibi
967 3752 1047 3820 baee
1078 3773 1147 3820 esse
1176 3751 1312 3820 videtur.

143 3859 249 3931 ύυοίαο
272 3859 354 3924 ίύσει
378 3859 431 3924 καὶ
463 3857 564 3941 εὐχάς
594 3856 717 3935 εύξεπαι
747 3856 832 3924 κατά
856 3856 899 3924 τά
931 3857 1049 3941 πάτρια
1079 3857 1122 3923 τά
1145 3858 1203 3936 μέν
1225 3857 1257 3922 έν
1280 3859 1322 3940 τῷ

140 3963 245 4032 traete
268 3964 462 4046 Ἐλευσινίῳ,
493 3964 536 4029 τά
566 3965 592 4031 δ’
618 3964 647 4027 έν
674 3964 718 4044 τῷ
738 3965 902 4029 Ἐλευσῖνι.
949 3962 1096 4029 inlibris
1126 3969 1194 4028 esi:
1218 3960 1323 4028 ένύάδε

141 4071 296 4137 Ἐλευσῖνι
318 4069 363 4135 τά
381 4069 413 4134 δέ
434 4069 465 4133 έν
488 4069 530 4151 τῷ
550 4069 725 4152 Ἐλευσινίῳ
744 4070 820 4150 ἱερῷ.

200 4175 361 4241 Futurum
393 4193 450 4261 pm
484 4173 644 4260 praesenti
678 4171 914 4241 restituendum
947 4181 995 4239 est
1022 4170 1098 4239 ibid.
1130 4172 1163 4237 in
1198 4171 1323 4238 verbis:

142 4277 221 4356 έσοις
249 4281 459 4363 συνετύχομεν
487 4279 593 4346 ταύτά
628 4277 753 4357 ννύντες
779 4279 881 4362 ἐκείνῳ
908 4281 962 4346 οὐκ
990 4277 1258 4362 έξαλείφομεν
1286 4278 1321 4344 έκ

142 4394 203 4455 τάν
224 4386 398 4469 ἡμετέραν,
422 4387 510 4454 ἀλλά
539 4386 619 4454 πολὺ
648 4384 724 4464 ἣδιον
746 4383 1040 4466 παραδώσομεν
1064 4385 1147 4454 αιἰτά
1175 4390 1238 4458 τοῖς
1268 4382 1327 4468 φί-
