2940 5010
776 277 839 339 llll

222 449 371 517 l‘hotium
396 449 533 536 legitur:
566 450 791 532 Ἥλεγχονε
815 448 984 529 ἀνέκρινον,
1006 449 1045 520 ὡς
1070 452 1407 531 Ξενοφῶν,“ειιιιιίιιιιι

219 565 329 623 estex
352 553 489 622 Anabasi
512 551 569 620 lli.
596 575 624 620 v.
653 560 704 622 11.

266 661 301 727 ln
326 660 382 726 lll.
408 680 436 724 ν.
464 665 515 726 17.
546 660 641 727 tetes
665 661 696 727 δὲ
717 670 781 735 τοῖς
805 670 971 742 τρατηγοῖς
994 660 1038 734 είς
1060 658 1256 742 Καρδούχους
1277 660 1411 740 ίμβύλ·

220 781 296 832 λιιν.
325 765 449 839 τούτους
481 765 544 847 γὰρ
574 765 748 841 θιελθθντας
780 764 937 853 [ἔφασαν]
970 766 1014 839 είς
1045 766 1211 847 Ἀρμενίαν
1241 761 1338 843 ι’ίξσιν.
1363 804 1412 822 -

220 874 355 937 ἐντεῦθεν
386 871 412 937 δ’
446 869 570 952 εύτορον
605 870 762 958 [ἔφασαν]
795 867 873 938 ιίναι
907 868 974 939 θτοι
1006 894 1054 944 τις
1085 868 1182 936 ἐθέλοι
1212 870 1409 952 πορεύεσθαι.

220 975 330 1042 Abiioe
347 974 551 1041 manifestam
575 976 854 1064 interpolationem
877 974 1049 1063 duplicem.
1096 972 1206 1043 lloiert
1226 975 1409 1064 Xenophon

219 1101 258 1148 ox
290 1100 349 1148 sna
375 1081 477 1168 ipsius
505 1099 640 1167 persona
669 1081 747 1168 qnid
775 1082 809 1149 in
830 1084 1018 1150 Praetornm
1049 1079 1183 1147 consilio
1212 1081 1257 1147 sit
1274 1090 1410 1158 ectum,

219 1193 251 1253 et
279 1185 397 1273 quibus
414 1185 454 1253 de
475 1186 583 1253 causis
606 1186 765 1273 placuerit
787 1187 948 1255 sententia
971 1204 1053 1272 quae
1074 1185 1164 1252 vicit.

265 1291 303 1357 ln
326 1290 534 1377 sequentibus
557 1294 576 1375 ἕ
596 1296 648 1360 18.
672 1294 819 1360 ἐθύσαντο
839 1288 919 1366 θτυς
941 1290 1072 1365 θσηνίκα
1098 1288 1179 1378 [καί]
1206 1290 1306 1368 δοκοίη
1334 1292 1409 1383 [της

218 1394 312 1481 σύρας]
344 1397 400 1471 την
431 1396 553 1476 τορείαν
580 1405 732 1478 τοιοῖντο,
765 1398 829 1464 ium
853 1405 949 1464 aulea
980 1394 1168 1482 aperuimus
1201 1415 1263 1463 cttt·
1293 1398 1353 1464 καί
1375 1404 1410 1465 el

218 1511 275 1577 τῆς
306 1498 383 1582 θροις
413 1502 523 1588 spuria
551 1521 622 1569 esso
650 1502 847 1570 viderentur.
894 1500 978 1568 Audi
1008 1519 1096 1567 nunc
1128 1508 1162 1567 ct
1192 1499 1347 1569 Photinus
1377 1522 1408 1570 ν.

219 1606 362 1672 Ἡνίκαε
386 1643 432 1656 -
454 1607 596 1687 σημαίνει
615 1608 646 1673 δὲ
668 1612 703 1675 τὸ
729 1608 786 1688 μὲν
811 1607 932 1685 ἡνίκα
963 1607 1032 1674 καθ’
1055 1600 1090 1679 ἣν
1111 1603 1207 1688 ιθραν,
1229 1607 1265 1673 τθ
1286 1606 1320 1675 δὲ
1343 1632 1407 1685 τη·

218 1717 391 1779 νικαῢτα
414 1717 487 1780 κατ’
506 1714 620 1788 ἐκείνην
639 1715 696 1790 την
716 1711 792 1795 ι’θραν
816 1750 861 1763 -
882 1714 918 1778 τύ
942 1712 973 1778 δὲ
997 1712 1172 1787 ύτηνίκα
1204 1713 1274 1778 καθ’
1293 1712 1406 1781 θτοίαν

217 1816 312 1901 uper,
343 1837 426 1905 quac
450 1818 617 1884 verissima
640 1826 727 1885 sunt.
773 1818 886 1904 ltaque
908 1818 1039 1894 θσηνίκα
1061 1824 1118 1892 τῆς
1146 1815 1262 1899 θοίνας
1287 1818 1405 1886 rectiu-

217 1925 299 1990 sime
321 1922 462 2001 dicitur,
485 1932 519 1989 el
540 1923 670 1999 ὁπηνίκα
690 1931 747 2000 τῆς
764 1924 890 2002 νυκτθς,
913 1922 970 1990 sed
993 1923 1124 1998 θτηνίκα
1145 1928 1202 1996 τῆς
1225 1919 1303 2002 θύρας
1323 1921 1406 1989 ridi·

214 2028 325 2096 culum
350 2035 409 2094 cst.

261 2133 298 2200 ln
322 2132 405 2199 libro
425 2132 478 2198 Ν.
503 2154 523 2199 t.
551 2139 603 2200 ll.
626 2135 669 2201 τοὶ
688 2136 747 2215 μὲν
768 2159 798 2201 τι
821 2132 1020 2218 μαχίμοισι,
1041 2132 1085 2200 τίς
1113 2133 1146 2199 δὲ
1166 2131 1219 2198 καί
1239 2132 1405 2201 ἄνατανθ-

217 2265 300 2320 ριενοι
332 2237 418 2306 haud
445 2241 513 2306 scio
543 2257 582 2304 an
613 2240 649 2305 τύ
676 2238 734 2320 μίν
755 2264 785 2305 τι
812 2241 854 2306 sit
881 2239 1112 2306 necessarium.
1159 2237 1195 2303 ln
1226 2242 1320 2327 §²5-
1345 2262 1405 2305 κα·

216 2344 368 2428 τεσφοίγη
395 2346 428 2409 1η
451 2343 632 2428 erfonem
654 2343 890 2411 emendandum
921 2351 987 2411 est:
1020 2341 1170 2409 dicebant
1200 2342 1288 2409 enirn
1322 2344 1407 2412 ατο·

216 2450 372 2534 σφάττειν
399 2450 431 2513 in
456 2448 512 2514 tali
534 2469 587 2526 re,
613 2456 646 2515 et
668 2450 787 2537 passim
808 2446 1238 2517 tornamentorum
1259 2451 1407 2518 etmel

216 2555 339 2621 videbis
372 2555 580 2639 permisceri,
612 2554 755 2621 contusis
793 2555 886 2642 siglis
919 2552 1177 2641 antiquioribus,
1211 2552 1252 2621 de
1279 2554 1407 2640 quihus

215 2660 317 2728 multa
341 2658 380 2725 ad
404 2659 581 2726 hucianum
609 2661 843 2727 annotavimus.

261 2765 375 2833 l’utida
399 2764 590 2833 emblemata
612 2763 779 2852 complura
801 2765 912 2833 insunt
934 2767 967 2833 in
991 2765 1044 2832 tv.
1058 2785 1079 2831 ι.
1093 2768 1147 2831 tt.
1193 2765 1403 2847 ’λριτύνυριις

215 2873 400 2954 Μεθυδριεὺς
431 2870 575 2960 [Ἀρκὰς]
607 2870 659 2937 καὶ
680 2872 840 2948 Ἀγασίας
872 2869 1080 2955 Στυμφοίλιος
1117 2868 1284 2958 [’Λραιίς],
1312 2873 1404 2939 ἄντι-

216 2976 371 3060 ςασιοίζυν
403 2976 435 3042 δὲ
458 2978 565 3052 αὐτοῖς
595 2977 808 3060 Καλλίμαχος
837 2977 1007 3060 Παρριίτιος
1044 2974 1172 3063 [Ἃρκοὶς
1203 2976 1257 3043 καί
1290 2972 1401 3067 οὗτος]

216 3083 278 3166 ἔφη
298 3082 409 3149 ἐθέλειν
433 3083 622 3165 πορεύεσθαι.
670 3082 738 3151 Sub
761 3103 825 3149 uno
847 3090 1022 3169 conspectu
1047 3099 1164 3168 ponam
1186 3087 1334 3149 caeteros
1355 3082 1406 3153 lu-

217 3210 271 3255 cos
294 3188 404 3255 eadem
431 3187 502 3255 labe
534 3187 680 3257 allectos:
705 3189 759 3256 lv.
783 3209 816 3254 rr.
841 3192 894 3254 ut.
928 3189 1105 3269 Εὐρύλοχος
1130 3188 1279 3262 Λουσιεύς
1311 3188 1406 3274 [Ἀρ-

216 3296 294 3380 κοίς]
322 3302 355 3360 et
386 3292 601 3362 v11.v1.to.
647 3296 825 3378 Εὐρύλοχος
855 3291 1032 3367 Λουσιθτης
1068 3289 1228 3379 [ἰ1ρκιίς].
1274 3290 1406 3375 Quibus

219 3398 348 3467 tandem
377 3395 454 3465 baec
486 3398 728 3488 Xenophontem
758 3400 928 3486 scripsisse
966 3395 1141 3484 putemus?
1188 3394 1258 3463 Non
1289 3396 1405 3467 hercle

217 3506 276 3581 iis,
299 3502 374 3588 qni,
392 3503 420 3569 si
440 3504 513 3589 quis
530 3514 614 3572 esset
632 3504 816 3589 Μεθυδριεύς
840 3511 896 3570 aut
909 3500 1117 3586 Στυμφάλιος
1139 3508 1195 3567 aut
1207 3502 1403 3585 Παρράσιος,

219 3607 403 3678 nesciebant
426 3627 480 3674 eos
503 3628 573 3676 esse
591 3631 702 3676 omnes
724 3630 763 3676 ex
787 3608 934 3676 Arcadia.
981 3608 1048 3675 Non
1073 3614 1144 3672 erat
1168 3606 1204 3672 τὸ
1233 3610 1405 3693 Μεθύδριον

218 3732 373 3801 magnoin
393 3721 427 3779 ot
449 3712 555 3780 nobile
577 3714 732 3781 Arcadiae
755 3714 929 3802 oppidum,
952 3712 1007 3780 sed
1032 3711 1154 3778 nemini
1178 3718 1285 3780 tamen
1310 3714 1405 3800 ignu-

218 3830 287 3888 tum
311 3837 425 3885 nomen
448 3826 528 3885 crat.
576 3823 740 3908 Apponam
765 3819 961 3907 Theopompi
990 3817 1029 3885 do
1053 3836 1092 3884 eo
1119 3815 1270 3904 oppidulo
1291 3815 1405 3888 locum

218 3934 254 3992 ut
275 3921 427 3990 mendum
451 3924 600 3991 eximant.
647 3924 781 4012 Legitur
801 3924 885 4013 apud
909 3921 1066 4012 Porphyr.
1090 3919 1129 3988 de
1152 3920 1404 3993 tostinum.

217 4051 288 4120 pag.
312 4032 386 4096 129.
422 4029 610 4115 ἀφικομένου
638 4028 688 4099 οὖν
717 4032 842 4115 ταχέως
873 4032 917 4105 είς
939 4030 974 4096 τὸ
1006 4027 1171 4109 Μεθύδριον
1203 4033 1405 4110 πρῶτονμὲν

216 4143 449 4221 καταφρονῆσαι
472 4140 578 4217 μικροῦ
602 4136 654 4203 καί
679 4144 824 4204 ταπεινοῦ
847 4137 929 4209 θντος
952 4139 1017 4201 τοῦ
1041 4132 1233 4215 μεγέθους
1253 4138 1309 4201 τοῦ
1332 4160 1405 4219 χιι-

216 4245 298 4325 ρίιυ,
331 4251 366 4309 tu
396 4242 521 4327 corrige
551 4245 587 4308 τὸ
618 4243 767 4323 μέγεθος,
798 4241 882 4329 quod
917 4239 1042 4308 scribae
1074 4236 1162 4305 aliud
1192 4248 1326 4327 agentes
1357 4242 1404 4310 ad

216 4349 320 4417 vicina
352 4347 646 4416 accommodarunt.
692 4349 760 4417 Noli
793 4356 900 4416 autem
927 4356 1039 4434 putore
1064 4343 1309 4432 llorropbontonr
1329 4350 1404 4433 Ἀρ.
