2940 5010
624 312 687 376 477

51 490 232 573 χρήματα,
256 488 357 554 miror
380 485 538 572 quomodo
569 506 629 552 non
651 487 794 552 onmium
816 505 973 553 consensu
995 485 1161 574 prolratum
1196 486 1239 550 sit

53 592 306 679 τραανιρλααδτεα
328 593 505 673 χρήματα,
540 592 624 679 quod
654 592 733 658 mihi
766 590 894 679 quidem
919 593 1022 657 solum
1049 594 1093 657 rei
1126 610 1237 656 convc-

53 700 129 767 nire
158 698 296 766 ridetur.
348 699 587 779 Πριαναριήσκειι
618 698 704 764 enim
728 698 755 763 is
786 697 927 776 dicitur,
956 699 1078 785 quiite
1110 704 1238 762 sumtus

54 804 172 873 lecerit
194 814 227 870 et
245 803 426 889 erogaverit
454 802 493 870 de
514 824 593 881 suo,
618 810 653 867 ut
676 822 730 867 eos
754 822 904 869 nummos
924 814 1030 889 posteo
1048 821 1123 869 cum
1147 801 1238 866 lucro

54 910 204 997 recipiat.
259 908 326 973 llac
355 908 423 995 ipsa
454 928 510 995 spe
544 908 674 974 allectos
709 906 800 972 lacilc
835 908 1047 994 intelligimus
1070 904 1238 973 nonnullos

53 1016 213 1101 χρήματα
234 1014 479 1095 τρααιήλακὲναι
505 1034 604 1101 quum
635 1012 674 1078 ad
703 1011 822 1101 Cyrum
847 1012 1150 1098 proficiscerentur,
1183 1009 1239 1076 scd

55 1138 154 1187 nemo
176 1118 285 1186 credet
304 1120 485 1206 quempiam
509 1119 722 1195 Graecorum,
746 1126 782 1183 ut
800 1136 874 1183 curn
896 1117 979 1207 Cyro
996 1118 1170 1195 militaret,
1193 1122 1238 1204 se·

54 1226 138 1293 cisse
158 1225 206 1293 rei
228 1222 397 1290 familiaris
416 1224 578 1290 iacturum.

103 1330 141 1398 hr
164 1336 183 1419 §
205 1334 237 1397 9.
270 1330 375 1406 ἐπειδὴ
398 1330 430 1395 δὲ
450 1330 576 1419 postca
604 1328 703 1410 ήριέρα
727 1330 849 1408 ἐγένετο
873 1340 929 1407 τῆς
952 1331 995 1404 εἷς
1019 1331 1133 1397 ταύτὸν
1157 1327 1242 1394 nord·

55 1436 134 1513 dou,
155 1434 390 1502 emendandum
411 1455 481 1501 esse
505 1434 708 1500 censentiret
733 1435 764 1500 δὲ
787 1434 958 1513 δευτέρα
983 1435 1081 1518 ήμέρα
1101 1434 1242 1513 ἐγένετο,

57 1538 213 1629 quoniam
234 1540 282 1606 sic
305 1540 436 1607 Graecis
465 1548 516 1605 est
539 1549 728 1606 consuetum
754 1539 878 1616 dicere,
902 1541 958 1625 qui
988 1560 1163 1627 numquam
1188 1540 1243 1614 τήν

56 1644 170 1726 ὒςὲραα
193 1646 311 1727 ἡμέραν
337 1663 441 1730 neque
460 1647 516 1721 τήν
539 1645 685 1726 προτέραν
710 1646 825 1727 ἡμέραν
855 1644 1020 1723 dicebant,
1049 1644 1104 1711 sod
1128 1644 1246 1710 omisso

57 1750 193 1819 nomino
214 1751 269 1825 riu
294 1750 438 1831 dsepxlau
462 1763 492 1816 et
513 1752 569 1825 τήν
593 1753 785 1832 τροτεραήαι.

107 1854 182 1923 lure
204 1854 368 1922 Dindorlio
391 1856 425 1920 in
450 1854 503 1920 VI.
524 1875 565 1919 ru.
585 1860 615 1921 9.
641 1858 673 1921 in
696 1856 821 1922 verbis:
846 1856 949 1930 ἐπειδή
973 1855 1016 1920 τὰ
1037 1854 1103 1937 ἱεραὶ
1128 1854 1245 1941 [καλαὶ]

59 1960 188 2042 ἐγένετο
212 1960 357 2026 additum
385 1959 472 2027 καλαὶ
496 1970 669 2047 suspectum
693 1980 764 2027 esso
788 1960 966 2027 videbatur.
1013 1959 1080 2025 Non
1104 1968 1154 2026 est
1176 1979 1247 2047 par·

60 2064 202 2135 cendum
226 2063 396 2132 manifesto
427 2064 599 2131 sciolorum
620 2064 822 2143 emlrlemati,
855 2075 886 2132 et
913 2084 1070 2151 nusquam
1104 2067 1248 2151 apertius

59 2190 162 2261 quam
186 2171 221 2237 in
244 2169 305 2236 hac
329 2179 421 2257 parte
448 2169 628 2237 lnahaseos
658 2171 849 2257 intelligitur
869 2170 1030 2236 litantibus
1053 2169 1116 2235 dici
1139 2171 1248 2248 γίγνε-

22 2272 30 2285 “
61 2280 135 2345 σθαι
167 2275 211 2343 τὰ
241 2273 318 2357 ἱεραὶ.
365 2274 490 2362 Inspice
515 2275 566 2342 vl.
593 2296 633 2341 ry.
662 2282 720 2354 15,
747 2280 900 2355 tt,16,
927 2281 988 2353 l'i,
1015 2279 1074 2353 18,
1101 2279 1162 2353 19,
1187 2279 1248 2353 11,

66 2386 130 2461 nt,
155 2380 207 2447 vl.
227 2400 258 2447 r.
279 2384 310 2446 1.
347 2379 457 2446 idultis
478 2379 551 2446 aliis
563 2381 642 2447 locis
661 2381 773 2447 eadem
794 2382 913 2447 locutio
937 2381 1093 2458 recurrit,
1113 2389 1145 2445 et
1165 2379 1249 2467 apud

63 2484 288 2577 Thucydidem
312 2485 425 2551 crebro
449 2484 569 2570 legitur
599 2488 643 2552 τὰ
675 2488 863 2569 διαβατήρια
895 2486 1016 2565 ἐγένετο
1045 2485 1251 2572 similiaque,

63 2600 103 2663 ut
124 2594 159 2659 in
183 2589 391 2678 haruspicina
423 2609 459 2655 ea
484 2590 636 2657 vocabula
665 2600 818 2678 concepta
852 2601 883 2658 ot
915 2590 1070 2657 solemnia
1099 2599 1252 2678 appareat

65 2698 184 2767 luisse:
207 2697 356 2777 γίγνεται
378 2695 421 2762 τὰ
446 2695 513 2778 ἱεραὶ
536 2702 568 2762 el
591 2697 634 2762 τὰ
658 2696 724 2779 ἱεραὶ
755 2700 788 2763 αὖ
816 2699 974 2777 γίγνεται.
1023 2696 1118 2763 Scioli
1142 2696 1174 2761 in
1201 2694 1252 2761 his

66 2802 200 2871 turlurre
222 2800 325 2867 solent
348 2809 381 2867 et
405 2800 444 2867 dc
477 2820 536 2866 suo
567 2801 685 2868 addere
714 2803 801 2868 καλή
830 2811 887 2868 aut
917 2800 1022 2884 χρῆταί
1054 2809 1110 2866 aut
1141 2799 1251 2879 αἴσια,

66 2916 123 2977 aut
146 2905 269 2994 aliquid
293 2904 500 2984 huiusmodi,
525 2915 561 2973 ut
589 2908 621 2971 in
648 2906 707 2972 hoc
732 2908 800 2994 ipso
827 2907 896 2973 loco
919 2906 1041 2972 lactum
1074 2925 1142 2971 esse
1166 2904 1252 2971 vide·

65 3032 152 3093 mus.
199 3010 319 3078 Eadem
342 3010 431 3078 lraus
453 3011 606 3078 Codicum
630 3011 800 3078 meliorum
821 3012 940 3078 indicio
960 3012 1110 3097 arguitur
1133 3009 1186 3076 vl.
1209 3029 1250 3075 ru.

70 3124 121 3187 15.
147 3115 202 3185 11111
224 3116 334 3204 plures
354 3117 429 3183 libri
450 3115 600 3184 exhibent
623 3120 676 3183 αὖα
699 3118 844 3195 ἐγίγνετο
867 3118 910 3183 τὰ
931 3118 997 3200 ἱεραὶ
1021 3114 1160 3203 [καλαὶ],
1185 3134 1252 3180 me·

66 3222 163 3289 liores
192 3221 400 3289 manifestum
432 3222 589 3289 emblema
621 3221 785 3287 omittunt.
833 3222 939 3289 Etiam
973 3220 1176 3287 manifestius
1199 3218 1253 3284 ad·

69 3326 282 3395 illamentatus
315 3336 463 3394 tenemus
487 3327 539 3393 Vl.
565 3347 606 3393 ιν.
632 3330 685 3391 dd.
721 3326 822 3413 [καλαὶ
843 3327 886 3393 τα
910 3326 976 3409 ἱεραὶ
998 3323 1170 3413 δηλανδτι],
1194 3344 1253 3391 cu·

71 3432 121 3501 ius
144 3434 179 3499 in
212 3440 352 3520 quatuor
383 3432 514 3519 optimis
546 3431 669 3497 nullum
695 3433 866 3517 vestigium
892 3438 950 3498 est.
999 3430 1098 3498 lidcm
1121 3430 1253 3497 Codices

70 3540 102 3605 in
126 3536 182 3604 vl.
205 3556 236 3603 r.
261 3540 293 3603 1.
325 3535 383 3603 soli
417 3546 546 3603 servant
574 3556 682 3603 veram
713 3536 881 3603 lectionem
913 3538 1061 3617 γ1ριεται
1091 3535 1132 3602 τὰ
1162 3537 1251 3619 ἱερή,

69 3641 187 3712 caeleri
213 3662 326 3709 omnes
352 3640 465 3708 fraude
488 3644 691 3729 apertissima
715 3643 862 3723 γίγνεται
894 3643 938 3708 rol
966 3642 1032 3725 ἱεραὶ
1054 3641 1141 3708 καλαὶ
1166 3641 1253 3709 exhi·

70 3746 156 3817 lent.
203 3746 290 3815 ldern
316 3748 430 3814 vitium
455 3768 552 3835 supra
576 3769 613 3815 ex
640 3747 835 3837 Cynopaedia
868 3746 1069 3814 sustulimus.
1117 3745 1253 3812 Utilissi-

72 3872 124 3923 mo
146 3872 222 3919 oum
246 3852 298 3919 his
328 3851 472 3919 conseres
494 3852 600 3918 locum
626 3852 825 3942 Thucydidis
849 3853 887 3921 V.
914 3860 966 3919 55.
997 3854 1041 3919 τὰ
1065 3853 1253 3933 διαβατήρια

70 3962 175 4033 αὐτοῖς
203 3956 349 4036 ἐγένετο,
381 3958 433 4023 uhi
463 3957 640 4025 Graeculus
663 3958 833 4025 scholiasta
858 3957 1044 4024 annotavit:
1068 3958 1175 4022 καλαὶ
1203 3956 1253 4032 δή·

72 4062 183 4131 tustra.
231 4061 322 4129 Alius
350 4062 383 4127 in
412 4060 560 4129 Leidensi
584 4061 698 4128 Codice
728 4062 767 4128 ad
799 4065 987 4147 διαβατήρια
1017 4061 1189 4149 adscripsit
1220 4062 1254 4127 in

72 4168 237 4257 margine:
268 4166 311 4233 τα
343 4168 438 4248 ἱερεῖα
462 4170 505 4243 εἰς
537 4167 702 4248 διάβασιν,
726 4170 781 4254 qui
811 4178 897 4234 certe
918 4167 984 4252 ἱερά
1012 4166 1163 4245 dederat,
1194 4186 1256 4231 non

72 4276 176 4355 ἱερεῖα.
224 4270 331 4358 Longe
354 4273 618 4359 antiquissimum
643 4272 785 4339 scholion
820 4280 925 4339 exstat
949 4274 981 4338 in
1006 4272 1108 4360 ipsius
1132 4270 1258 4360 Thucy·

74 4378 158 4447 titis
191 4379 337 4447 oratione
357 4378 393 4444 V.
423 4384 496 4445 116.
528 4383 565 4454 ὥς
600 4383 704 4453 αὐτοῖς
735 4381 778 4446 ταὶ
808 4380 996 4463 διαβατήρια
1028 4379 1109 4465 [ἱεραὶ
1141 4378 1171 4444 εἰ
1199 4386 1262 4453 ταῖς
