2940 5010
799 302 863 365 574

280 476 371 542 Ferri
395 474 481 539 nulio
503 472 597 539 modo
619 480 723 565 potest
747 475 891 557 Φείσεσόε
911 470 978 538 vu.
1004 493 1024 538 1.
1050 476 1103 539 24.
1133 473 1189 539 εὀῖν
1213 470 1265 541 οὖν
1298 480 1415 559 συφρο·

232 591 327 660 virs,
357 584 411 646 τοῦ
443 582 616 649 ἀκολουθεῖν
646 575 712 645 ὅποι
746 578 786 645 σ’ίν
819 604 866 653 τις
898 588 1069 662 παρακαλῇ
1105 580 1328 663 Φείσεσόε,
1361 579 1414 647 sed

231 684 467 754 emendandum
491 692 540 750 est
562 687 732 768 όφησεοόε.
766 682 845 750 lhid.
859 682 927 749 vtl.
947 704 981 749 ιι.
1000 689 1029 749 7.
1054 702 1112 771 pro
1133 684 1301 767 ἐχιίρουν
1320 684 1415 751 πόλιν

231 791 336 859 scribe
357 789 538 873 ἀνεχώρουν.
584 789 663 856 ibid.
684 790 752 856 Vll.
775 810 809 856 u.
834 793 887 856 20.
919 787 970 856 ἐπί
1002 798 1065 863 τοῖς
1088 785 1163 872 όροις
1188 790 1315 877 recepit
1341 790 1415 857 ltin-

230 896 305 964 dori
324 916 382 983 pro
402 898 498 979 ὁρίοις.
543 894 665 962 Nollem
702 894 834 961 iactum.
868 894 954 977 ὀροο
987 901 1064 961 sunt
1094 894 1237 973 termini,
1271 893 1416 983 lapides,

230 1005 285 1090 qui
309 1003 465 1070 dicuutur
493 1001 687 1083 πεπηγέναι,
711 999 905 1069 σίνεσποίσόαι
926 1009 957 1066 et
981 1001 1055 1067 sim.
1101 1000 1197 1082 Ὀρια
1214 1008 1296 1067 suut
1316 1002 1415 1089 fines,

230 1129 310 1197 quos
334 1108 465 1174 termini
487 1106 701 1172 constituunt.

276 1211 616 1285 tenemusne.
649 1215 675 1279 οῖ
703 1213 761 1292 μὲν
784 1209 877 1277 ἄλλοι
897 1214 1056 1290 ἠρνοῦντο,
1079 1205 1124 1286 είς
1148 1211 1181 1279 δὲ
1208 1213 1416 1292 ιδμολογιί-

229 1344 309 1396 νει,
341 1316 434 1384 facile
463 1326 596 1405 apparet
618 1318 771 1398 ὡμολόγει
796 1335 908 1383 verum
936 1336 1027 1383 esse:
1058 1314 1175 1383 deinde
1202 1318 1248 1399 τῷ
1283 1318 1415 1401 νομίζειν

229 1426 342 1491 δίκαιον
373 1431 469 1489 ποιεῖν
499 1423 656 1490 Graecum
682 1442 745 1489 nou
778 1429 844 1489 est:
876 1423 982 1489 δίκαια
1005 1429 1100 1488 ποιεῖν
1123 1420 1174 1511 (ui
1202 1421 1238 1487 in
1261 1419 1326 1489 hec
1348 1422 1416 1511 ipsa

231 1549 267 1595 re
288 1531 306 1611 ς’
328 1526 394 1616 11.)
418 1529 600 1595 rectissime
620 1527 760 1607 dieitur,
786 1526 1057 1615 quemadmodum
1079 1526 1174 1595 ἄδικα
1197 1535 1296 1595 ποιεῖν
1327 1536 1362 1597 et
1381 1530 1414 1596 ni

230 1642 347 1702 ποιεῖτε
369 1633 475 1701 δίκαια
498 1654 556 1722 pro
575 1635 733 1713 οίδιιιεῖτε,
755 1642 788 1700 et
810 1633 916 1699 δίκαια
939 1632 1066 1715 λίγεον,
1089 1633 1196 1700 δίκαια
1218 1633 1363 1719 πάσχειν
1384 1644 1416 1703 ei

230 1738 349 1807 similia
371 1740 495 1817 omnia,
518 1737 574 1805 sed
598 1740 712 1805 δίκαιον
732 1746 846 1815 ποιεῖν,
870 1738 986 1804 δίκαιον
1008 1737 1112 1816 λέγειν
1133 1758 1197 1805 non
1220 1740 1313 1807 item.
1358 1740 1416 1810 Ne·

230 1865 320 1912 cesse
347 1851 397 1911 est
417 1842 524 1911 dicere
543 1845 658 1912 δίκαιόν
680 1870 710 1911 τι
738 1854 855 1922 ποιεῖν,
879 1851 916 1910 ut
941 1841 1036 1929 paulo
1058 1852 1134 1909 ante
1155 1844 1371 1914 ostendimus

275 1952 377 2033 Quam
410 1970 503 2037 saepe
539 1951 572 2015 in
603 1949 716 2015 vocula
743 1974 773 2015 τι
799 1947 976 2014 omittenda
999 1949 1127 2035 peccari
1153 1948 1254 2017 soleat
1278 1950 1417 2021 subinde

230 2056 441 2123 ostendimus.
487 2055 605 2122 Contra
624 2055 836 2141 expungenda
859 2065 909 2121 est
930 2053 1042 2121 eadem
1061 2052 1146 2140 apud
1164 2054 1416 2125 Demosthenem

230 2164 264 2229 iu
292 2159 379 2230 Orat.
401 2159 483 2227 xiv.
509 2165 539 2225 4.
570 2163 597 2227 εῖ
618 2162 677 2242 μὲν
700 2160 826 2243 ἐναργές
849 2185 879 2226 τι
910 2158 1104 2239 γένοιτοκαὶ
1128 2161 1295 2244 σαφδςοῖς
1322 2164 1417 2244 βας.

228 2267 301 2341 esdr
325 2269 432 2341 αὐτοῖς
454 2267 618 2350 ἐπιχειρεῖ.
664 2266 792 2352 Peperit
815 2266 1035 2352 importunum
1061 2284 1236 2351 pronomen
1261 2264 1418 2355 dittogra-

228 2371 304 2458 phia
328 2371 445 2450 γίνοιτο
469 2379 501 2437 ei
523 2372 658 2450 γίνοιτο,
681 2378 714 2437 et
740 2369 910 2456 legendum
935 2377 984 2437 est
1006 2370 1033 2435 εῖ
1057 2370 1115 2449 μὲν
1136 2370 1265 2451 ἐναργὲς
1284 2372 1416 2450 γίνοιτο.

227 2477 283 2542 Bis
302 2476 386 2542 idem
408 2495 583 2562 pronomen
602 2484 651 2541 est
670 2474 892 2562 expellendum
913 2492 952 2540 ex
972 2473 1141 2541 Aeschinis
1159 2483 1241 2542 orat.
1263 2474 1306 2545 de
1324 2477 1364 2545 le,
1381 2478 1415 2549 1».

228 2586 246 2669 §
272 2586 346 2648 107.
372 2581 466 2655 οὐδείς
488 2606 530 2660 με
552 2583 611 2647 τῶν
635 2577 737 2647 όπλοιν
759 2579 849 2647 ἕνεκα
872 2588 932 2647 τῶν
959 2583 1115 2647 Φιλίππου
1139 2589 1251 2662 κρινεῖ,
1273 2585 1354 2651 ἁλλ’
1376 2582 1415 2653 ris

225 2687 265 2755 eo
285 2684 361 2752 εῖπιο
381 2688 442 2772 [τι]
462 2688 507 2766 μη
526 2686 590 2751 δίον
609 2687 626 2762 si
646 2684 752 2767 προίξοο
770 2685 826 2775 [τι]
848 2693 906 2753 τοῖν
918 2688 963 2766 μη
976 2686 1266 2767 προστεταγμίόυν.
1292 2688 1415 2757 'l'mns-

225 2790 408 2880 ponendum
431 2799 480 2856 est
505 2792 537 2856 in
561 2789 784 2858 Demosthenis
807 2799 888 2857 orat.
912 2790 952 2857 de
974 2791 1044 2857 Cor.
1070 2795 1183 2878 §277⁸
1210 2790 1267 2858 uhi
1289 2792 1416 2863 scrihez

225 2895 260 2964 ἵν’
284 2900 386 2974 εῖδιῖτε
407 2897 440 2963 τί
461 2898 478 2972 η
501 2897 561 2974 epi
579 2897 729 2978 συνέχεια
746 2934 791 2946 -—
809 2897 862 2963 καί
885 2898 1103 2979 ψηφίσματα,
1126 2891 1149 2961 ἃ
1169 2901 1222 2963 νῦν
1243 2894 1333 2973 οὗτος
1358 2898 1416 2969 διό·

224 3028 329 3085 συρεν,
353 3001 570 3084 οὶπειργοίσατο
594 3022 652 3088 pro
673 3002 774 3078 εἰδῆτε
797 3004 815 3077 ἡ
838 3000 1103 3082 ἐμὴ-διέσυρε,
1124 3000 1159 3067 τί
1178 2997 1416 3085 ιῖπειργόσατο,

224 3109 335 3196 inepte
367 3106 513 3173 additum
544 3117 690 3174 ostrina
721 3107 753 3172 in
782 3105 892 3172 eadem
926 3103 1015 3171 Orat.
1047 3106 1064 3185 ἓ
1090 3109 1165 3173 146.
1191 3105 1220 3172 εί
1240 3130 1286 3190 τφ
1308 3108 1413 3199 [τινα]

223 3217 324 3297 οῖρχην
347 3213 485 3296 οῖρχοοτι.
533 3213 604 3279 hiio
635 3232 752 3299 genere
779 3209 888 3278 mendi
916 3208 1041 3276 laborat
1072 3209 1163 3277 iocus
1186 3209 1417 3281 Demosthenis

223 3322 256 3386 in
286 3318 375 3386 Orat.
403 3318 495 3384 xcii.
522 3322 575 3384 25.
608 3321 679 3394 τοὺς
710 3320 742 3385 δὲ
773 3317 952 3399 νομίζοντας
983 3316 1155 3384 ἀπολλύειν
1186 3315 1285 3384 όταν
1310 3321 1358 3393 είς
1380 3320 1418 3389 τό

223 3425 317 3492 κοινόν
345 3425 406 3512 [τι]
428 3424 665 3502 δαπανήσωσιν,
691 3425 780 3490 locus
804 3421 972 3508 expeditus
995 3421 1059 3487 erit
1082 3420 1137 3486 ubi
1160 3446 1191 3488 τι
1215 3426 1417 3511 expunxeris

222 3541 254 3597 et
278 3550 335 3616 pro
352 3525 427 3595 όταν
448 3530 629 3614 reposueris
654 3526 673 3594 ό
697 3554 736 3595 τι
769 3528 815 3594 όον
846 3530 889 3601 είς
908 3530 944 3594 τό
968 3528 1061 3595 κοινόν
1084 3526 1314 3605 δαπανήσωσιν.

267 3634 346 3702 ibid.
369 3633 435 3701 Vll.
459 3654 504 3701 ιιι.
531 3640 560 3699 ῖ.
594 3636 682 3713 ὑμεῖς
705 3634 775 3708 τοὺς
799 3634 866 3713 περὶ
898 3634 1032 3714 Ἀρχίαν
1054 3669 1099 3686 -
1123 3635 1157 3699 od
1184 3638 1294 3716 ψῆφον
1326 3636 1415 3709 ἀνε-

221 3742 401 3822 μείνατε,
433 3740 509 3804 οίλλ’
541 3738 634 3805 ὁπότε
664 3746 780 3821 πρῶτον
816 3737 998 3815 ἐδυνάσθητε
1031 3739 1279 3821 ίτιμαρησασόε,
1311 3758 1414 3809 arem

222 3856 272 3914 est
304 3846 373 3912 siue
406 3844 515 3921 ealce,
550 3843 605 3910 sed
632 3843 710 3931 quid
742 3845 931 3931 requiratur
962 3843 1051 3910 iocus
1076 3844 1145 3929 ipse
1173 3842 1299 3931 liquido
1321 3864 1413 3915 mou·

222 3960 313 4020 strat.
361 3948 575 4037 Oppouuutur
596 3950 682 4015 enim
714 3949 801 4016 inter
830 3970 953 4017 senon
984 3950 1170 4028 ἀνεμείνατε
1201 3959 1235 4017 et
1264 3950 1414 4037 όειμιιριί·

223 4062 337 4134 οαοόε,
361 4076 436 4123 nam
460 4057 508 4122 sic
534 4055 755 4122 accusativum
780 4058 850 4130 τοὺς
874 4057 941 4138 περὶ
966 4054 1100 4137 ’Λρχίαν
1121 4052 1162 4121 eh
1180 4061 1320 4142 utroque
1344 4076 1416 4127 rer·

221 4166 262 4232 bo
286 4161 425 4251 pendere
448 4158 633 4249 oportebat,
655 4158 711 4225 sed
734 4168 841 4246 ψῆφον
869 4163 1095 4240 ἀναμείναντες
1123 4168 1157 4226 et
1178 4158 1273 4227 όπόσε
1294 4168 1414 4245 πριῖτον

105 4263 107 4268 ’
221 4270 404 4345 ἐδυνάσθητε
436 4267 534 4355 idque
555 4267 661 4352 ipsum
693 4263 929 4334 restituendum
964 4270 1074 4333 estod
1106 4270 1213 4349 ψῆφον
1243 4266 1413 4347 drausi-

222 4399 364 4449 σαντες
387 4375 464 4439 ἀλλ’
485 4374 577 4440 ὁπότε
597 4374 661 4438 κτὲ.
688 4378 716 4437 et
743 4372 851 4438 omnia
871 4370 1033 4439 habebunt
1056 4373 1187 4459 optime.
1235 4368 1414 4441 Simiilimo
