2940 5010
692 279 754 339 717

130 450 289 539 ligantias
313 451 425 517 rimari
460 459 492 518 et
523 451 718 535 investigare
754 451 970 528 instituisset,
994 457 1028 517 et
1058 452 1201 520 nondum
1232 463 1321 522 certa

129 556 300 625 doctrinae
319 554 529 623 fundamenta
550 557 634 622 iacta
653 562 783 633 essent,
808 554 864 621 sed
885 555 970 621 laura
996 574 1036 622 ex
1060 555 1228 627 hominum
1254 580 1320 627 ser·

129 661 285 731 monibus
315 670 390 729 nata
423 669 544 729 certam
575 681 685 728 rerum
721 659 816 727 tidem
841 661 1015 729 obscurare
1050 663 1174 731 soleret.
1221 666 1321 733 Cuius

130 768 183 837 rei
205 766 344 834 alterum
369 767 549 854 exemplum
579 787 617 834 ex
639 767 821 853 antiquiore
852 766 1084 854 Spartanorum
1114 769 1250 837 historia
1272 770 1320 838 ai·

132 870 221 943 Terre
246 873 345 938 iurat
391 873 502 958 Ecqua
526 872 625 940 luisse
658 881 763 959 potest
795 872 929 958 Spartae
952 873 1109 960 insignior
1131 883 1163 941 et
1190 877 1320 961 gravior

131 976 263 1047 naratio
284 997 381 1064 quam
405 980 424 1056 ἡ
447 985 507 1045 τῶν
531 979 623 1044 πέντε
645 978 760 1059 ἐφόρων
785 977 989 1052 uaruicum?
1036 978 1135 1046 (iuius
1165 983 1239 1067 quis
1261 1003 1318 1049 att·

131 1083 231 1153 atari
280 1082 360 1163 Quis
391 1102 459 1150 rem
492 1083 737 1150 saluberrimam
763 1084 905 1169 reperit,
940 1102 1023 1171 quae
1055 1084 1220 1172 aliquanto
1247 1088 1321 1175 plus

132 1208 235 1279 quam
268 1189 410 1278 Lycurgi
445 1188 531 1274 leges
563 1188 796 1276 Spartanorum
831 1189 910 1274 reip.
945 1188 1033 1256 illam
1068 1189 1257 1259 firmitatem
1288 1203 1320 1262 et

130 1294 343 1363 stabilitatem
368 1293 498 1374 attulit,
521 1314 618 1381 quam
642 1293 846 1360 admirantur
869 1294 1003 1360 omnes?
1034 1294 1102 1362 Una
1125 1307 1174 1363 est
1192 1305 1226 1365 ct
1245 1317 1318 1365 con·

132 1402 279 1469 matteas
312 1420 371 1466 von
410 1399 611 1467 cruditorum
645 1401 814 1476 omnium,
850 1401 905 1486 qui
939 1399 1179 1489 Theopompum
1209 1423 1321 1490 regem

132 1505 278 1593 pradum
299 1503 379 1573 illud
400 1514 689 1593 temperamentum
713 1506 821 1591 regiae
842 1507 1010 1592 potestatis
1031 1507 1117 1573 ultro
1140 1508 1321 1577 instituisse

132 1609 281 1679 tradunt.
336 1610 427 1691 Quod
462 1611 573 1679 Cicero
608 1611 723 1677 scribit
760 1610 799 1678 dc
831 1611 928 1697 chg.
955 1611 1010 1679 llI.
1042 1631 1095 1678 vn.
1130 1616 1181 1679 lb.
1229 1614 1323 1682 »Nec

132 1712 261 1805 Ephori
290 1715 521 1783 lacedaemona
544 1717 612 1783 siaa
634 1737 728 1783 caasa
751 1739 771 1782 a
798 1715 992 1804 Theopompo
1014 1718 1146 1804 oppositi
1174 1721 1322 1806 repihur,

131 1842 192 1891 m
213 1822 299 1908 apud
321 1844 376 1888 nos
402 1822 587 1889 Consulibus
609 1821 728 1887 tribuni
736 1821 768 1898 ‚”
792 1821 887 1888 etde
911 1823 990 1909 Rep.
1007 1823 1047 1888 ll.
1073 1829 1128 1890 55.
1154 1828 1208 1890 ὃὸ.
1257 1825 1324 1894 »Na

131 1924 283 2015 mearet.
316 1928 441 2013 quidem
481 1928 647 2015 disciplina
682 1929 779 1993 lenuit
809 1927 882 1993 illos
914 1928 948 1993 ιἰι
980 1927 1156 1994 hanricibar
1196 1930 1322 1998 Graccis

130 2036 266 2121 fruar:
298 2054 373 2099 num
408 2034 538 2122 Spartae
561 2043 711 2120 repnaate
744 2032 937 2121 Theopompo
958 2042 1031 2098 aaut
1061 2035 1214 2122 quinqua,
1244 2060 1322 2125 quor

132 2136 188 2207 illi
212 2136 358 2223 Ephoros
387 2139 566 2224 appellant,
597 2139 797 2216 corstituti,”
831 2139 917 2206 idem
949 2138 1061 2207 Gracci
1088 2147 1184 2207 testes
1199 2143 1323 2227 ,coufir-

134 2251 229 2311 maut
251 2243 308 2330 qui
331 2252 403 2330 post
432 2251 507 2311 nata
537 2243 665 2311 erudita
700 2244 912 2330 antiquitatis
942 2243 1050 2310 studia
1082 2243 1122 2311 da
1155 2246 1195 2313 iis
1225 2249 1323 2317 rebus

133 2346 259 2437 aliquid
282 2350 493 2435 scripserunt.
541 2349 729 2416 Aristoteles
759 2348 851 2415 Polit.
877 2349 915 2416 V.
942 2354 974 2416 9.
1006 2358 1120 2416 auctor
1150 2360 1199 2418 est
1223 2354 1323 2422 Thea·

133 2474 291 2543 pompam
315 2475 423 2542 regem
449 2455 517 2544 (qui
538 2456 569 2520 ἐν
594 2464 657 2529 τοῖς
681 2456 929 2536 Εὐρυτοντιῒαιι
953 2474 1057 2520 nouus
1079 2476 1098 2521 a
1119 2457 1231 2526 Proclc
1253 2469 1321 2541 cst,

132 2558 313 2631 l-flharillu
337 2562 465 2647 tertius)
490 2559 707 2641 μετριάσαντα
724 2570 787 2635 τοῖς
809 2585 844 2626 τε
865 2560 975 2634 ἄλλοις
996 2562 1048 2626 καὶ
1069 2562 1126 2637 τὴν
1145 2565 1206 2629 τῶν
1225 2568 1320 2650 Ἐφό·

132 2688 193 2749 para
213 2668 316 2749 ἀρχὴν
339 2667 592 2743 ἑτικατοιτῆσοιι,
627 2664 781 2751 additque
803 2665 881 2752 quid
912 2667 1004 2732 uxori
1033 2667 1234 2753 responderit
1263 2673 1322 2739 im·

133 2771 295 2839 minutam
320 2770 360 2835 ab
385 2792 422 2836 eo
444 2772 567 2856 regiam
592 2779 781 2858 potestatem
806 2770 1022 2857 exprobranti.
1071 2769 1158 2838 lclern
1180 2775 1221 2840 ab
1250 2777 1321 2845 Ari·

134 2874 251 2944 stutcle
280 2877 311 2941 ἕν
346 2886 385 2958 τῇ
420 2883 480 2941 τῶν
510 2878 664 2943 Λακώνων
699 2878 843 2960 πολιτείᾳ
878 2885 1031 2943 accurate
1065 2876 1321 2949 demonstratum

134 2998 209 3049 aare
243 2980 406 3067 probabile
439 2988 501 3048 est.
556 2981 646 3045 Plato
682 2981 714 3045 in
750 2980 846 3066 Legg.
871 2980 927 3047 lll.
965 3001 995 3067 p.
1022 2986 1099 3049 692.
1132 2985 1170 3051 Α.
1203 2985 1322 3056 diserte

135 3086 400 3155 cunctanctium
428 3085 641 3174 (Lycurgum)
666 3086 849 3152 instituisse
879 3087 934 3161 rho
957 3093 1016 3153 τῶν
1039 3089 1116 3154 derb
1142 3090 1196 3155 καὶ
1227 3091 1320 3161 εἴκοσι

134 3190 286 3275 peplum
320 3192 450 3270 δύναμιν
483 3189 637 3274 ἰσόψηφον
669 3192 712 3265 εἰς
743 3192 787 3257 τόι
818 3192 941 3270 μένοι-α
976 3202 1015 3275 τῇ
1050 3199 1109 3257 τῶν
1141 3196 1321 3278 βασιλέων,

133 3294 237 3363 chum
270 3296 416 3382 Ephorus
439 3297 637 3362 instituisse:
675 3297 688 3361 ό
713 3297 744 3362 δὲ
768 3296 868 3378 τρίτος
890 3298 988 3378 σωτὴρ
1012 3298 1085 3377 ὑμῖν
1105 3296 1152 3365 ἔτι
1175 3312 1321 3386 crappu-

134 3424 198 3469 σω
219 3403 488 3481 callemarcium
514 3403 569 3478 τὴν
599 3402 700 3482 οὶρχὶρν
725 3402 794 3482 όρῶν
825 3397 882 3467 οἷον
914 3401 1027 3484 φόλιον
1059 3404 1209 3482 ἐνέβαλεν
1239 3412 1321 3494 αὐτῇ

133 3508 193 3585 σὺν
222 3514 283 3575 τῶν
309 3498 454 3590 ’Ἐφόρων
490 3506 630 3583 δύναμιν.
687 3507 827 3571 Platonis
855 3515 888 3573 et
922 3507 1105 3577 aristotelis
1137 3512 1323 3583 testimonia

133 3610 301 3699 eleganter
319 3613 485 3680 coniunxit
499 3609 692 3678 Plutarchus
712 3612 744 3676 in
758 3612 833 3700 hyc.
847 3618 877 3678 7.
897 3631 992 3700 quern
1007 3634 1068 3680 non
1082 3613 1213 3685 aliunde
1223 3640 1320 3705 quam

134 3736 175 3787 ex
198 3716 382 3785 Aristotelis
406 3718 486 3784 libro
509 3718 549 3782 de
570 3738 637 3801 rep.
664 3716 977 3784 Lacedaemoniorum
999 3721 1154 3788 sumsisse
1183 3723 1323 3794 arbitror

135 3820 172 3891 ld
202 3821 288 3910 quotl
317 3824 472 3891 contiuuo
505 3821 611 3888 addit:
648 3818 693 3888 ότι
729 3821 814 3888 ἔτεσί
836 3848 894 3890 του
925 3823 1051 3902 patarea
1074 3824 1240 3907 τριόιιονσα
1269 3833 1322 3898 καὶ

134 3928 248 3997 ἑκατὸν
277 3930 363 4008 μετὰ
387 3936 563 4010 Λυκοῦργον
588 3931 605 4004 ἦ
629 3930 689 3994 τῶν
712 3928 849 4011 Ἐφόρων
878 3930 964 4010 οἱρχίρ
993 3931 1151 4006 κατεςόόνι
1174 3933 1226 3999 ἐπὶ
1250 3947 1324 4005 Θεο-

133 4032 264 4115 τόριτον
292 4036 525 4115 βασιλεύοντος.
574 4033 756 4112 Charibus,
781 4032 975 4120 Theopompi
1000 4053 1099 4112 avus.
1123 4039 1218 4104 annis
1243 4046 1319 4114 108.

134 4146 214 4207 autc
245 4140 384 4225 primam
417 4137 638 4228 Olympiadem
675 4138 714 4206 ad
738 4156 875 4225 regnum
898 4141 1082 4225 pervenisse
1114 4142 1324 4231 perbihetur,

133 4242 358 4332 dicunturque
390 4246 432 4313 τὰ
464 4246 633 4325 Ὀλύμπιοι
660 4248 782 4322 τεόῆναι
818 4244 1005 4325 Θεοπόμπου
1035 4247 1071 4312 τό
1099 4248 1226 4317 δέκατον
1256 4254 1322 4333 ἔτος

130 4350 379 4432 βασιλεύοντος,
405 4354 514 4439 itaque
537 4351 662 4418 duobus
686 4360 719 4417 et
753 4352 866 4436 viginti
896 4352 1027 4419 circiter
1051 4354 1145 4421 anuis
1175 4367 1266 4441 post,
1290 4362 1323 4428 id
