2940 5010
699 259 765 323 bib

147 435 267 522 recepit
296 432 418 515 δένδρων
446 432 650 500 παντοδαπῶν
674 432 888 511 σύμπλεων
914 451 971 519 pro
992 432 1159 515 ἔμπλεων,
1187 446 1221 505 et
1246 438 1328 506 illem

148 541 296 607 vitiosam
325 538 521 623 scripturam
552 537 693 604 munivit
725 536 848 603 scilieet
882 537 1086 624 Hippocratis
1117 542 1207 623 loco,
1238 553 1270 613 et
1293 545 1331 635 (si

146 646 247 713 Musis
289 640 407 731 placet)
444 641 676 732 Tlreophylacti
712 641 924 722 Simocattae,
968 654 1106 733 utroque
1150 647 1331 737 depravato.

147 752 268 818 Graeca
298 756 375 815 sunl
402 748 521 826 πλέως,
554 749 715 827 ἔμπλεως,
740 747 924 826 άνάπλευς,
946 748 1334 835 ἔκπλεονττκατάπλνυς,

145 857 300 929 διάπλεως
325 863 398 932 eet,
421 873 504 940 quae
535 852 728 940 respondent
750 852 858 919 verbis
886 855 1072 937 πίμπλνμν,
1101 859 1333 944 ἐμπίμτλκμν,

145 963 377 1042 άναπάμπλκμν
405 969 467 1026 cel.
526 957 587 1024 Sed
616 978 721 1044 neque
751 960 984 1041 enucleatores
1016 960 1176 1032 Graecum
1205 975 1257 1034 ent
1278 988 1335 1056 pre

147 1073 336 1149 opponenti,
359 1085 462 1151 neque
475 1063 552 1130 adeo
574 1064 742 1144 σύμπλους
753 1112 763 1141 ,
786 1065 850 1132 nisi
872 1064 929 1132 ubi
948 1067 1137 1155 pervulgato
1149 1071 1333 1141 scribarum

145 1193 255 1240 errore
287 1174 328 1252 ἐμ
359 1208 394 1220 -
433 1171 465 1235 in
500 1195 564 1250 ονμ
596 1205 641 1220 -
673 1168 771 1249 abiit,
801 1169 887 1257 quod
920 1177 1100 1240 sexcenties
1132 1175 1205 1243 lieri
1243 1177 1333 1247 solet.

145 1279 265 1366 Nempe
289 1276 478 1344 scribuntur
498 1276 529 1339 io
557 1274 648 1341 libris
672 1275 846 1362 plerisque,
870 1277 988 1364 petilius
1009 1283 1151 1358 utimur,
1173 1283 1207 1348 ἐν
1227 1284 1334 1351 etoile

143 1394 209 1450 tam
224 1382 323 1449 simili
338 1381 459 1459 torma,
485 1388 519 1446 ut
542 1379 700 1466 distingui
724 1390 908 1466 nequeant,
929 1383 990 1449 nisi
1015 1383 1075 1450 hoc
1095 1405 1174 1473 agas
1194 1397 1230 1473 et
1252 1388 1331 1477 qnid

144 1491 188 1554 sit
211 1489 367 1556 Graecum
393 1484 472 1572 quid
496 1486 623 1551 nonsit
647 1493 736 1551 certo
756 1487 851 1552 scias.
897 1487 1036 1555 Librarii
1061 1510 1167 1580 neque
1188 1493 1334 1563 solebant

143 1596 189 1661 ita
206 1592 312 1659 lacere
333 1610 437 1677 neque
455 1598 620 1676 poterant,
644 1591 753 1677 itaque
773 1591 1025 1662 innumerabiles
1043 1594 1104 1662 loci
1121 1607 1220 1678 sunt,
1243 1620 1334 1688 prae·

145 1701 258 1767 sertim
284 1699 316 1763 in
342 1696 546 1782 compositis,
571 1695 624 1761 obi
649 1697 680 1760 ἐν
703 1733 749 1746 -
771 1696 847 1774 τόν,
870 1698 927 1777 ἐμ·
949 1709 982 1766 et
1001 1726 1080 1781 τνμ·
1103 1705 1284 1773 oscitanter
1304 1715 1334 1774 et

144 1805 244 1872 stulte
267 1812 343 1870 sunt
369 1803 453 1867 inter
476 1821 510 1867 se
531 1808 727 1887 permutata.
777 1802 874 1890 Caput
896 1804 1074 1885 obvolvere,
1098 1815 1134 1874 ut
1156 1808 1218 1878 hoc
1242 1820 1332 1891 utar,

146 1913 269 1979 dicitur
292 1908 408 1975 Atticis
430 1907 689 1985 ἐγκαλύπτεσθαν
714 1908 884 1974 tritissimo
907 1912 1052 1977 omnium
1078 1934 1160 1982 usu:
1185 1925 1264 1984 sunt
1286 1922 1333 1984 ta-

145 2039 219 2085 men
243 2016 303 2082 loci
327 2013 510 2100 complures
545 2011 600 2078 ubi
630 2014 919 2094 ονγκαλύπτομαν,
944 2036 1140 2106 quamquam
1166 2021 1333 2090 manifeste

144 2123 355 2198 mendosum,
385 2118 506 2185 nullius
531 2137 686 2205 umquem
706 2121 923 2206 suspicionem
950 2125 1069 2204 movit,
1100 2127 1193 2192 utin
1217 2128 1330 2217 Cprop

146 2230 231 2296 vlit.
258 2248 311 2293 vu.
336 2229 379 2291 28
410 2224 533 2298 πάντας
562 2223 785 2302 δεξιωσάμενος
813 2230 1130 2312 τυνεκαλύψατο
1155 2236 1210 2300 καὶ
1240 2232 1330 2309 οὕτως

145 2336 369 2409 ἐτελεύτησεν,
384 2350 460 2397 vera
481 2331 662 2417 scriptura,
688 2352 727 2397 ne
748 2331 853 2397 dicam
870 2354 887 2400 e
903 2338 1063 2403 constanti
1084 2340 1233 2407 omnium
1255 2360 1331 2420 usn,

145 2441 218 2509 eliel
243 2446 369 2526 poterat
393 2455 432 2502 ex
456 2435 539 2502 Vlll.
563 2457 616 2502 vu.
640 2441 684 2504 26
700 2435 776 2504 ὅταν
799 2441 826 2506 δ’
850 2441 912 2520 ἐγὼ
935 2443 1252 2527 ἐγκαλύψωμαι.
1298 2445 1330 2513 ln

146 2544 372 2630 Aristophanis
397 2541 488 2607 Pluto
509 2561 556 2607 vs.
570 2547 645 2609 707.

280 2648 365 2728 μετά
390 2651 482 2714 ταῦτ’
506 2649 568 2727 ἐγὼ
591 2650 649 2727 μὲν
672 2651 759 2724 εὐθὺς
783 2655 1162 2737 σννεκαλυψάμκν,

144 2775 340 2845 quamquain
367 2763 506 2820 metrum
542 2755 659 2820 misere
689 2756 815 2841 iugulat
839 2766 946 2824 tamon
971 2761 1141 2849 plerosque
1163 2783 1276 2833 omnes
1297 2764 1330 2831 li·

146 2865 221 2931 bros
244 2870 372 2950 praeter
399 2861 479 2926 diros
502 2863 640 2947 optimos
665 2861 806 2929 obsidet:
839 2883 907 2930 rem
931 2885 991 2931 acu
1017 2870 1144 2953 tetigit,
1175 2877 1212 2935 ut
1236 2869 1330 2948 solet,

146 2970 313 3038 Dawesius
338 2969 370 3032 in
394 2965 525 3034 Miscell.
551 2965 630 3032 Grit.
656 2987 684 3052 p.
699 2971 764 3033 578
789 2968 894 3043 Kidd,
927 2972 980 3037 cui
1007 2981 1147 3051 temere,
1174 2983 1210 3040 ut
1234 2975 1329 3050 solet.

146 3077 333 3161 obloquitur
365 3071 555 3139 D'Orvillius
587 3071 626 3137 ad
649 3071 769 3140 Gharit.
806 3095 836 3160 p.
860 3079 936 3142 tib.
984 3078 1082 3146 {lecte
1112 3080 1282 3148 llawesius
1303 3082 1330 3149 in

148 3182 269 3248 Avibus
298 3199 341 3245 νε.
360 3182 443 3245 1496
467 3199 524 3264 pro
545 3178 592 3252 τίς
617 3179 632 3242 ὃ
656 3181 888 3260 συγκαλυμμός
913 3185 1057 3268 reposuit
1080 3185 1128 3259 τίς
1152 3189 1332 3270 οὑγκαλυμ·

146 3289 222 3368 pbr,
249 3306 352 3371 neque
366 3283 456 3350 lacile
479 3283 654 3370 poenitebit
677 3289 940 3371 quemquamst
963 3289 994 3353 in
1010 3290 1232 3377 Xenophontis
1244 3292 1332 3384 Sym·

146 3395 235 3482 pusio
251 3393 277 3459 I.
300 3396 339 3457 14
361 3390 541 3456 restituerit
561 3389 761 3471 παυσάμενος
783 3397 837 3458 τοῦ
857 3392 977 3459 δείπνου
1000 3395 1332 3480 ἐγκαλυψάμενος

145 3500 306 3565 κατέκειτο
340 3517 398 3582 pro
422 3496 552 3582 vulgale
575 3498 877 3580 συγκαλυψάμενος.
928 3500 1051 3588 Duplex
1084 3503 1205 3568 erroris
1237 3523 1333 3573 causa

145 3615 210 3681 est,
235 3613 267 3670 et
284 3602 471 3688 sequiorurn
492 3622 588 3680 usus,
607 3604 662 3688 qui
680 3603 813 3669 verboru
832 3607 1104 3687 σογκαλύπτομαν
1125 3629 1221 3697 saepe
1243 3630 1334 3678 usur·
1372 3609 1374 3623 '

143 3711 282 3799 pabaot,
312 3717 344 3774 et
368 3727 450 3793 quae
475 3709 583 3773 tutulos
607 3707 860 3776 describentium
885 3710 1014 3778 lalleliat
1036 3715 1220 3801 scripturae
1246 3719 1333 3784 simi·

143 3816 263 3894 litudo,
288 3834 383 3901 qoam
409 3813 486 3878 mihi
513 3814 664 3900 inspicilo
688 3814 805 3902 aliquis
828 3817 912 3903 apud
934 3818 1078 3886 Bastiuur
1100 3822 1132 3885 in
1152 3822 1331 3891 comment.

142 3923 305 4008 Palaeogr.
331 3919 408 3987 Teb.
433 3920 457 3985 l.
486 3925 526 3985 10
555 3927 586 3985 ct
608 3918 691 4006 legat
716 3940 797 4007 quae
820 3922 860 3988 ab
888 3944 925 3989 eo
950 3933 1103 3992 annotata
1126 3935 1203 3993 sunt
1235 3928 1331 3995 huius

144 4029 342 4095 confusionis
374 4026 518 4112 exempla
550 4023 587 4090 ad
622 4025 753 4110 Gregor.
786 4028 928 4096 Corinth.
965 4052 996 4117 p.
1027 4035 1067 4097 bl
1102 4053 1151 4119 sq.
1187 4043 1220 4100 et
1256 4038 1331 4102 tet.

144 4134 249 4202 Semel
281 4133 465 4200 admonitus
486 4131 604 4218 passim
630 4131 784 4200 lectiones
815 4156 853 4201 ox
884 4157 920 4201 eo
946 4157 1056 4204 errore
1081 4147 1275 4225 propagatas
1301 4147 1332 4207 et

146 4261 318 4327 agnoscere
342 4239 447 4306 disces
471 4247 503 4304 ct
530 4238 658 4322 agnitas
682 4249 905 4319 contemnere,
936 4242 1029 4329 quale
1053 4254 1103 4310 est
1127 4243 1205 4311 illud
1228 4247 1331 4334 ipsum

145 4346 333 4426 σύμπλεων,
367 4345 459 4412 rtiltili
484 4343 675 4413 vocabulum
700 4355 732 4413 et
756 4348 1013 4436 explodendum,
1037 4351 1134 4420 etiam
1161 4351 1330 4442 'theophy-
