<?xml version="1.0" encoding="UTF-8"?>
<!DOCTYPE html PUBLIC "-//W3C//DTD XHTML 1.0 Transitional//EN"
    "http://www.w3.org/TR/xhtml1/DTD/xhtml1-transitional.dtd">
<html xmlns="http://www.w3.org/1999/xhtml" xml:lang="en" lang="en">
 <head>
  <title>
</title>
<meta http-equiv="Content-Type" content="text/html;charset=utf-8" />
  <meta name='ocr-system' content='tesseract 3.04.00' />
  <meta name='ocr-capabilities' content='ocr_page ocr_carea ocr_par ocr_line ocrx_word'/>
</head>
<body>
  <div class='ocr_page' id='page_1' title='image "./novaelectionesq00cobegoog/novaelectionesq00cobegoog_0700.png"; bbox 0 0 2940 5010; ppageno 0'>
   <div class='ocr_carea' id='block_1_1' title="bbox 626 300 691 362">
    <p class='ocr_par' dir='ltr' id='par_1_1' title="bbox 626 300 691 362">
     <span class='ocr_line' id='line_1_1' title="bbox 626 300 691 362; baseline 0 -1"><span class='ocrx_word' id='word_1_1' title='bbox 626 300 691 362; x_wconf 79' lang='lat'><strong>667</strong></span> 
     </span>
    </p>
   </div>
   <div class='ocr_carea' id='block_1_2' title="bbox 10 467 1347 4231">
    <p class='ocr_par' dir='ltr' id='par_1_2' title="bbox 10 467 1347 4231">
     <span class='ocr_line' id='line_1_2' title="bbox 67 467 1248 558; baseline 0.001 -17"><span class='ocrx_word' id='word_1_2' title='bbox 67 471 219 541; x_wconf 84' lang='lat' dir='ltr'><strong>tendere:</strong></span> <span class='ocrx_word' id='word_1_3' title='bbox 250 490 343 558; x_wconf 80' lang='lat' dir='ltr'><strong>saepe</strong></span> <span class='ocrx_word' id='word_1_4' title='bbox 375 489 448 537; x_wconf 89' lang='lat' dir='ltr'><strong>eum</strong></span> <span class='ocrx_word' id='word_1_5' title='bbox 480 467 592 538; x_wconf 88' lang='lat' dir='ltr'><strong>audies</strong></span> <span class='ocrx_word' id='word_1_6' title='bbox 622 469 748 537; x_wconf 88' lang='lat' dir='ltr'><strong>odiosas</strong></span> <span class='ocrx_word' id='word_1_7' title='bbox 780 471 976 538; x_wconf 89' lang='lat' dir='ltr'><strong>accusatoris</strong></span> <span class='ocrx_word' id='word_1_8' title='bbox 1006 473 1248 543; x_wconf 69' lang='lat' dir='ltr'><strong>criminationes</strong></span> 
     </span>
     <span class='ocr_line' id='line_1_3' title="bbox 65 576 1250 664; baseline 0 -18"><span class='ocrx_word' id='word_1_9' title='bbox 65 584 399 655; x_wconf 83' lang='lat' dir='ltr'><strong>counmcmoranlem,</strong></span> <span class='ocrx_word' id='word_1_10' title='bbox 422 596 515 664; x_wconf 84' lang='lat' dir='ltr'><strong>saepe</strong></span> <span class='ocrx_word' id='word_1_11' title='bbox 536 577 604 664; x_wconf 87' lang='lat' dir='ltr'><strong>ipsa</strong></span> <span class='ocrx_word' id='word_1_12' title='bbox 628 577 824 644; x_wconf 85' lang='lat' dir='ltr'><strong>accusatoris</strong></span> <span class='ocrx_word' id='word_1_13' title='bbox 848 577 944 645; x_wconf 85' lang='lat' dir='ltr'><strong>rerba</strong></span> <span class='ocrx_word' id='word_1_14' title='bbox 968 576 1178 646; x_wconf 80' lang='lat' dir='ltr'><strong>referentem:</strong></span> <span class='ocrx_word' id='word_1_15' title='bbox 1202 581 1250 647; x_wconf 91' lang='lat' dir='ltr'><strong>in-</strong></span> 
     </span>
     <span class='ocr_line' id='line_1_4' title="bbox 66 674 1252 771; baseline 0.002 -22"><span class='ocrx_word' id='word_1_16' title='bbox 66 683 160 771; x_wconf 83' lang='lat' dir='ltr'><strong>spice</strong></span> <span class='ocrx_word' id='word_1_17' title='bbox 180 674 262 749; x_wconf 66' lang='lat' dir='ltr'><strong>l.&#39;u.</strong></span> <span class='ocrx_word' id='word_1_18' title='bbox 285 686 325 761; x_wconf 89' lang='grc'><strong>9,</strong></span> <span class='ocrx_word' id='word_1_19' title='bbox 353 686 411 760; x_wconf 76' lang='lat' dir='ltr'><strong>te,</strong></span> <span class='ocrx_word' id='word_1_20' title='bbox 436 686 497 762; x_wconf 80' lang='lat' dir='ltr'><strong>lu,</strong></span> <span class='ocrx_word' id='word_1_21' title='bbox 521 688 586 760; x_wconf 77' lang='lat' dir='ltr'><strong>ur,</strong></span> <span class='ocrx_word' id='word_1_22' title='bbox 610 685 675 762; x_wconf 76' lang='lat' dir='ltr'><strong>ee,</strong></span> <span class='ocrx_word' id='word_1_23' title='bbox 700 687 742 748; x_wconf 72' lang='lat'><strong>56</strong></span> <span class='ocrx_word' id='word_1_24' title='bbox 766 691 798 748; x_wconf 86' lang='lat' dir='ltr'><strong>ct</strong></span> <span class='ocrx_word' id='word_1_25' title='bbox 822 687 886 760; x_wconf 76' lang='lat'><strong>58,</strong></span> <span class='ocrx_word' id='word_1_26' title='bbox 910 682 1027 769; x_wconf 90' lang='lat' dir='ltr'><strong>quihus</strong></span> <span class='ocrx_word' id='word_1_27' title='bbox 1047 682 1126 750; x_wconf 90' lang='lat' dir='ltr'><strong>locis</strong></span> <span class='ocrx_word' id='word_1_28' title='bbox 1149 687 1252 751; x_wconf 90' lang='lat' dir='ltr'><strong>omni·</strong></span> 
     </span>
     <span class='ocr_line' id='line_1_5' title="bbox 67 786 1251 875; baseline 0.001 -20"><span class='ocrx_word' id='word_1_29' title='bbox 67 786 135 855; x_wconf 88' lang='lat' dir='ltr'><strong>bus</strong></span> <span class='ocrx_word' id='word_1_30' title='bbox 152 788 349 870; x_wconf 77' lang='grc' dir='ltr'><strong><em>δκατηγορος</em></strong></span> <span class='ocrx_word' id='word_1_31' title='bbox 371 786 431 871; x_wconf 78' lang='grc' dir='ltr'><strong>ἔφη</strong></span> <span class='ocrx_word' id='word_1_32' title='bbox 453 787 653 867; x_wconf 88' lang='lat' dir='ltr'><strong>itadicitnr,</strong></span> <span class='ocrx_word' id='word_1_33' title='bbox 674 797 711 854; x_wconf 89' lang='lat' dir='ltr'><strong>ut</strong></span> <span class='ocrx_word' id='word_1_34' title='bbox 734 808 772 854; x_wconf 87' lang='lat' dir='ltr'><strong>cx</strong></span> <span class='ocrx_word' id='word_1_35' title='bbox 796 788 865 875; x_wconf 91' lang='lat' dir='ltr'><strong>ipsa</strong></span> <span class='ocrx_word' id='word_1_36' title='bbox 890 788 976 854; x_wconf 88' lang='lat' dir='ltr'><strong>illius</strong></span> <span class='ocrx_word' id='word_1_37' title='bbox 1000 790 1143 855; x_wconf 86' lang='lat' dir='ltr'><strong>oratione</strong></span> <span class='ocrx_word' id='word_1_38' title='bbox 1163 797 1251 856; x_wconf 88' lang='lat' dir='ltr'><strong>certa</strong></span> 
     </span>
     <span class='ocr_line' id='line_1_6' title="bbox 66 891 1249 978; baseline 0 -17"><span class='ocrx_word' id='word_1_39' title='bbox 66 893 211 961; x_wconf 84' lang='lat' dir='ltr'><strong>crimina</strong></span> <span class='ocrx_word' id='word_1_40' title='bbox 232 894 335 978; x_wconf 89' lang='lat' dir='ltr'><strong>ipsius</strong></span> <span class='ocrx_word' id='word_1_41' title='bbox 353 892 460 959; x_wconf 83' lang='lat' dir='ltr'><strong>uerbis</strong></span> <span class='ocrx_word' id='word_1_42' title='bbox 488 891 675 959; x_wconf 85' lang='lat' dir='ltr'><strong>alierautur.</strong></span> <span class='ocrx_word' id='word_1_43' title='bbox 723 894 802 975; x_wconf 79' lang='lat' dir='ltr'><strong>uuis</strong></span> <span class='ocrx_word' id='word_1_44' title='bbox 833 901 941 960; x_wconf 87' lang='lat' dir='ltr'><strong>autern</strong></span> <span class='ocrx_word' id='word_1_45' title='bbox 971 894 1053 958; x_wconf 84' lang='lat' dir='ltr'><strong>siti</strong></span> <span class='ocrx_word' id='word_1_46' title='bbox 1081 897 1249 978; x_wconf 73' lang='grc' dir='ltr'><strong><em>κατήγοροι</em></strong></span> 
     </span>
     <span class='ocr_line' id='line_1_7' title="bbox 66 994 1250 1085; baseline 0.001 -20"><span class='ocrx_word' id='word_1_47' title='bbox 66 994 178 1077; x_wconf 70' lang='grc' dir='ltr'><strong><em>οὗτος,</em></strong></span> <span class='ocrx_word' id='word_1_48' title='bbox 201 1007 289 1065; x_wconf 91' lang='lat' dir='ltr'><strong>certo</strong></span> <span class='ocrx_word' id='word_1_49' title='bbox 312 998 432 1064; x_wconf 88' lang='lat' dir='ltr'><strong>indicio</strong></span> <span class='ocrx_word' id='word_1_50' title='bbox 452 998 602 1084; x_wconf 79' lang='lat' dir='ltr'><strong>colligere</strong></span> <span class='ocrx_word' id='word_1_51' title='bbox 626 998 746 1085; x_wconf 89' lang='lat' dir='ltr'><strong>poteris</strong></span> <span class='ocrx_word' id='word_1_52' title='bbox 769 1018 807 1065; x_wconf 79' lang='lat' dir='ltr'><strong>en</strong></span> <span class='ocrx_word' id='word_1_53' title='bbox 833 997 1004 1064; x_wconf 86' lang='lat' dir='ltr'><strong>blemorah.</strong></span> <span class='ocrx_word' id='word_1_54' title='bbox 1027 997 1051 1063; x_wconf 89' lang='lat' dir='ltr'><strong>l.</strong></span> <span class='ocrx_word' id='word_1_55' title='bbox 1076 1021 1109 1064; x_wconf 90' lang='lat' dir='ltr'><strong>n.</strong></span> <span class='ocrx_word' id='word_1_56' title='bbox 1137 1004 1187 1064; x_wconf 78' lang='lat' dir='ltr'><strong>lb.</strong></span> <span class='ocrx_word' id='word_1_57' title='bbox 1224 1001 1250 1066; x_wconf 87' lang='lat' dir='ltr'><strong>si</strong></span> 
     </span>
     <span class='ocr_line' id='line_1_8' title="bbox 66 1102 1250 1191; baseline -0.002 -18"><span class='ocrx_word' id='word_1_58' title='bbox 66 1104 260 1186; x_wconf 76' lang='lat' dir='ltr'><strong>memineris</strong></span> <span class='ocrx_word' id='word_1_59' title='bbox 282 1123 413 1182; x_wconf 88' lang='lat' dir='ltr'><strong>eorum,</strong></span> <span class='ocrx_word' id='word_1_60' title='bbox 446 1124 527 1191; x_wconf 85' lang='lat' dir='ltr'><strong>quae</strong></span> <span class='ocrx_word' id='word_1_61' title='bbox 552 1125 590 1172; x_wconf 88' lang='lat' dir='ltr'><strong>ex</strong></span> <span class='ocrx_word' id='word_1_62' title='bbox 609 1104 749 1170; x_wconf 82' lang='lat' dir='ltr'><strong>lsoorale</strong></span> <span class='ocrx_word' id='word_1_63' title='bbox 779 1102 873 1191; x_wconf 91' lang='lat' dir='ltr'><strong>paulo</strong></span> <span class='ocrx_word' id='word_1_64' title='bbox 902 1112 976 1170; x_wconf 90' lang='lat' dir='ltr'><strong>aute</strong></span> <span class='ocrx_word' id='word_1_65' title='bbox 999 1106 1250 1190; x_wconf 84' lang='lat' dir='ltr'><strong>expromsimus:</strong></span> 
     </span>
     <span class='ocr_line' id='line_1_9' title="bbox 69 1207 1251 1291; baseline 0 -15"><span class='ocrx_word' id='word_1_66' title='bbox 69 1208 254 1291; x_wconf 75' lang='grc' dir='ltr'><strong><em>Σωκράτους</em></strong></span> <span class='ocrx_word' id='word_1_67' title='bbox 278 1209 310 1275; x_wconf 74' lang='lat' dir='ltr'><strong>ie</strong></span> <span class='ocrx_word' id='word_1_68' title='bbox 333 1218 514 1291; x_wconf 72' lang='grc' dir='ltr'><strong>κατηγορεῖν</strong></span> <span class='ocrx_word' id='word_1_69' title='bbox 536 1211 725 1291; x_wconf 74' lang='grc' dir='ltr'><strong><em>ἐγχειρησας</em></strong></span> <span class='ocrx_word' id='word_1_70' title='bbox 742 1248 788 1260; x_wconf 91' lang='grc'>-</span> <span class='ocrx_word' id='word_1_71' title='bbox 809 1207 1075 1289; x_wconf 74' lang='grc' dir='ltr'><strong>Ἀλκιβιάδην</strong></span> <span class='ocrx_word' id='word_1_72' title='bbox 1099 1209 1251 1285; x_wconf 70' lang='grc' dir='ltr'><strong><em>ἔδωκας</em></strong></span> 
     </span>
     <span class='ocr_line' id='line_1_10' title="bbox 67 1312 1249 1399; baseline -0.001 -16"><span class='ocrx_word' id='word_1_73' title='bbox 67 1316 180 1399; x_wconf 73' lang='grc' dir='ltr'><strong><em>αὐτῷ</em></strong></span> <span class='ocrx_word' id='word_1_74' title='bbox 208 1316 408 1396; x_wconf 73' lang='grc' dir='ltr'><strong><em>μαθητὴν,</em></strong></span> <span class='ocrx_word' id='word_1_75' title='bbox 443 1312 473 1381; x_wconf 75' lang='grc' dir='ltr'><strong>ὃν</strong></span> <span class='ocrx_word' id='word_1_76' title='bbox 503 1316 555 1382; x_wconf 80' lang='grc' dir='ltr'><strong>ὑπ’</strong></span> <span class='ocrx_word' id='word_1_77' title='bbox 578 1316 692 1381; x_wconf 75' lang='grc' dir='ltr'><strong><em>ἐκείνου</em></strong></span> <span class='ocrx_word' id='word_1_78' title='bbox 725 1315 820 1390; x_wconf 75' lang='grc' dir='ltr'><strong><em>οὐδεὶς</em></strong></span> <span class='ocrx_word' id='word_1_79' title='bbox 844 1314 991 1399; x_wconf 64' lang='grc' dir='ltr'><strong><em>ᾐσθάνετο</em></strong></span> <span class='ocrx_word' id='word_1_80' title='bbox 1021 1314 1249 1394; x_wconf 71' lang='grc' dir='ltr'><strong><em>παιδευόμενον.</em></strong></span> 
     </span>
     <span class='ocr_line' id='line_1_11' title="bbox 68 1417 1251 1508; baseline -0.001 -19"><span class='ocrx_word' id='word_1_81' title='bbox 68 1417 157 1489; x_wconf 89' lang='lat' dir='ltr'><strong>Audi</strong></span> <span class='ocrx_word' id='word_1_82' title='bbox 190 1438 278 1487; x_wconf 92' lang='lat' dir='ltr'><strong>nuuc</strong></span> <span class='ocrx_word' id='word_1_83' title='bbox 312 1420 572 1508; x_wconf 72' lang='lat' dir='ltr'><strong>Xenophontem:</strong></span> <span class='ocrx_word' id='word_1_84' title='bbox 607 1424 700 1499; x_wconf 70' lang='grc' dir='ltr'><strong><em>αλλ’,</em></strong></span> <span class='ocrx_word' id='word_1_85' title='bbox 731 1420 793 1504; x_wconf 78' lang='grc' dir='ltr'><strong>ἔφη</strong></span> <span class='ocrx_word' id='word_1_86' title='bbox 827 1421 841 1485; x_wconf 80' lang='grc' dir='ltr'><em>ὃ</em></span> <span class='ocrx_word' id='word_1_87' title='bbox 870 1420 1061 1500; x_wconf 72' lang='grc' dir='ltr'><strong><em>κατήγορος,</em></strong></span> <span class='ocrx_word' id='word_1_88' title='bbox 1095 1422 1251 1502; x_wconf 85' lang='grc' dir='ltr'><strong><em>Σωκράτει</em></strong></span> 
     </span>
     <span class='ocr_line' id='line_1_12' title="bbox 10 1508 1251 1608; baseline 0.001 -15"><span class='ocrx_word' id='word_1_89' title='bbox 10 1508 16 1583; x_wconf 62' lang='lat'><strong>-⁵</strong></span> <span class='ocrx_word' id='word_1_90' title='bbox 67 1525 209 1607; x_wconf 77' lang='grc' dir='ltr'><strong><em>ὃμολητά</em></strong></span> <span class='ocrx_word' id='word_1_91' title='bbox 229 1526 381 1605; x_wconf 72' lang='grc' dir='ltr'><strong><em>γενομένω</em></strong></span> <span class='ocrx_word' id='word_1_92' title='bbox 403 1527 528 1608; x_wconf 76' lang='grc' dir='ltr'><strong>Κρονίοις</strong></span> <span class='ocrx_word' id='word_1_93' title='bbox 557 1551 593 1592; x_wconf 91' lang='grc' dir='ltr'><strong>τε</strong></span> <span class='ocrx_word' id='word_1_94' title='bbox 624 1527 677 1593; x_wconf 74' lang='grc' dir='ltr'><strong>καὶ</strong></span> <span class='ocrx_word' id='word_1_95' title='bbox 709 1526 915 1605; x_wconf 75' lang='grc' dir='ltr'><strong><em>Ἀλκιβιάδης</em></strong></span> <span class='ocrx_word' id='word_1_96' title='bbox 946 1534 1063 1595; x_wconf 80' lang='grc' dir='ltr'><strong><em>πλεῑςα</em></strong></span> <span class='ocrx_word' id='word_1_97' title='bbox 1086 1527 1171 1593; x_wconf 82' lang='grc' dir='ltr'><strong><em>κακά</em></strong></span> <span class='ocrx_word' id='word_1_98' title='bbox 1196 1530 1251 1603; x_wconf 77' lang='grc' dir='ltr'><strong>την</strong></span> 
     </span>
     <span class='ocr_line' id='line_1_13' title="bbox 67 1630 1253 1719; baseline -0.001 -18"><span class='ocrx_word' id='word_1_99' title='bbox 67 1632 162 1701; x_wconf 78' lang='grc' dir='ltr'><strong><em>πάλιν</em></strong></span> <span class='ocrx_word' id='word_1_100' title='bbox 184 1630 395 1710; x_wconf 70' lang='grc' dir='ltr'><strong>ἐποιησάτην,</strong></span> <span class='ocrx_word' id='word_1_101' title='bbox 419 1630 503 1717; x_wconf 86' lang='lat' dir='ltr'><strong>quod</strong></span> <span class='ocrx_word' id='word_1_102' title='bbox 528 1633 650 1698; x_wconf 87' lang='lat' dir='ltr'><strong>crimen</strong></span> <span class='ocrx_word' id='word_1_103' title='bbox 675 1631 847 1719; x_wconf 87' lang='lat' dir='ltr'><strong>Xenophon</strong></span> <span class='ocrx_word' id='word_1_104' title='bbox 873 1649 999 1697; x_wconf 88' lang='lat' dir='ltr'><strong>summa</strong></span> <span class='ocrx_word' id='word_1_105' title='bbox 1027 1649 1086 1718; x_wconf 90' lang='lat' dir='ltr'><strong>ope</strong></span> <span class='ocrx_word' id='word_1_106' title='bbox 1115 1652 1253 1719; x_wconf 78' lang='lat' dir='ltr'><strong>purgare</strong></span> 
     </span>
     <span class='ocr_line' id='line_1_14' title="bbox 70 1734 1347 1826; baseline 0 -22"><span class='ocrx_word' id='word_1_107' title='bbox 70 1744 104 1805; x_wconf 84' lang='lat' dir='ltr'><strong>el</strong></span> <span class='ocrx_word' id='word_1_108' title='bbox 126 1734 250 1803; x_wconf 89' lang='lat' dir='ltr'><strong>diluere</strong></span> <span class='ocrx_word' id='word_1_109' title='bbox 281 1738 407 1803; x_wconf 87' lang='lat' dir='ltr'><strong>nititur.</strong></span> <span class='ocrx_word' id='word_1_110' title='bbox 455 1735 579 1801; x_wconf 86' lang='lat' dir='ltr'><strong>Novum</strong></span> <span class='ocrx_word' id='word_1_111' title='bbox 613 1734 672 1801; x_wconf 92' lang='lat' dir='ltr'><strong>hoc</strong></span> <span class='ocrx_word' id='word_1_112' title='bbox 701 1738 823 1803; x_wconf 86' lang='lat' dir='ltr'><strong>crimen</strong></span> <span class='ocrx_word' id='word_1_113' title='bbox 846 1745 913 1802; x_wconf 88' lang='lat' dir='ltr'><strong>erat</strong></span> <span class='ocrx_word' id='word_1_114' title='bbox 945 1744 977 1802; x_wconf 90' lang='lat' dir='ltr'><strong>et</strong></span> <span class='ocrx_word' id='word_1_115' title='bbox 1007 1745 1083 1802; x_wconf 88' lang='lat' dir='ltr'><strong>ante</strong></span> <span class='ocrx_word' id='word_1_116' title='bbox 1107 1735 1253 1826; x_wconf 85' lang='lat' dir='ltr'><strong>Polycra·</strong></span> <span class='ocrx_word' id='word_1_117' title='bbox 1345 1823 1347 1826; x_wconf 15' lang='grc' dir='ltr'>Ι</span> 
     </span>
     <span class='ocr_line' id='line_1_15' title="bbox 68 1840 1254 1929; baseline 0 -20"><span class='ocrx_word' id='word_1_118' title='bbox 68 1848 137 1909; x_wconf 88' lang='lat' dir='ltr'><strong>tem</strong></span> <span class='ocrx_word' id='word_1_119' title='bbox 161 1840 355 1909; x_wconf 78' lang='lat' dir='ltr'><strong>mauditum.</strong></span> <span class='ocrx_word' id='word_1_120' title='bbox 403 1841 515 1928; x_wconf 86' lang='lat' dir='ltr'><strong>ltaque</strong></span> <span class='ocrx_word' id='word_1_121' title='bbox 539 1840 647 1920; x_wconf 86' lang='lat' dir='ltr'><strong>Plato,</strong></span> <span class='ocrx_word' id='word_1_122' title='bbox 670 1843 726 1927; x_wconf 90' lang='lat' dir='ltr'><strong>qui</strong></span> <span class='ocrx_word' id='word_1_123' title='bbox 752 1840 875 1907; x_wconf 90' lang='lat' dir='ltr'><strong>Socrati</strong></span> <span class='ocrx_word' id='word_1_124' title='bbox 897 1861 951 1907; x_wconf 91' lang='lat' dir='ltr'><strong>reo</strong></span> <span class='ocrx_word' id='word_1_125' title='bbox 973 1840 1093 1919; x_wconf 82' lang='lat' dir='ltr'><strong>adluit,</strong></span> <span class='ocrx_word' id='word_1_126' title='bbox 1117 1843 1151 1907; x_wconf 94' lang='lat' dir='ltr'><strong>in</strong></span> <span class='ocrx_word' id='word_1_127' title='bbox 1174 1843 1254 1929; x_wconf 90' lang='lat' dir='ltr'><strong>Apo·</strong></span> 
     </span>
     <span class='ocr_line' id='line_1_16' title="bbox 71 1944 1255 2035; baseline 0.001 -20"><span class='ocrx_word' id='word_1_128' title='bbox 71 1946 157 2034; x_wconf 71' lang='lat' dir='ltr'><strong>logia</strong></span> <span class='ocrx_word' id='word_1_129' title='bbox 184 1947 247 2014; x_wconf 83' lang='lat' dir='ltr'><strong>isla</strong></span> <span class='ocrx_word' id='word_1_130' title='bbox 281 1966 322 2013; x_wconf 90' lang='lat' dir='ltr'><strong>ue</strong></span> <span class='ocrx_word' id='word_1_131' title='bbox 355 1947 464 2033; x_wconf 79' lang='lat' dir='ltr'><strong>attigit</strong></span> <span class='ocrx_word' id='word_1_132' title='bbox 500 1946 641 2033; x_wconf 87' lang='lat' dir='ltr'><strong>quidem.</strong></span> <span class='ocrx_word' id='word_1_133' title='bbox 698 1944 882 2035; x_wconf 79' lang='lat' dir='ltr'><strong>Polycrates</strong></span> <span class='ocrx_word' id='word_1_134' title='bbox 914 1945 969 2012; x_wconf 92' lang='lat' dir='ltr'><strong>diu</strong></span> <span class='ocrx_word' id='word_1_135' title='bbox 1003 1955 1075 2033; x_wconf 90' lang='lat' dir='ltr'><strong>post</strong></span> <span class='ocrx_word' id='word_1_136' title='bbox 1109 1948 1255 2016; x_wconf 87' lang='lat' dir='ltr'><strong>scribens</strong></span> 
     </span>
     <span class='ocr_line' id='line_1_17' title="bbox 69 2050 1251 2121; baseline -0.001 0"><span class='ocrx_word' id='word_1_137' title='bbox 69 2050 186 2121; x_wconf 85' lang='lat' dir='ltr'><strong>callide</strong></span> <span class='ocrx_word' id='word_1_138' title='bbox 208 2050 381 2120; x_wconf 86' lang='lat' dir='ltr'><strong>admodum</strong></span> <span class='ocrx_word' id='word_1_139' title='bbox 412 2059 445 2117; x_wconf 88' lang='lat' dir='ltr'><strong>et</strong></span> <span class='ocrx_word' id='word_1_140' title='bbox 476 2059 583 2118; x_wconf 87' lang='lat' dir='ltr'><strong>astute</strong></span> <span class='ocrx_word' id='word_1_141' title='bbox 607 2071 645 2118; x_wconf 89' lang='lat' dir='ltr'><strong>ex</strong></span> <span class='ocrx_word' id='word_1_142' title='bbox 669 2060 777 2117; x_wconf 83' lang='lat' dir='ltr'><strong>vetere</strong></span> <span class='ocrx_word' id='word_1_143' title='bbox 807 2052 926 2118; x_wconf 86' lang='lat' dir='ltr'><strong>ciuium</strong></span> <span class='ocrx_word' id='word_1_144' title='bbox 963 2051 1035 2118; x_wconf 93' lang='lat' dir='ltr'><strong>odio</strong></span> <span class='ocrx_word' id='word_1_145' title='bbox 1062 2053 1093 2116; x_wconf 92' lang='lat' dir='ltr'><strong>in</strong></span> <span class='ocrx_word' id='word_1_146' title='bbox 1119 2052 1251 2120; x_wconf 76' lang='lat' dir='ltr'><strong>(initiam</strong></span> 
     </span>
     <span class='ocr_line' id='line_1_18' title="bbox 70 2155 1255 2243; baseline -0.003 -16"><span class='ocrx_word' id='word_1_147' title='bbox 70 2166 104 2227; x_wconf 80' lang='lat' dir='ltr'><strong>el</strong></span> <span class='ocrx_word' id='word_1_148' title='bbox 127 2156 324 2225; x_wconf 77' lang='lat' dir='ltr'><strong>Alcibiadem</strong></span> <span class='ocrx_word' id='word_1_149' title='bbox 351 2156 475 2224; x_wconf 88' lang='lat' dir='ltr'><strong>Socrati</strong></span> <span class='ocrx_word' id='word_1_150' title='bbox 506 2155 627 2223; x_wconf 88' lang='lat' dir='ltr'><strong>dudum</strong></span> <span class='ocrx_word' id='word_1_151' title='bbox 662 2166 789 2222; x_wconf 91' lang='lat' dir='ltr'><strong>mortuo</strong></span> <span class='ocrx_word' id='word_1_152' title='bbox 823 2177 954 2243; x_wconf 77' lang='lat' dir='ltr'><strong>gravem</strong></span> <span class='ocrx_word' id='word_1_153' title='bbox 991 2157 1143 2223; x_wconf 80' lang='lat' dir='ltr'><strong>invidiam</strong></span> <span class='ocrx_word' id='word_1_154' title='bbox 1181 2177 1255 2223; x_wconf 92' lang='lat' dir='ltr'><strong>con·</strong></span> 
     </span>
     <span class='ocr_line' id='line_1_19' title="bbox 70 2261 1252 2350; baseline -0.001 -20"><span class='ocrx_word' id='word_1_155' title='bbox 70 2262 182 2343; x_wconf 79' lang='lat' dir='ltr'><strong>davit,</strong></span> <span class='ocrx_word' id='word_1_156' title='bbox 205 2282 301 2349; x_wconf 86' lang='lat' dir='ltr'><strong>quam</strong></span> <span class='ocrx_word' id='word_1_157' title='bbox 335 2262 509 2349; x_wconf 87' lang='lat' dir='ltr'><strong>Xenophon</strong></span> <span class='ocrx_word' id='word_1_158' title='bbox 536 2261 686 2328; x_wconf 86' lang='lat' dir='ltr'><strong>omnihus</strong></span> <span class='ocrx_word' id='word_1_159' title='bbox 709 2261 834 2328; x_wconf 86' lang='lat' dir='ltr'><strong>viribus</strong></span> <span class='ocrx_word' id='word_1_160' title='bbox 854 2262 895 2327; x_wconf 91' lang='lat' dir='ltr'><strong>ab</strong></span> <span class='ocrx_word' id='word_1_161' title='bbox 917 2282 954 2328; x_wconf 90' lang='lat' dir='ltr'><strong>eo</strong></span> <span class='ocrx_word' id='word_1_162' title='bbox 978 2261 1135 2350; x_wconf 87' lang='lat' dir='ltr'><strong>depellere</strong></span> <span class='ocrx_word' id='word_1_163' title='bbox 1156 2283 1252 2330; x_wconf 91' lang='lat' dir='ltr'><strong>cona·</strong></span> 
     </span>
     <span class='ocr_line' id='line_1_20' title="bbox 68 2367 1253 2448; baseline -0.003 -11"><span class='ocrx_word' id='word_1_164' title='bbox 68 2378 137 2439; x_wconf 87' lang='lat' dir='ltr'><strong>tur.</strong></span> <span class='ocrx_word' id='word_1_165' title='bbox 185 2368 341 2436; x_wconf 80' lang='lat' dir='ltr'><strong>leocrates</strong></span> <span class='ocrx_word' id='word_1_166' title='bbox 373 2367 507 2434; x_wconf 76' lang='lat' dir='ltr'><strong>critiam</strong></span> <span class='ocrx_word' id='word_1_167' title='bbox 533 2388 596 2433; x_wconf 94' lang='lat' dir='ltr'><strong>non</strong></span> <span class='ocrx_word' id='word_1_168' title='bbox 628 2368 795 2448; x_wconf 89' lang='lat' dir='ltr'><strong>nominat,</strong></span> <span class='ocrx_word' id='word_1_169' title='bbox 818 2367 874 2433; x_wconf 93' lang='lat' dir='ltr'><strong>sed</strong></span> <span class='ocrx_word' id='word_1_170' title='bbox 898 2367 1001 2434; x_wconf 91' lang='lat' dir='ltr'><strong>solum</strong></span> <span class='ocrx_word' id='word_1_171' title='bbox 1030 2367 1253 2447; x_wconf 81' lang='lat' dir='ltr'><strong>Alcibiadem,</strong></span> 
     </span>
     <span class='ocr_line' id='line_1_21' title="bbox 67 2471 1253 2564; baseline -0.003 -21"><span class='ocrx_word' id='word_1_172' title='bbox 67 2492 168 2564; x_wconf 79' lang='lat' dir='ltr'><strong>quem</strong></span> <span class='ocrx_word' id='word_1_173' title='bbox 199 2474 286 2541; x_wconf 86' lang='lat' dir='ltr'><strong>circs</strong></span> <span class='ocrx_word' id='word_1_174' title='bbox 316 2472 367 2539; x_wconf 90' lang='lat' dir='ltr'><strong>sui</strong></span> <span class='ocrx_word' id='word_1_175' title='bbox 401 2474 510 2538; x_wconf 83' lang='lat' dir='ltr'><strong>uiuum</strong></span> <span class='ocrx_word' id='word_1_176' title='bbox 533 2471 617 2539; x_wconf 89' lang='lat' dir='ltr'><strong>lerre</strong></span> <span class='ocrx_word' id='word_1_177' title='bbox 642 2492 703 2539; x_wconf 93' lang='lat' dir='ltr'><strong>non</strong></span> <span class='ocrx_word' id='word_1_178' title='bbox 737 2480 926 2559; x_wconf 83' lang='lat' dir='ltr'><strong>potuerant,</strong></span> <span class='ocrx_word' id='word_1_179' title='bbox 958 2482 1121 2540; x_wconf 91' lang='lat' dir='ltr'><strong>mortuum</strong></span> <span class='ocrx_word' id='word_1_180' title='bbox 1158 2474 1253 2541; x_wconf 90' lang='lat' dir='ltr'><strong>multi</strong></span> 
     </span>
     <span class='ocr_line' id='line_1_22' title="bbox 69 2577 1254 2668; baseline -0.002 -19"><span class='ocrx_word' id='word_1_181' title='bbox 69 2578 339 2660; x_wconf 76' lang='lat' dir='ltr'><strong>admirabantur,</strong></span> <span class='ocrx_word' id='word_1_182' title='bbox 372 2585 621 2659; x_wconf 88' lang='lat' dir='ltr'><strong>commemorat,</strong></span> <span class='ocrx_word' id='word_1_183' title='bbox 656 2588 693 2645; x_wconf 86' lang='lat' dir='ltr'><strong>ut</strong></span> <span class='ocrx_word' id='word_1_184' title='bbox 721 2577 921 2668; x_wconf 84' lang='lat' dir='ltr'><strong>Polycratem</strong></span> <span class='ocrx_word' id='word_1_185' title='bbox 955 2578 1009 2644; x_wconf 96' lang='lat' dir='ltr'><strong>illo</strong></span> <span class='ocrx_word' id='word_1_186' title='bbox 1042 2577 1156 2658; x_wconf 90' lang='lat' dir='ltr'><strong>modo,</strong></span> <span class='ocrx_word' id='word_1_187' title='bbox 1191 2601 1254 2667; x_wconf 91' lang='lat' dir='ltr'><strong>quo</strong></span> 
     </span>
     <span class='ocr_line' id='line_1_23' title="bbox 67 2682 1252 2775; baseline -0.003 -20"><span class='ocrx_word' id='word_1_188' title='bbox 67 2682 408 2775; x_wconf 63' lang='lat' dir='ltr'><strong>supramemoratus,</strong></span> <span class='ocrx_word' id='word_1_189' title='bbox 432 2682 538 2749; x_wconf 90' lang='lat' dir='ltr'><strong>odiose</strong></span> <span class='ocrx_word' id='word_1_190' title='bbox 561 2682 708 2751; x_wconf 91' lang='lat' dir='ltr'><strong>deridere</strong></span> <span class='ocrx_word' id='word_1_191' title='bbox 726 2692 842 2770; x_wconf 88' lang='lat' dir='ltr'><strong>posset.</strong></span> <span class='ocrx_word' id='word_1_192' title='bbox 890 2683 1063 2751; x_wconf 83' lang='lat' dir='ltr'><strong>Aeschines</strong></span> <span class='ocrx_word' id='word_1_193' title='bbox 1083 2694 1194 2751; x_wconf 87' lang='lat' dir='ltr'><strong>contra</strong></span> <span class='ocrx_word' id='word_1_194' title='bbox 1220 2688 1252 2752; x_wconf 93' lang='lat' dir='ltr'><strong>in</strong></span> 
     </span>
     <span class='ocr_line' id='line_1_24' title="bbox 68 2787 1254 2876; baseline -0.001 -17"><span class='ocrx_word' id='word_1_195' title='bbox 68 2790 262 2859; x_wconf 85' lang='lat' dir='ltr'><strong>&#39;l&#39;lmarcbea</strong></span> <span class='ocrx_word' id='word_1_196' title='bbox 293 2791 311 2874; x_wconf 87' lang='lat'><em>§</em></span> <span class='ocrx_word' id='word_1_197' title='bbox 335 2794 408 2854; x_wconf 82' lang='lat'><strong>175.</strong></span> <span class='ocrx_word' id='word_1_198' title='bbox 440 2787 638 2854; x_wconf 90' lang='lat' dir='ltr'><strong>Alcibiadem</strong></span> <span class='ocrx_word' id='word_1_199' title='bbox 662 2788 829 2876; x_wconf 82' lang='lat' dir='ltr'><strong>praeteriit</strong></span> <span class='ocrx_word' id='word_1_200' title='bbox 852 2796 885 2855; x_wconf 88' lang='lat' dir='ltr'><strong>et</strong></span> <span class='ocrx_word' id='word_1_201' title='bbox 914 2790 1045 2855; x_wconf 84' lang='lat' dir='ltr'><strong>tlritiam</strong></span> <span class='ocrx_word' id='word_1_202' title='bbox 1076 2792 1254 2858; x_wconf 83' lang='lat' dir='ltr'><strong>nominarit</strong></span> 
     </span>
     <span class='ocr_line' id='line_1_25' title="bbox 67 2893 1254 2985; baseline -0.001 -21"><span class='ocrx_word' id='word_1_203' title='bbox 67 2894 177 2965; x_wconf 87' lang='lat' dir='ltr'><strong>solum</strong></span> <span class='ocrx_word' id='word_1_204' title='bbox 211 2893 307 2985; x_wconf 80' lang='lat' dir='ltr'><strong>(quod</strong></span> <span class='ocrx_word' id='word_1_205' title='bbox 340 2893 442 2960; x_wconf 91' lang='lat' dir='ltr'><strong>solum</strong></span> <span class='ocrx_word' id='word_1_206' title='bbox 478 2913 536 2960; x_wconf 93' lang='lat' dir='ltr'><strong>suo</strong></span> <span class='ocrx_word' id='word_1_207' title='bbox 569 2896 729 2981; x_wconf 84' lang='lat' dir='ltr'><strong>proposito</strong></span> <span class='ocrx_word' id='word_1_208' title='bbox 763 2893 992 2968; x_wconf 85' lang='lat' dir='ltr'><strong>conveniebat,</strong></span> <span class='ocrx_word' id='word_1_209' title='bbox 1028 2901 1063 2959; x_wconf 89' lang='lat' dir='ltr'><strong>ut</strong></span> <span class='ocrx_word' id='word_1_210' title='bbox 1094 2894 1254 2963; x_wconf 86' lang='lat' dir='ltr'><strong>Isocrateo</strong></span> 
     </span>
     <span class='ocr_line' id='line_1_26' title="bbox 66 2995 1253 3087; baseline -0.002 -17"><span class='ocrx_word' id='word_1_211' title='bbox 66 2999 267 3071; x_wconf 80' lang='lat' dir='ltr'><strong>Alcibiadem</strong></span> <span class='ocrx_word' id='word_1_212' title='bbox 292 2999 433 3087; x_wconf 83' lang='lat' dir='ltr'><strong>lanium)</strong></span> <span class='ocrx_word' id='word_1_213' title='bbox 467 2997 519 3064; x_wconf 91' lang='lat' dir='ltr'><strong>his</strong></span> <span class='ocrx_word' id='word_1_214' title='bbox 543 2999 667 3066; x_wconf 84' lang='lat' dir='ltr'><strong>verbis:</strong></span> <span class='ocrx_word' id='word_1_215' title='bbox 703 2999 798 3066; x_wconf 76' lang='grc' dir='ltr'><strong><em>ἔπειθ’</em></strong></span> <span class='ocrx_word' id='word_1_216' title='bbox 823 3000 929 3078; x_wconf 78' lang='grc' dir='ltr'><strong><em>ὑμεῖς,</em></strong></span> <span class='ocrx_word' id='word_1_217' title='bbox 952 2995 1165 3079; x_wconf 76' lang='grc' dir='ltr'><strong><em>ὦἋάηναῒοι,</em></strong></span> <span class='ocrx_word' id='word_1_218' title='bbox 1190 3013 1253 3068; x_wconf 84' lang='grc' dir='ltr'><strong>Συ·</strong></span> 
     </span>
     <span class='ocr_line' id='line_1_27' title="bbox 67 3102 1251 3192; baseline -0.003 -16"><span class='ocrx_word' id='word_1_219' title='bbox 67 3106 188 3192; x_wconf 74' lang='grc' dir='ltr'><strong><em>κράτηυ</em></strong></span> <span class='ocrx_word' id='word_1_220' title='bbox 209 3108 268 3185; x_wconf 78' lang='grc' dir='ltr'><strong>μὲν</strong></span> <span class='ocrx_word' id='word_1_221' title='bbox 285 3106 338 3172; x_wconf 75' lang='grc' dir='ltr'><strong>τὸν</strong></span> <span class='ocrx_word' id='word_1_222' title='bbox 361 3106 493 3187; x_wconf 55' lang='lat' dir='ltr'><strong>eadredo</strong></span> <span class='ocrx_word' id='word_1_223' title='bbox 511 3105 736 3182; x_wconf 65' lang='lat' dir='ltr'><strong>deseminare,</strong></span> <span class='ocrx_word' id='word_1_224' title='bbox 761 3102 807 3171; x_wconf 74' lang='lat' dir='ltr'><strong>dur</strong></span> <span class='ocrx_word' id='word_1_225' title='bbox 829 3105 948 3184; x_wconf 78' lang='lat' dir='ltr'><strong>lipari</strong></span> <span class='ocrx_word' id='word_1_226' title='bbox 955 3129 1000 3169; x_wconf 91' lang='grc' dir='ltr'><strong>αν</strong></span> <span class='ocrx_word' id='word_1_227' title='bbox 1029 3104 1160 3187; x_wconf 82' lang='grc' dir='ltr'><strong><em>ἐφάνη</em></strong></span> <span class='ocrx_word' id='word_1_228' title='bbox 1194 3133 1251 3173; x_wconf 88' lang='grc' dir='ltr'><strong>πε·</strong></span> 
     </span>
     <span class='ocr_line' id='line_1_28' title="bbox 67 3206 1254 3292; baseline -0.003 -9"><span class='ocrx_word' id='word_1_229' title='bbox 67 3206 302 3284; x_wconf 59' lang='lat' dir='ltr'><strong>saedeleuba</strong></span> <span class='ocrx_word' id='word_1_230' title='bbox 333 3208 388 3276; x_wconf 75' lang='grc' dir='ltr'><strong>ἕνα</strong></span> <span class='ocrx_word' id='word_1_231' title='bbox 418 3216 477 3276; x_wconf 79' lang='grc' dir='ltr'><strong>τῶν</strong></span> <span class='ocrx_word' id='word_1_232' title='bbox 507 3210 671 3292; x_wconf 88' lang='grc' dir='ltr'><strong><em>τριάκοντα</em></strong></span> <span class='ocrx_word' id='word_1_233' title='bbox 703 3217 762 3277; x_wconf 80' lang='grc' dir='ltr'><strong>τῶν</strong></span> <span class='ocrx_word' id='word_1_234' title='bbox 792 3210 844 3275; x_wconf 80' lang='grc' dir='ltr'><strong>τὸν</strong></span> <span class='ocrx_word' id='word_1_235' title='bbox 883 3210 976 3289; x_wconf 74' lang='grc' dir='ltr'><strong><em>δῆμον</em></strong></span> <span class='ocrx_word' id='word_1_236' title='bbox 1007 3212 1254 3280; x_wconf 67' lang='grc' dir='ltr'><strong><em>καταλυσάντων</em></strong></span> 
     </span>
     <span class='ocr_line' id='line_1_29' title="bbox 67 3314 1253 3405; baseline -0.002 -17"><span class='ocrx_word' id='word_1_237' title='bbox 67 3320 137 3389; x_wconf 72' lang='lat' dir='ltr'><strong>ard.</strong></span> <span class='ocrx_word' id='word_1_238' title='bbox 175 3316 338 3385; x_wconf 88' lang='lat' dir='ltr'><strong>Undenam</strong></span> <span class='ocrx_word' id='word_1_239' title='bbox 362 3316 439 3383; x_wconf 92' lang='lat' dir='ltr'><strong>haec</strong></span> <span class='ocrx_word' id='word_1_240' title='bbox 459 3314 589 3383; x_wconf 89' lang='lat' dir='ltr'><strong>aliunde</strong></span> <span class='ocrx_word' id='word_1_241' title='bbox 609 3315 757 3382; x_wconf 87' lang='lat' dir='ltr'><strong>hausisse</strong></span> <span class='ocrx_word' id='word_1_242' title='bbox 775 3314 965 3382; x_wconf 87' lang='lat' dir='ltr'><strong>Aeschinem</strong></span> <span class='ocrx_word' id='word_1_243' title='bbox 984 3325 1136 3401; x_wconf 91' lang='lat' dir='ltr'><strong>putemus</strong></span> <span class='ocrx_word' id='word_1_244' title='bbox 1156 3339 1253 3405; x_wconf 85' lang='lat' dir='ltr'><strong>quam</strong></span> 
     </span>
     <span class='ocr_line' id='line_1_30' title="bbox 66 3420 1252 3511; baseline -0.001 -18"><span class='ocrx_word' id='word_1_245' title='bbox 66 3444 111 3493; x_wconf 82' lang='lat' dir='ltr'><strong>ex</strong></span> <span class='ocrx_word' id='word_1_246' title='bbox 134 3424 204 3511; x_wconf 83' lang='lat' dir='ltr'><strong>ipsa</strong></span> <span class='ocrx_word' id='word_1_247' title='bbox 228 3420 407 3510; x_wconf 87' lang='lat' dir='ltr'><strong>Polycratis</strong></span> <span class='ocrx_word' id='word_1_248' title='bbox 436 3422 608 3505; x_wconf 73' lang='grc' dir='ltr'><strong><em>κατηγορίᾳ</em></strong></span> <span class='ocrx_word' id='word_1_249' title='bbox 640 3420 846 3502; x_wconf 70' lang='grc' dir='ltr'><strong><em>Σωκράτουςῖ</em></strong></span> <span class='ocrx_word' id='word_1_250' title='bbox 895 3421 1048 3488; x_wconf 83' lang='lat' dir='ltr'><strong>llnhitare</strong></span> <span class='ocrx_word' id='word_1_251' title='bbox 1080 3424 1132 3488; x_wconf 80' lang='lat' dir='ltr'><strong>vix</strong></span> <span class='ocrx_word' id='word_1_252' title='bbox 1166 3433 1252 3510; x_wconf 87' lang='lat' dir='ltr'><strong>pote·</strong></span> 
     </span>
     <span class='ocr_line' id='line_1_31' title="bbox 67 3526 1253 3616; baseline -0.001 -18"><span class='ocrx_word' id='word_1_253' title='bbox 67 3530 139 3609; x_wconf 85' lang='lat' dir='ltr'><strong>ris,</strong></span> <span class='ocrx_word' id='word_1_254' title='bbox 163 3527 218 3595; x_wconf 92' lang='lat' dir='ltr'><strong>ubi</strong></span> <span class='ocrx_word' id='word_1_255' title='bbox 241 3527 369 3615; x_wconf 84' lang='lat' dir='ltr'><strong>Lysiam</strong></span> <span class='ocrx_word' id='word_1_256' title='bbox 395 3546 521 3614; x_wconf 85' lang='lat' dir='ltr'><strong>quoque</strong></span> <span class='ocrx_word' id='word_1_257' title='bbox 545 3529 665 3615; x_wconf 90' lang='lat' dir='ltr'><strong>scripta</strong></span> <span class='ocrx_word' id='word_1_258' title='bbox 694 3528 837 3594; x_wconf 77' lang='lat' dir='ltr'><strong>oratione</strong></span> <span class='ocrx_word' id='word_1_259' title='bbox 866 3526 1025 3616; x_wconf 90' lang='lat' dir='ltr'><strong>Polycrati</strong></span> <span class='ocrx_word' id='word_1_260' title='bbox 1051 3529 1253 3614; x_wconf 88' lang='lat' dir='ltr'><strong>respondisse</strong></span> 
     </span>
     <span class='ocr_line' id='line_1_32' title="bbox 69 3631 1253 3721; baseline -0.002 -18"><span class='ocrx_word' id='word_1_261' title='bbox 69 3632 279 3721; x_wconf 88' lang='lat' dir='ltr'><strong>compereris.</strong></span> <span class='ocrx_word' id='word_1_262' title='bbox 329 3631 506 3698; x_wconf 84' lang='lat' dir='ltr'><strong>Terebatur</strong></span> <span class='ocrx_word' id='word_1_263' title='bbox 528 3632 604 3698; x_wconf 92' lang='lat' dir='ltr'><strong>olim</strong></span> <span class='ocrx_word' id='word_1_264' title='bbox 634 3632 836 3700; x_wconf 85' lang='lat' dir='ltr'><strong>eruditorum</strong></span> <span class='ocrx_word' id='word_1_265' title='bbox 863 3633 1013 3699; x_wconf 87' lang='lat' dir='ltr'><strong>manibus</strong></span> <span class='ocrx_word' id='word_1_266' title='bbox 1035 3631 1149 3721; x_wconf 83' lang='lat' dir='ltr'><strong>Lysiae</strong></span> <span class='ocrx_word' id='word_1_267' title='bbox 1177 3637 1253 3701; x_wconf 81' lang='grc' dir='ltr'><strong><em>άπι-</em></strong></span> 
     </span>
     <span class='ocr_line' id='line_1_33' title="bbox 67 3736 1253 3827; baseline -0.002 -20"><span class='ocrx_word' id='word_1_268' title='bbox 67 3736 393 3821; x_wconf 71' lang='grc' dir='ltr'><strong><em>λογΙοιΣωκράτονς,</em></strong></span> <span class='ocrx_word' id='word_1_269' title='bbox 418 3736 612 3804; x_wconf 86' lang='lat' dir='ltr'><strong>aPlatonica</strong></span> <span class='ocrx_word' id='word_1_270' title='bbox 637 3747 703 3804; x_wconf 87' lang='lat' dir='ltr'><strong>toto</strong></span> <span class='ocrx_word' id='word_1_271' title='bbox 726 3738 813 3805; x_wconf 88' lang='lat' dir='ltr'><strong>coelo</strong></span> <span class='ocrx_word' id='word_1_272' title='bbox 833 3738 969 3804; x_wconf 85' lang='lat' dir='ltr'><strong>diuersa.</strong></span> <span class='ocrx_word' id='word_1_273' title='bbox 1018 3737 1160 3804; x_wconf 85' lang='lat' dir='ltr'><strong>Platonis</strong></span> <span class='ocrx_word' id='word_1_274' title='bbox 1172 3742 1253 3827; x_wconf 90' lang='lat' dir='ltr'><strong>Apo·</strong></span> 
     </span>
     <span class='ocr_line' id='line_1_34' title="bbox 68 3841 1254 3933; baseline -0.003 -18"><span class='ocrx_word' id='word_1_275' title='bbox 68 3844 158 3933; x_wconf 78' lang='lat' dir='ltr'><strong>lugia</strong></span> <span class='ocrx_word' id='word_1_276' title='bbox 179 3843 301 3930; x_wconf 88' lang='lat' dir='ltr'><strong>scripta</strong></span> <span class='ocrx_word' id='word_1_277' title='bbox 322 3851 372 3910; x_wconf 91' lang='lat' dir='ltr'><strong>est</strong></span> <span class='ocrx_word' id='word_1_278' title='bbox 394 3841 434 3908; x_wconf 88' lang='lat' dir='ltr'><strong>ad</strong></span> <span class='ocrx_word' id='word_1_279' title='bbox 468 3842 609 3909; x_wconf 86' lang='lat' dir='ltr'><strong>Socratis</strong></span> <span class='ocrx_word' id='word_1_280' title='bbox 640 3851 843 3910; x_wconf 83' lang='lat' dir='ltr'><strong>accusatores</strong></span> <span class='ocrx_word' id='word_1_281' title='bbox 866 3852 898 3908; x_wconf 85' lang='lat' dir='ltr'><strong>ct</strong></span> <span class='ocrx_word' id='word_1_282' title='bbox 925 3842 1048 3910; x_wconf 86' lang='lat' dir='ltr'><strong>iudices</strong></span> <span class='ocrx_word' id='word_1_283' title='bbox 1079 3843 1192 3909; x_wconf 90' lang='lat' dir='ltr'><strong>acerba</strong></span> <span class='ocrx_word' id='word_1_284' title='bbox 1222 3855 1254 3912; x_wconf 90' lang='lat' dir='ltr'><strong>et</strong></span> 
     </span>
     <span class='ocr_line' id='line_1_35' title="bbox 69 3946 1255 4038; baseline -0.004 -17"><span class='ocrx_word' id='word_1_285' title='bbox 69 3948 217 4021; x_wconf 89' lang='lat' dir='ltr'><strong>mordaci</strong></span> <span class='ocrx_word' id='word_1_286' title='bbox 239 3949 343 4015; x_wconf 90' lang='lat' dir='ltr'><strong>ironia</strong></span> <span class='ocrx_word' id='word_1_287' title='bbox 374 3946 574 4014; x_wconf 86' lang='lat' dir='ltr'><strong>deridendos.</strong></span> <span class='ocrx_word' id='word_1_288' title='bbox 622 3948 734 4038; x_wconf 83' lang='lat' dir='ltr'><strong>Lysias</strong></span> <span class='ocrx_word' id='word_1_289' title='bbox 767 3951 853 4016; x_wconf 76' lang='grc' dir='ltr'><strong><em>δικῶν</em></strong></span> <span class='ocrx_word' id='word_1_290' title='bbox 886 3949 938 4015; x_wconf 73' lang='grc' dir='ltr'><strong>καὶ</strong></span> <span class='ocrx_word' id='word_1_291' title='bbox 973 3948 1171 4030; x_wconf 73' lang='grc' dir='ltr'><strong><em>πραγμάτων</em></strong></span> <span class='ocrx_word' id='word_1_292' title='bbox 1199 3953 1255 4030; x_wconf 80' lang='grc' dir='ltr'><strong>ἒμ-</strong></span> 
     </span>
     <span class='ocr_line' id='line_1_36' title="bbox 69 4053 1255 4142; baseline -0.003 -16"><span class='ocrx_word' id='word_1_293' title='bbox 69 4054 253 4140; x_wconf 67' lang='lat' dir='ltr'><strong>respuam</strong></span> <span class='ocrx_word' id='word_1_294' title='bbox 286 4055 324 4121; x_wconf 79' lang='grc' dir='ltr'><strong>ὤν</strong></span> <span class='ocrx_word' id='word_1_295' title='bbox 355 4053 532 4141; x_wconf 82' lang='lat' dir='ltr'><strong>apologiam</strong></span> <span class='ocrx_word' id='word_1_296' title='bbox 566 4053 707 4122; x_wconf 86' lang='lat' dir='ltr'><strong>Socratis</strong></span> <span class='ocrx_word' id='word_1_297' title='bbox 738 4054 919 4141; x_wconf 87' lang='lat' dir='ltr'><strong>composuit</strong></span> <span class='ocrx_word' id='word_1_298' title='bbox 950 4053 1155 4134; x_wconf 90' lang='lat' dir='ltr'><strong>huiusmodi,</strong></span> <span class='ocrx_word' id='word_1_299' title='bbox 1190 4076 1255 4142; x_wconf 84' lang='lat' dir='ltr'><strong>qua</strong></span> 
     </span>
     <span class='ocr_line' id='line_1_37' title="bbox 71 4159 1253 4231; baseline -0.002 0"><span class='ocrx_word' id='word_1_300' title='bbox 71 4160 200 4231; x_wconf 86' lang='lat' dir='ltr'><strong>iudices</strong></span> <span class='ocrx_word' id='word_1_301' title='bbox 227 4160 267 4227; x_wconf 92' lang='lat' dir='ltr'><strong>ad</strong></span> <span class='ocrx_word' id='word_1_302' title='bbox 295 4180 387 4227; x_wconf 89' lang='lat' dir='ltr'><strong>reum</strong></span> <span class='ocrx_word' id='word_1_303' title='bbox 422 4162 623 4227; x_wconf 85' lang='lat' dir='ltr'><strong>innocentem</strong></span> <span class='ocrx_word' id='word_1_304' title='bbox 661 4159 888 4226; x_wconf 80' lang='lat' dir='ltr'><strong>absolvendum</strong></span> <span class='ocrx_word' id='word_1_305' title='bbox 917 4179 1044 4225; x_wconf 90' lang='lat' dir='ltr'><strong>summa</strong></span> <span class='ocrx_word' id='word_1_306' title='bbox 1073 4159 1200 4226; x_wconf 90' lang='lat' dir='ltr'><strong>dicendi</strong></span> <span class='ocrx_word' id='word_1_307' title='bbox 1221 4171 1253 4229; x_wconf 91' lang='lat' dir='ltr'><strong>ct</strong></span> 
     </span>
    </p>
   </div>
   <div class='ocr_carea' id='block_1_3' title="bbox 68 4243 1254 4459">
    <p class='ocr_par' dir='ltr' id='par_1_3' title="bbox 68 4243 1254 4459">
     <span class='ocr_line' id='line_1_38' title="bbox 68 4243 1252 4357; baseline -0.002 -22"><span class='ocrx_word' id='word_1_308' title='bbox 68 4243 287 4357; x_wconf 74' lang='lat' dir='ltr'><strong>persuadendi</strong></span> <span class='ocrx_word' id='word_1_309' title='bbox 320 4274 390 4332; x_wconf 89' lang='lat' dir='ltr'><strong>arto</strong></span> <span class='ocrx_word' id='word_1_310' title='bbox 421 4266 584 4353; x_wconf 90' lang='lat' dir='ltr'><strong>impellere</strong></span> <span class='ocrx_word' id='word_1_311' title='bbox 611 4267 776 4353; x_wconf 85' lang='lat' dir='ltr'><strong>potuisset.</strong></span> <span class='ocrx_word' id='word_1_312' title='bbox 823 4265 903 4332; x_wconf 85' lang='lat' dir='ltr'><strong>Erat</strong></span> <span class='ocrx_word' id='word_1_313' title='bbox 932 4264 1047 4352; x_wconf 87' lang='lat' dir='ltr'><strong>hysiae</strong></span> <span class='ocrx_word' id='word_1_314' title='bbox 1075 4269 1252 4345; x_wconf 72' lang='grc' dir='ltr'><strong><em>Ἀπολογία</em></strong></span> 
     </span>
     <span class='ocr_line' id='line_1_39' title="bbox 69 4369 1254 4459; baseline -0.003 -16"><span class='ocrx_word' id='word_1_315' title='bbox 69 4372 273 4457; x_wconf 78' lang='grc' dir='ltr'><strong><em>Σωκράτους,</em></strong></span> <span class='ocrx_word' id='word_1_316' title='bbox 303 4379 339 4440; x_wconf 88' lang='lat' dir='ltr'><strong>ut</strong></span> <span class='ocrx_word' id='word_1_317' title='bbox 369 4373 402 4438; x_wconf 93' lang='lat' dir='ltr'><strong>in</strong></span> <span class='ocrx_word' id='word_1_318' title='bbox 426 4372 502 4439; x_wconf 83' lang='lat' dir='ltr'><strong>vilis</strong></span> <span class='ocrx_word' id='word_1_319' title='bbox 532 4372 570 4441; x_wconf 92' lang='lat' dir='ltr'><strong>X.</strong></span> <span class='ocrx_word' id='word_1_320' title='bbox 595 4370 766 4440; x_wconf 62' lang='lat' dir='ltr'><strong>malorum</strong></span> <span class='ocrx_word' id='word_1_321' title='bbox 790 4370 872 4459; x_wconf 80' lang='lat' dir='ltr'><strong>aprrd</strong></span> <span class='ocrx_word' id='word_1_322' title='bbox 903 4369 1110 4438; x_wconf 88' lang='lat' dir='ltr'><strong>Plutarchum</strong></span> <span class='ocrx_word' id='word_1_323' title='bbox 1134 4372 1254 4458; x_wconf 80' lang='lat' dir='ltr'><strong>legitur</strong></span> 
     </span>
    </p>
   </div>
   <div class='ocr_carea' id='block_1_4' title="bbox 0 0 1479 5010">
    <p class='ocr_par' dir='ltr' id='par_1_4' title="bbox 0 0 1479 5010">
     <span class='ocr_line' id='line_1_40' title="bbox 0 0 1479 5010; baseline 0 0"><span class='ocrx_word' id='word_1_324' title='bbox 0 0 1479 5010; x_wconf 95' lang='lat' dir='ltr'><strong> </strong></span> 
     </span>
    </p>
   </div>
  </div>
 </body>
</html>
