2940 5010
705 280 770 347 680

151 457 217 539 περὶ
244 454 352 540 φθθνον
384 456 436 522 καὶ
469 455 577 536 μθσους
610 475 641 543 p.
665 461 741 525 1538.
766 457 803 523 Α.
835 457 905 532 τοὺς
939 454 1106 541 Σωκράτην
1137 454 1330 545 συκαφαντιθ·

151 587 291 640 σαντας,
326 563 453 648 inquii,
485 565 524 637 ὡς
557 563 600 636 εἷς
633 559 771 644 ἔσχατον
803 562 946 645 πονηρθας
983 562 1206 643 έληλακθτας,
1240 560 1330 637 οὕτως

149 670 302 747 ἐμίσησαν
325 670 351 734 οἱ
381 677 508 734 πολῖται
535 667 588 734 καὶ
620 668 851 753 θπετρθφησαν
882 671 922 744 ὣς
945 669 1027 749 μήτε
1059 673 1121 751 πῦρ
1143 666 1233 736 αθειν
1255 668 1329 749 μέτ’

148 774 361 856 ἀποκρίνεσθαι
385 773 638 854 πυνθανομένοις,
660 773 707 852 μη
735 773 906 854 λουομένοις
927 781 1074 841 κοινωνεῖν
1095 771 1233 851 ὕδατος,
1257 775 1330 841 ἄλλ’

147 985 272 1072 gaudeo
292 984 535 1052 Atheniensium
561 985 737 1052 multorum
760 986 999 1069 φιλοπονηρθαν,
1024 985 1065 1052 de
1085 1006 1151 1073 qua
1172 984 1273 1053 multi
1290 985 1330 1051 ci·

147 1111 203 1157 res
225 1090 324 1157 Attici
347 1090 461 1157 acerbe
484 1101 685 1178 queruntur,
709 1092 742 1157 in
765 1091 824 1158 bac
849 1089 990 1157 Socratis
1009 1110 1108 1158 causa
1130 1091 1166 1157 in
1189 1098 1260 1158 tam
1279 1088 1329 1157 ad·

147 1195 328 1263 mirabilem
349 1198 564 1279 μισοπονηρίαν
583 1216 653 1263 esse
674 1216 871 1263 conversam.
908 1196 993 1263 llaec
1016 1197 1087 1285 ipsa
1108 1196 1242 1265 ridetur
1259 1214 1328 1265 aaa·

148 1300 327 1379 soscrisse,
359 1320 419 1367 cur
443 1304 591 1392 Anytus,
615 1302 670 1390 qui
693 1300 779 1366 domi
806 1321 884 1369 suaa
911 1302 1023 1369 balneo
1052 1303 1102 1369 uti
1127 1311 1282 1391 potuerat
1301 1308 1331 1369 et

146 1410 194 1475 sic
226 1416 351 1494 partem
382 1406 602 1474 molestiarum
634 1405 932 1494 conmonefacere,
965 1407 1119 1475 maluerit
1149 1428 1227 1477 cum
1263 1426 1328 1477 eae·

148 1514 228 1580 teris
258 1513 367 1595 gulam
402 1511 463 1577 sibi
489 1512 601 1599 laqueo
635 1511 784 1599 frangere
814 1533 910 1599 quam
947 1515 1009 1580 ista
1042 1513 1169 1581 diutius
1199 1512 1327 1603 perpeti.

147 1618 274 1685 Diserta
298 1616 462 1684 Plutarchi
486 1617 584 1683 verba
608 1627 704 1684 sunt:
736 1615 791 1692 έως
817 1616 1025 1697 θπθνξανπο,
1050 1620 1180 1706 inquil,
1211 1622 1258 1701 ph
1277 1620 1327 1707 φθ

148 1749 248 1808 ροντες
271 1723 306 1789 τὸ
337 1732 438 1804 μῖσος.
485 1722 532 1789 lla
564 1725 672 1789 omnia
699 1723 807 1789 nescio
828 1724 988 1810 quomodo
1016 1722 1262 1810 Xenophontem
1285 1724 1327 1792 lu·

148 1830 235 1917 gisse
270 1827 441 1907 ridentur,
477 1846 580 1914 neque
617 1837 763 1916 poterant
794 1848 869 1895 eum
905 1830 1075 1896 certiorem
1113 1828 1223 1897 lacere
1256 1830 1325 1908 lilii,

151 1936 301 2023 quoruiam
328 1935 397 2000 nati
422 1934 565 2000 nondum
589 1944 693 2002 erant.
742 1934 803 2001 Sed
829 1934 974 2024 Anytus,
1000 1943 1034 2001 ut
1056 1932 1258 2002 Themistius
1278 1954 1325 2002 au·

150 2051 221 2108 otor
245 2048 314 2119 est,
350 2059 413 2106 non
445 2059 562 2106 manus
592 2039 654 2105 sibi
684 2039 862 2118 conscivit,
898 2038 952 2105 sed
981 2038 1014 2104 in
1045 2039 1180 2106 exilium
1213 2042 1325 2109 eiectas
1369 2104 1371 2113 .

148 2157 197 2213 est
229 2154 261 2213 et
292 2145 332 2211 ab
367 2145 632 2212 Heracleensihus
664 2149 697 2212 iu
728 2147 828 2212 Ponto
862 2144 1022 2232 lapidibus
1056 2144 1194 2213 obrutus
1218 2147 1323 2233 periit:
1369 2130 1371 2211 ἷ

144 2256 277 2326 Ἀνυτος
302 2251 420 2335 ἔφυγεν
444 2255 478 2317 ἐκ
501 2258 554 2318 τοῦ
578 2250 690 2329 eicere,
716 2253 842 2338 inquil,
866 2251 919 2318 nni
943 2252 1037 2318 αθτθν
1062 2251 1260 2318 κατέλευσαν
1280 2252 1323 2319 ud
1369 2230 1371 2257 Ι

149 2359 317 2440 Σωκροθτην
340 2360 366 2424 ol
388 2365 601 2439 Ἡρακλεῶται
624 2361 650 2425 οἱ
675 2359 704 2422 έν
727 2360 770 2439 τῷ
794 2357 915 2440 Πθντρι,
940 2367 969 2425 el
996 2377 1036 2424 ne
1059 2355 1210 2424 dubitare
1231 2358 1323 2445 posuit

149 2463 288 2530 addidit:
320 2461 373 2528 καὶ
403 2469 454 2528 νῦν
478 2463 631 2528 δείκνυται
667 2462 795 2528 Ἀνύτου
819 2464 924 2530 αθτθθι
949 2472 1037 2543 σῆμα
1062 2463 1093 2528 έν
1114 2464 1158 2546 τῷ
1183 2464 1322 2545 προαςσθρ
1369 2462 1371 2469 ’

148 2573 181 2635 οὐ
202 2567 325 2649 μακρὰν
350 2566 521 2643 θαλάττης.
568 2568 613 2633 Ne
647 2566 705 2633 hoc
731 2567 859 2653 quidem
892 2568 1066 2655 Xenophon
1099 2587 1258 2655 umquam
1284 2586 1323 2634 re·

149 2674 283 2740 scivisse
306 2673 443 2739 ridetur.
480 2671 615 2738 llullum
641 2674 738 2738 eliam
763 2683 886 2752 metuo,
911 2682 947 2740 ut
972 2693 1125 2759 umquam
1140 2673 1323 2747 Aeschines,

151 2781 204 2845 eui
239 2778 386 2846 Socrates
410 2779 481 2845 iure
505 2777 676 2843 damnatus
709 2799 777 2846 esse
808 2779 956 2857 ridetur,
991 2778 1093 2845 oculis
1124 2782 1195 2846 suis
1219 2778 1325 2847 viderit

149 2894 289 2952 statuam
313 2905 351 2951 cx
384 2904 457 2950 aere
490 2883 613 2950 Socrati
639 2904 656 2949 a
680 2886 782 2971 gratis
812 2885 936 2951 civibus
963 2884 1120 2971 positam,
1157 2887 1224 2952 nisi
1254 2884 1325 2952 forte

150 3011 281 3058 auream
311 2989 410 3057 luisse
439 2988 657 3066 Tertulliano,
693 2989 844 3076 locupleti
871 2992 966 3064 testi,
991 2988 1122 3057 credere
1147 2990 1324 3057 malumus:

149 3097 222 3164 vide
245 3097 333 3183 [ling.
357 3097 463 3162 baert.
487 3095 528 3163 11.
552 3100 607 3160 45.
633 3103 663 3161 et
688 3097 911 3162 annotationes
934 3094 1093 3181 blenagii,
1127 3097 1182 3162 cui
1205 3116 1326 3162 curennr

149 3203 249 3270 luisse
285 3223 347 3268 nou
379 3201 547 3268 videbatur
576 3200 784 3280 incredibile,
819 3222 958 3289 namque
991 3223 1053 3268 nou
1086 3210 1156 3269 crat
1194 3203 1327 3270 »nescim

147 3310 255 3398 plnres
284 3309 316 3373 in
354 3309 482 3374 Graecia
511 3317 584 3374 ιιιιισ
614 3308 761 3394 temporis
794 3308 897 3374 noreio
925 3309 1036 3373 stotnis
1059 3309 1160 3395 sciere
1184 3308 1327 3386 donatur,

151 3417 245 3482 etiam
272 3437 312 3481 en
341 3414 492 3501 priuatis,
531 3413 677 3499 Gorpiom
710 3413 916 3491 Leontinum,
952 3413 1102 3501 Phrynen
1138 3416 1328 3481 meretricem

151 3522 232 3588 etc.''
279 3521 385 3585 hliuus
410 3519 506 3585 etiam
540 3537 577 3584 ea
606 3538 657 3584 res
687 3517 746 3584 libi
778 3518 935 3585 mirabilis
960 3540 1029 3586 esse
1059 3520 1246 3599 ridebitur,
1280 3518 1329 3587 ubi

151 3625 303 3692 didiceris
334 3623 374 3689 alr
398 3625 520 3690 incerto
549 3632 680 3690 auclore
709 3634 764 3700 της
793 3626 958 3700 ὑποθέσεως
988 3628 1031 3700 εἷς
1062 3627 1114 3692 τὸν
1142 3625 1330 3709 Ἰσοκράτους

151 3733 283 3812 Βούσιριν
313 3730 524 3797 Athenienses
553 3732 791 3813 σωφρονισθῆναι
818 3732 868 3797 διὰ
892 3736 945 3797 τοῦ
974 3737 1082 3810 λοιμοῦ
1113 3737 1168 3797 τοῦ
1194 3733 1330 3810 ἔγκατα·

153 3841 332 3921 σκήψαντος
355 3840 461 3910 αὐτοῖς
486 3836 547 3903 διὰ
571 3838 638 3902 τὸν
673 3837 904 3917 Σωκρθτους
929 3837 1098 3904 θθνατον.
1146 3836 1236 3903 Idem
1265 3856 1329 3925 pse·

152 3944 280 4030 plrisma
308 3941 554 4008 Atheniensium
579 3941 665 4006 solus
699 3942 805 4008 nescio
830 3942 914 4008 nude
947 3942 1112 4029 indagavit
1149 3945 1225 4031 (non
1252 3944 1332 4009 eninr

152 4050 186 4115 ἐκ
208 4056 267 4114 τῶν
291 4048 442 4130 Κρατέρου
464 4046 680 4128 ψηφισμάτων
706 4056 847 4113 sumtum
881 4067 949 4113 esse
971 4046 1119 4134 opinor):
1142 4047 1265 4124 μηθένα
1287 4049 1332 4121 θη·

149 4154 245 4239 nonin
268 4154 373 4232 λέγειν
396 4154 463 4236 περὶ
497 4151 694 4235 Σωκράτους,
731 4150 814 4238 quod
847 4152 1139 4239 prudentissimum
1169 4151 1333 4219 decretum

150 4267 220 4336 est,
246 4267 281 4324 ut
304 4257 412 4326 rides.
461 4258 508 4324 Ex
542 4257 651 4325 eodem
679 4266 760 4325 teste
791 4256 857 4323 solo
881 4266 1007 4325 constat
1043 4258 1209 4325 Socratem
1242 4277 1334 4326 accu-

151 4373 256 4431 saltrm
292 4384 361 4432 esse
396 4360 442 4431 θ’τι
468 4363 559 4431 καινοὶ
594 4364 737 4446 δαιμόνια
770 4365 903 4449 εἰσφέρει
938 4374 1000 4441 τοῖς
1032 4365 1204 4441 Ἀθηναίοις
1237 4366 1334 4448 λέγων
