2940 5010
714 304 775 365 1151

140 482 307 570 scriptura
338 482 370 545 in
396 478 590 566 Antiphontis
621 476 781 544 versiculo
813 476 899 564 apud
928 477 1044 544 Athen.
1070 499 1100 565 p.
1124 482 1190 546 539
1214 481 1251 547 Α.
1283 485 1335 548 αν·

139 590 324 675 spondoeo
346 590 408 656 nisi
431 609 470 657 ex
493 572 868 659 ANAPRTAPIcTON
893 587 925 654 iti
949 596 1000 654 est
1026 589 1139 672 ἀνδρῶν
1163 592 1192 656 τ’
1210 589 1334 674 densos?

140 704 176 763 ct
200 696 324 783 passim
349 694 425 763 talis
450 704 641 763 occurrunt.

189 800 259 869 Non
283 810 429 889 tempero
452 800 556 881 mihi,
580 802 658 888 quin
684 800 874 888 palmariam
898 798 959 865 loci
983 798 1152 886 Euripidei
1188 801 1337 867 emenda·

143 906 270 974 tionem
297 925 384 973 nune
420 908 659 974 communicem
692 926 767 972 cum
792 906 833 970 iis
867 905 923 993 qui
950 904 1137 992 philosopho
1171 906 1205 973 in
1241 927 1338 975 scena

146 1010 363 1081 delectantur.
411 1013 447 1079 ln
473 1011 636 1080 Alcestide
660 1032 708 1079 vs.
731 1016 829 1077 1117.
853 1010 974 1078 dicenti
998 1010 1150 1078 Herculi:

330 1116 439 1199 τθλροα
462 1127 617 1200 προτεῖναι
640 1125 736 1201 χεῖρα
757 1115 810 1183 καί
835 1118 932 1196 θιγεῖν
955 1115 1054 1199 alpes.

145 1222 309 1293 Admetus
332 1224 525 1310 respondet:

331 1329 384 1396 sal
409 1330 445 1406 ts
468 1330 636 1413 προτείνω,
659 1328 782 1411 Γοργόν’
805 1331 844 1401 ὥς
868 1327 1046 1410 καρατόμα.

146 1432 231 1501 nihil
263 1454 343 1523 opus
376 1444 426 1502 cst
452 1436 641 1502 temerarias
664 1445 697 1503 et
719 1433 804 1501 male
827 1453 924 1499 sanas
954 1434 1239 1521 interpretationes
1269 1454 1341 1501 cna·

147 1540 256 1627 pilare
278 1550 351 1627 post
375 1550 537 1628 repertam
570 1561 679 1608 veram
711 1540 881 1607 lectionem
913 1548 1003 1606 certa
1034 1549 1067 1606 et
1098 1539 1239 1606 evidenti
1274 1561 1342 1607 cor·

148 1644 318 1726 rectione,
349 1666 446 1734 quam
474 1645 514 1712 ab
539 1648 644 1713 amico
668 1665 727 1713 suo
753 1645 871 1712 iactam
902 1646 974 1711 iure
998 1644 1181 1711 Badhamus
1204 1643 1343 1712 admira·

147 1748 258 1818 1111111.
305 1751 472 1840 Perspexit
496 1754 582 1819 enim
608 1755 636 1818 is
659 1760 726 1819 tarn
751 1760 846 1818 acute
871 1769 969 1837 qnam
991 1748 1129 1817 feliciter
1158 1748 1241 1819 hanc
1265 1751 1342 1818 luis·

147 1884 184 1933 ss
205 1862 285 1931 olim
302 1863 458 1933 librorum
479 1867 694 1954 scripturam:
718 1847 1226 1943 ΓΟΡΓΟΝΩΣΚΑΡΛΤοΜῇ,
1246 1886 1342 1952 qnam

147 1988 320 2059 perperam
342 1970 391 2037 sic
413 1990 487 2037 esse
509 1970 725 2058 descriptam:
749 1969 873 2052 Γοργόν’
896 1973 935 2044 ὡς
960 1967 1128 2052 καρατίμρ
1151 1990 1253 2057 quum
1278 1973 1342 2057 sig·

147 2074 747 2158 1111111111Γορρίνιίςααρατομῶν,
772 2077 792 2141 1.
807 2096 835 2141 e.
860 2076 1076 2159 οὶοτοςραφείς,
1100 2096 1209 2141 averso
1233 2077 1341 2155 onitu,

149 2180 425 2269 quemadmodum
446 2182 584 2249 Perseus
606 2182 682 2248 olim
707 2181 859 2249 Medusae
885 2189 983 2267 capot
1007 2178 1166 2261 abscidit,
1191 2192 1343 2268 quaeest

151 2286 262 2381 hercle
281 2288 400 2355 eximia
424 2286 457 2353 in
481 2288 595 2374 paucis
617 2287 808 2354 emendatio.

197 2391 292 2480 Apud
323 2392 521 2481 Polyaenum
543 2393 580 2459 V.
605 2398 636 2460 8.
663 2399 693 2460 9.
729 2394 761 2459 11
795 2392 902 2460 verbis
930 2393 986 2468 nhc
1008 2392 1088 2458 ίδίαν
1111 2393 1205 2468 socho
1233 2394 1344 2459 οίτοίί·

149 2522 244 2580 μενος
266 2498 322 2567 καὶ
351 2500 459 2579 λαβὼν
490 2501 587 2565 αὐτοῦ
617 2499 712 2574 σκεύη
739 2498 826 2565 nulla
857 2507 907 2565 est
930 2496 1090 2563 dubitatio
1120 2498 1200 2583 quin
1228 2518 1342 2565 verum

149 2604 194 2671 stt
223 2602 279 2671 καί
312 2605 421 2684 λαβὼν
458 2605 572 2671 ναύτου
605 2607 727 2682 σκευήν.
787 2605 915 2691 Peperit
950 2601 1069 2690 duplex
1101 2603 1217 2669 vitium
1251 2615 1344 2671 vetus

150 2714 317 2801 scriptura
339 2693 790 2781 ΛΑΒὸΝΑΤΤοΤΣΚΕΤῇ
813 2722 846 2781 et
869 2732 986 2799 magna
1008 2711 1129 2799 passim
1154 2712 1267 2781 talium
1294 2735 1344 2781 eo·

152 2820 206 2907 pis
231 2826 292 2885 eat.
338 2817 459 2886 Eadem
481 2839 580 2887 eattsa
602 2820 788 2907 depravavit
810 2820 916 2885 locum
937 2816 1164 2885 demosthenis
1185 2839 1217 2906 p.
1239 2824 1345 2899 1910,

150 2928 184 2993 9.
214 2922 288 2991 tisri
319 2925 377 3005 μὲν
407 2932 468 2992 τῶν
501 2927 718 2993 ἀπολιπόντων
748 2951 790 3006 με
823 2932 940 2992 ναυτῶν
975 2924 1092 3007 ἑτέρους
1126 2925 1345 3007 ἐμισθωσάμην

152 3036 294 3113 ναύτας,
318 3034 374 3100 ubi
394 3033 480 3122 qarod
493 3043 542 3102 est
561 3036 594 3100 in
618 3035 640 3101 S
662 3060 705 3117 με
720 3038 822 3102 αὐτῶν
843 3044 954 3103 natum
975 3044 1024 3102 est
1042 3054 1081 3103 err
1101 3019 1344 3115 minianu,

151 3140 240 3229 quod
269 3160 372 3227 quum
397 3139 598 3226 negligenter
630 3150 714 3208 esset
746 3141 945 3229 descriptum
976 3166 1018 3221 με
1050 3144 1151 3207 αὐτῶν
1181 3152 1346 3209 corrector

151 3248 361 3335 supervenit,
390 3247 448 3333 qui
471 3244 511 3311 de
544 3265 603 3311 suo
636 3248 753 3322 ναύτας
778 3245 913 3312 addidit.
961 3248 1102 3335 Recepta
1136 3249 1237 3335 igitur
1268 3269 1346 3316 vera

151 3352 290 3419 lectione
310 3377 354 3433 με
377 3358 496 3418 ναυτῶν
520 3350 678 3419 emblema
705 3353 823 3426 ναύτας
848 3355 917 3419 siue
949 3373 1038 3419 mora
1069 3363 1139 3419 erat
1160 3375 1345 3442 expungen-

152 3456 245 3527 dum.
301 3456 470 3524 Contraria
503 3477 612 3524 errore
641 3459 770 3545 saepius
800 3458 924 3525 videbis
955 3459 1097 3526 litteram
1130 3486 1145 3525 ν
1175 3480 1346 3549 perperam

150 3562 339 3633 nominibus
361 3564 501 3651 propriis
522 3562 677 3629 additam.
726 3565 841 3639 ’Λτέας
865 3565 950 3652 apud
970 3566 1150 3634 Lucianum
1167 3566 1262 3635 txtt.
1292 3572 1345 3635 10.

150 3669 286 3745 Ἀντίας
314 3667 406 3735 audit
434 3670 467 3734 in
500 3667 611 3746 libris,
636 3670 692 3755 qui
716 3669 839 3737 LXVll.
865 3676 898 3740 o.
924 3677 955 3737 2.
988 3671 1159 3755 Τιριδοίταν
1183 3672 1346 3759 appellant

151 3774 340 3858 τιρινδοίταν.
389 3773 481 3862 Apud
503 3773 625 3840 helian.
647 3774 684 3839 H.
705 3778 741 3840 Α.
767 3798 796 3864 p.
818 3782 902 3855 580,
926 3782 958 3844 9.
982 3780 1106 3860 ἀνδρίαν
1126 3779 1267 3865 reperies
1287 3799 1344 3865 pro

151 3882 288 3964 Ἀδρίαν.
336 3881 374 3947 11
407 3880 573 3967 Euripidis
606 3880 789 3949 Phoenissis
813 3888 875 3950 est
910 3904 950 3950 ex
982 3883 1076 3950 libris
1105 3882 1236 3965 ἄνδραςε
1271 3884 1347 3952 alle·

152 3995 233 4054 runt
266 4006 325 4075 pro
350 3988 508 4067 Ἀδραςε,
542 3994 575 4051 et
604 3986 636 4051 in
674 3986 854 4055 Troadibus
875 3994 941 4056 250
978 3989 1097 4072 κροίνθις
1131 4010 1188 4075 pro
1220 3993 1344 4073 Κρᾶθις.

152 4090 209 4159 Sic
238 4094 273 4157 11
303 4091 528 4179 Aristophanis
560 4093 672 4180 Vespis
701 4114 745 4159 vs.
774 4098 872 4160 1191.
908 4098 1076 4181 Ἐφουδίων
1101 4097 1281 4184 appellatur
1311 4100 1345 4164 in

151 4196 277 4267 Veneto
299 4196 414 4266 Codice
436 4200 610 4283 ἐφοννδίων.
658 4198 711 4264 Sic
736 4200 769 4266 in
792 4200 964 4269 Hellenicis
985 4203 1037 4269 lV.
1063 4223 1093 4267 v.
1119 4208 1169 4270 19.
1196 4212 1271 4268 nata
1296 4211 1345 4270 est

152 4304 251 4373 lectio
273 4306 420 4373 οινδοῦντι
454 4326 510 4393 poro
547 4307 706 4382 Σιδοῦντι,
739 4315 770 4372 ct
795 4327 835 4374 ne
859 4307 952 4395 phua
978 4308 1092 4378 addam
1122 4308 1205 4397 apud
1232 4309 1345 4376 herno-
