2940 5010
707 297 767 358 14ss

184 467 336 534 Cratinus
371 486 433 534 non
462 470 616 548 μηνιιτιὶνε
647 471 703 545 aia
733 475 870 548 γννωῖιωι
902 465 999 545 (lixit,
1031 465 1114 553 qnod
1148 466 1181 533 in
1213 465 1319 556 fragm.

143 572 285 640 LXXVII
308 572 467 652 traditur,
490 573 545 641 sed
567 575 707 654 μηνντόν.
754 571 984 660 Pcrvulgatum
1013 569 1074 639 boc
1099 580 1149 639 est
1174 571 1322 641 libmmm

143 680 260 745 vitium
295 679 328 744 in
364 676 492 746 talibus.
549 677 650 765 Saepe
680 678 849 760 δρωπέτης,
883 677 1049 760 προδότης,
1085 676 1269 766 similiaque
1295 679 1323 745 in

146 783 242 850 Codd.
263 784 416 870 leguntur
437 804 493 871 pro
513 785 676 867 δριιπέτις,
701 783 854 865 προδότις,
878 789 974 850 caeti.
1022 781 1159 850 Formae
1176 784 1209 849 in
1223 810 1279 861 ις,
1295 791 1327 849 ut

147 895 325 971 ςροιτιιῖτις,
349 889 496 963 οῖνόποτις
518 891 589 956 sim.
615 897 647 957 et
671 890 810 956 rariores
832 895 925 954 erant
948 894 980 954 et
1003 886 1090 974 apud
1116 889 1281 976 aequiores
1298 889 1327 955 in

147 993 390 1061 desuetudinem
423 994 576 1061 videntur
605 994 743 1073 abiisse,
775 992 984 1079 quamobrem
1009 992 1142 1081 proclivi
1164 1012 1274 1063 enom
1292 991 1333 1061 ad

147 1097 267 1165 [turmas
291 1101 324 1165 in
347 1126 416 1176 -της
440 1100 564 1168 scribae
586 1100 689 1167 delabi
713 1098 866 1166 solebant.

189 1206 312 1272 Vitium
336 1204 393 1272 alit
414 1204 630 1292 fragmentum
653 1205 794 1273 cxxnt

324 1310 432 1378 τούτου
454 1312 481 1378 δ’
503 1311 635 1386 ardeae
657 1314 806 1393 οὶτοτεμῶ
829 1311 889 1386 τοὶς
912 1309 1085 1394 μηχιενοός,

144 1434 285 1502 namque
310 1417 343 1481 in
369 1436 405 1482 oa
429 1438 465 1483 re
496 1437 558 1483 non
588 1417 774 1499 ἀποτέμνειν
794 1425 920 1484 veteres
941 1414 1092 1483 dicebaut
1121 1412 1178 1481 scd
1200 1415 1333 1496 ὑπιτέμ·

145 1546 217 1599 νειν,
242 1521 340 1588 veluti
360 1523 507 1601 έῖιτόδοις,
532 1522 616 1598 tib,
636 1530 735 1591 πλοῦν
758 1523 831 1589 sim.
852 1520 1161 1608 praecideremus,
1184 1521 1264 1600 iter,
1284 1542 1333 1587 ro·

144 1626 254 1692 ditum.
302 1625 412 1694 Obiter
431 1628 566 1694 emenda
592 1628 809 1717 Xenophontis
833 1626 938 1693 locum
960 1625 1081 1693 llcllen.
1094 1626 1119 1693 1.
1140 1647 1185 1695 n.
1209 1632 1260 1695 m.
1277 1651 1333 1695 ιιιι-

143 1733 233 1798 τιδιδν
262 1732 294 1798 δέ
317 1735 410 1800 adada
432 1734 625 1813 ἀναγόμενον
653 1734 725 1815 δόμοι
753 1744 792 1817 τῇ
816 1733 916 1817 ημέρμ
943 1732 1063 1798 έδόωιιεν
1090 1733 1333 1813 ὑποτεμνόμενος

144 1839 196 1903 τὸν
213 1840 256 1912 εἷς
278 1839 387 1919 Σοὶμον
410 1844 507 1906 πλοῦν
534 1839 627 1929 [ὅπως
647 1842 691 1919 μδ
712 1841 812 1906 ἐκεῖσε
833 1837 966 1927 φύγοι],
991 1835 1045 1904 ubi
1066 1836 1176 1923 pueris
1202 1836 1333 1907 ierim

144 1941 222 2028 quid
246 1945 288 2009 sit
318 1945 540 2023 ὑποτέμνεσόοιι
565 1947 618 2011 τόν
640 1951 737 2011 ποιοῦν
768 1941 986 2010 nescientibus
1011 1940 1102 2007 utilia
1125 1962 1197 2011 esse
1227 1950 1333 2031 potue.

144 2056 222 2113 runt
246 2049 341 2116 verba
368 2047 449 2124 όπως
475 2052 519 2131 μη
543 2051 642 2117 ἐκεῖσε
668 2050 789 2133 φόροι,
822 2048 958 2114 caeteris
982 2045 1132 2113 omnibus
1162 2055 1230 2115 tam
1258 2054 1333 2115 suot

143 2152 272 2219 inutilia
292 2163 390 2241 atque
415 2153 624 2242 Xenophonte
647 2153 778 2239 indigna
803 2160 892 2226 sunt.

189 2258 424 2326 Admonotme
451 2258 567 2344 fragm.
590 2258 755 2326 cxlviii·
783 2261 855 2341 πρὸς
884 2259 1003 2324 σωνόσιν
1032 2257 1231 2336 ἐδεσμεύοντο
1261 2273 1333 2326 πελ·

144 2363 257 2442 λεόιιις,
288 2367 327 2437 ὣς
356 2364 409 2429 xci
436 2373 582 2444 Κρατῖνος
613 2366 702 2439 δηλοῖ
729 2363 790 2429 loci
820 2361 906 2450 apud
933 2361 1129 2453 Hesychium
1157 2372 1333 2431 monstrose

144 2469 288 2554 corrupti
318 2488 348 2535 ν.
382 2477 505 2544 Δῆσωι
535 2471 630 2550 πρὸς
659 2468 801 2545 ἄνοδον,
831 2470 1002 2541 Ἀττικῶς.
1030 2469 1206 2548 βωσιινόσωι
1234 2470 1267 2536 έν
1291 2470 1333 2552 τῇ

142 2573 346 2655 δεσμωτηρίῳ.
393 2572 494 2638 Viden
520 2573 746 2659 corrigendum
771 2593 839 2640 esse
862 2582 966 2648 Διῖσοιι
987 2575 1061 2654 τρδς
1082 2574 1210 2650 σοινέδοι,
1230 2576 1333 2641 Ἀττι-

145 2686 226 2756 ιιοῖς,
257 2696 331 2742 nam
358 2685 494 2762 utroque
520 2677 613 2743 modo
640 2677 789 2745 dicebant
811 2687 936 2744 veteres
964 2678 1171 2760 crudescentia
1198 2680 1277 2756 δεῖν,
1303 2687 1333 2745 et

145 2785 206 2849 δεῖν
231 2784 300 2864 πρός
326 2783 437 2849 σωνόδι.
485 2784 646 2871 Aristopli.
669 2783 897 2871 Thesmopboc.
921 2787 987 2851 940

323 2886 430 2953 κέλευε
454 2889 526 2969 πρός
549 2899 589 2973 τῇ
612 2890 710 2955 σοινόδι
735 2890 796 2956 δεῖν
818 2893 871 2955 τόν
893 2887 1030 2965 τοξότην.

144 2994 315 3072 Δεσμεόειν
345 3012 403 3080 pro
432 2991 494 3059 δεῖν
524 2992 632 3061 dicere
662 2994 892 3062 Graeculorum
923 3002 986 3064 est.
1040 2993 1223 3084 Hesychius
1252 2996 1321 3063 an

143 3100 309 3177 δεσμεύων.
367 3097 487 3164 Eodem
515 3098 627 3175 mollo,
660 3107 695 3166 ut
727 3098 943 3173 ostendimus,
976 3100 1113 3183 λετόζειν
1142 3120 1201 3188 pro
1230 3102 1333 3169 alcea

143 3203 307 3280 dicebant,
337 3204 477 3285 οὶροτριῖιν
510 3224 568 3290 [tro
598 3208 706 3287 ἀροῦν,
738 3208 909 3286 λωτροῖιμιιι
941 3223 998 3290 pro
1028 3205 1164 3284 λόομοιι,
1193 3206 1333 3274 exaneda

145 3329 203 3395 pro
220 3308 365 3385 σκάλλω,
389 3310 550 3376 analeum
574 3330 631 3396 nro
654 3314 752 3385 κλοῖν,
777 3309 926 3390 κοιόοιρόζω
951 3329 1008 3395 pro
1027 3311 1175 3391 ιιοεόωόρω,
1196 3310 1333 3397 albeat&

148 3434 205 3499 pro
228 3414 392 3492 οιόροῖιμοιι,
425 3412 551 3500 aliaque
583 3413 761 3500 permulta,
793 3412 977 3501 dequibus
1009 3434 1111 3481 unum
1139 3414 1333 3506 Thucydidis

146 3536 261 3583 caussa
289 3514 415 3582 addam.
462 3518 617 3585 Dicebant
646 3527 770 3585 veteres
800 3522 980 3602 τετρῦσόωι,
1008 3521 1190 3602 τετρωμένος
1219 3522 1322 3599 τόνως

146 3621 345 3705 retamenta
368 3622 461 3697 sim,
487 3643 544 3709 pro
567 3643 630 3709 quo
653 3624 817 3710 aequiores
835 3627 1046 3707 τετρωχῶσόοιι
1067 3623 1217 3693 (licebant
1236 3635 1271 3694 nt
1288 3652 1333 3697 τε·

146 3724 346 3808 τροχομένοι.
393 3724 505 3813 ltaque
528 3729 728 3815 saepiuscule
751 3726 871 3794 laetum
896 3737 945 3795 est
974 3738 1010 3795 nt
1036 3731 1068 3794 in
1093 3729 1265 3798 (lodicibus
1286 3756 1333 3801 τε·

148 3832 292 3914 τρωμένος
319 3829 421 3897 abiret
445 3833 477 3897 in
498 3835 716 3915 τετριμμένος,
737 3841 793 3898 aut
819 3843 854 3898 ut
879 3854 957 3900 nova
980 3833 1082 3901 forma
1104 3840 1333 3920 τετρυχωμένος

148 3937 419 4015 substitueretur,
450 3939 544 4005 cuius
575 3940 622 4006 rei
650 3937 792 4024 exempla
823 3939 1008 4006 llindorfius
1035 3939 1125 4007 dedit
1154 3940 1194 4007 ad
1226 3941 1333 4033 Stepb.

149 4042 304 4109 'lbesaun
329 4060 359 4108 ν.
380 4045 477 4124 τρόω,
498 4043 617 4130 quibus
636 4043 798 4111 Platonem
820 4044 901 4112 adde
922 4045 954 4111 in
976 4044 1115 4132 legibus
1133 4046 1203 4115 v11.
1227 4068 1260 4136 p.
1273 4050 1333 4119 aot

148 4148 182 4213 B.
209 4145 262 4213 ubi
282 4146 355 4213 libri
375 4147 534 4215 lluctuanl
557 4149 848 4232 internecionibus
869 4159 900 4217 et
916 4151 1173 4234 τετρυχωμένων,
1197 4173 1333 4240 quorun

149 4251 209 4319 boc
229 4273 396 4342 perperam
418 4262 583 4343 receptum
607 4263 666 4322 est.
713 4255 844 4323 Duobus
865 4255 944 4324 locis
964 4257 996 4323 iu
1020 4255 1190 4325 (lodicibus
1211 4257 1333 4352 Thucy·
