2940 5010
570 1508 733 1573 CAPUT
775 1504 830 1572 tlt.

98 1924 209 1999 urar
236 1940 340 1991 nuuc
361 1920 462 1989 iihcro
480 1922 535 1988 itio
562 1942 680 2008 genere
707 1925 913 2010 scriptionis,
936 1923 1021 2009 quod
1046 1924 1126 1990 mihi
1148 1927 1181 1991 in
1204 1934 1294 1992 tanta
1386 1952 1401 1975 ·

45 2032 235 2121 &20th
255 2027 388 2097 viventi
404 2027 622 2093 necessarium
644 2047 714 2094 esse
726 2026 811 2104 dixi,
831 2027 871 2093 ad
884 2027 1128 2113 digrediendum
1148 2029 1295 2096 nonnihil

42 2160 79 2213 ,ι
106 2135 311 2229 proposito
342 2132 505 2218 missaque
535 2131 698 2220 paulisper
729 2133 931 2199 Comicorum
966 2132 1160 2214 festivitate,
1199 2143 1233 2201 ut
1263 2144 1297 2201 et

40 2244 234 2315 ''dicrum
259 2246 300 2307 ct
329 2256 419 2305 meae
445 2238 588 2304 satietati
623 2257 815 2313 occurram,
848 2236 992 2305 tractabo
1022 2237 1107 2304 iocos
1137 2239 1293 2325 quosdam

48 2368 106 2421 ,ς
127 2342 319 2435 Euripide
340 2351 375 2411 et
398 2343 446 2409 sic
469 2342 510 2409 ad
541 2342 753 2429 Theophrasti
780 2342 989 2409 characteres
1018 2346 1179 2411 transiens
1209 2344 1295 2431 quod

52 2474 130 2525 Ιο
154 2452 347 2521 dicturum
378 2448 512 2536 promisi
533 2446 573 2514 de
597 2447 718 2534 optimo
750 2447 866 2515 Codice
896 2448 1211 2516 Palatino-Vaticano
1236 2449 1296 2516 sol·

55 2578 159 2629 ,mr
185 2554 309 2623 iidem.

122 2664 206 2733 nin
239 2668 277 2728 ct
300 2656 442 2726 multum
465 2677 517 2725 mc
548 2656 716 2745 Euripidis
740 2657 860 2725 Helena
893 2660 1019 2734 tenuit,
1045 2660 1079 2723 iu
1104 2679 1168 2747 qua
1189 2658 1297 2727 iahuta

64 2762 308 2841 mdauda
328 2762 416 2831 haud
445 2763 491 2830 ita
521 2761 646 2851 pridem
675 2762 709 2828 C.
730 2762 872 2830 Badham
897 2764 1067 2850 perutilem
1091 2784 1220 2852 operam
1244 2784 1296 2852 po-

66 2876 184 2955 nit,
212 2888 321 2959 quum
341 2866 543 2957 Iphigeniam
569 2870 602 2934 in
624 2866 741 2934 Tauris
761 2877 793 2933 et
821 2868 973 2935 Helenam
1009 2868 1145 2935 Londini
1176 2870 1295 2937 ederet.

70 2980 216 3069 ltaque
238 2976 383 3065 primum
417 2974 563 3040 omnium
592 2973 675 3040 hauc
701 2971 839 3038 tabulam
869 2971 922 3038 hic
953 2972 1019 3039 ittic
1043 2974 1296 3041 emendatiorem

54 3080 241 3157 'niden
262 3078 422 3160 conabor,
448 3088 517 3148 tum
550 3077 590 3145 do
613 3078 777 3145 nonnuliis
800 3077 879 3143 locis
901 3077 1100 3165 reliquarum
1127 3078 1294 3165 Euripidis

75 3188 289 3263 mrum
311 3204 415 3275 pruca
434 3182 622 3252 edisseram.

135 3294 183 3363 ln
205 3290 407 3377 ngoodicc
431 3290 525 3356 initio
547 3288 672 3355 offendo
696 3309 741 3354 vs.
764 3292 817 3356 ao.

288 3390 321 3469 te
342 3392 440 3461 δόλιον
462 3394 549 3468 εὐνὴν
573 3388 717 3472 ἐξέπραξ’
741 3394 795 3456 ὑπ’
819 3396 912 3457 ἀετοῦ

287 3498 414 3577 δίωγμα
437 3496 587 3581 Φεύγων,
610 3496 636 3562 εἷ
661 3499 768 3578 σαφὴς
791 3492 877 3568 οὗτος
901 3494 1007 3574 λόγος.

83 3612 130 3679 in
155 3600 307 3675 monto
328 3620 427 3669 uersu
449 3608 482 3667 et
504 3601 721 3668 necessarium
746 3599 937 3668 vocabulum
959 3600 1106 3667 desidero
1129 3611 1161 3668 et
1183 3612 1296 3670 contra

86 3710 314 3783 voucmmtcr
335 3704 483 3792 displicet
507 3706 621 3786 alind,
645 3705 730 3792 quod
760 3704 874 3771 inutile
905 3714 953 3772 est
975 3715 1007 3773 et
1028 3726 1159 3793 prorsus
1184 3728 1295 3795 super·

87 3832 258 3887 mnam.
304 3810 490 3899 Numquid
522 3810 583 3875 sibi
618 3811 684 3876 ruit
707 3808 818 3884 odrae?
852 3809 936 3895 quod
968 3812 1014 3878 ita
1047 3812 1177 3878 demum
1208 3823 1295 3880 recte

89 3920 256 3995 additum
280 3920 362 3997 erit,
386 3916 414 3984 si
445 3934 509 4002 qua
528 3914 590 3982 atta
622 3914 707 3982 fama
728 3923 917 4002 opponetur.
964 3917 1022 3983 Est
1051 3916 1136 4002 apud
1166 3918 1293 3984 Livium

91 4028 221 4103 bens.
243 4022 332 4091 unde
360 4021 394 4089 id
425 4020 547 4108 optime
573 4040 727 4109 apparere
760 4029 883 4108 potest,
912 4020 967 4087 scd
992 4041 1078 4087 nuuc
1103 4023 1220 4088 misere
1241 4021 1294 4089 de·

93 4138 264 4227 paratus
284 4136 319 4197 et
344 4146 444 4195 sensu
471 4145 614 4202 vacuus,
638 4127 692 4192 cui
715 4124 818 4193 obiter
846 4146 938 4212 opem
964 4125 1115 4193 feremus.
1163 4128 1295 4212 Legitur

92 4236 206 4311 HV.
230 4238 286 4303 to.
332 4232 419 4301 Haec
436 4252 510 4299 cero
532 4235 621 4320 foma
643 4243 697 4298 oct.
750 4231 907 4297 Gracchos
928 4232 963 4296 ic
987 4231 1123 4298 Lucceio
1150 4232 1192 4297 od
1212 4253 1294 4297 ccm-

90 4358 184 4437 W?
217 4340 275 4431 qui
304 4338 429 4407 Veteres
449 4348 618 4417 occantur,
645 4338 750 4427 periit.
798 4337 877 4403 Sum
897 4337 952 4425 qut
979 4338 1012 4403 io
1036 4358 1112 4419 opt-o
1137 4337 1295 4403 Beneuen·

1052 4452 1076 4488 to
