2940 5010
690 260 752 323 1315

154 434 241 503 lrnrul
262 432 396 501 aberant
415 430 614 519 Antiphanes
634 439 665 497 et
686 427 834 517 aequales
857 429 897 495 ab
918 429 981 498 illis
999 430 1164 514 sordibus,
1188 434 1305 523 quibus

151 540 270 607 burruli
302 540 463 605 maiorum
504 537 648 624 linguam
688 536 950 602 contaminarunt
990 558 1089 623 quum
1130 552 1303 629 coeperunt

134 646 271 729 ἰἰριὶσιιι
291 644 400 712 dicere
422 664 480 731 pro
498 646 595 728 ιὶκροᾷ
621 642 748 732 (Moeris
771 642 869 707 Attio.
893 662 925 727 p.
953 647 1006 731 16)
1032 654 1063 710 et
1092 649 1218 727 leporino
1246 669 1303 735 pru

146 752 229 835 θοροῦ,
259 750 386 837 decepti
414 748 543 825 formis,
566 748 677 835 quales
702 755 778 813 sunt
808 747 953 822 δύιοσοιι,
986 749 1154 830 latenrer,
1185 752 1303 823 θςοσοι.

122 854 207 941 llere
228 852 432 945 Phrynichus
460 855 494 919 in
517 854 613 921 Bolia.
635 852 756 920 bneed.
781 873 811 940 p.
840 856 897 931 18,
922 857 954 919 9.
986 855 1143 943 deeora
1175 860 1304 927 τθοθεε

141 962 203 1029 θθθ
221 962 354 1043 dauleio
375 958 532 1041 προσθέσει
554 968 611 1035 τῆς
640 983 693 1025 σιοι
717 961 952 1025 θιοιιιτῖοσοοι
976 960 1131 1040 λέγουσιν.
1178 962 1305 1030 ludaeis

140 1064 345 1135 ilrnndriuis
367 1064 446 1132 baeo
475 1063 685 1150 relinquenda
708 1073 784 1130 sunt
808 1074 840 1130 et
863 1065 890 1130 si
916 1066 970 1152 qui
994 1066 1049 1131 alii
1074 1068 1107 1131 in
1131 1070 1305 1154 provinciis

137 1178 181 1241 1
198 1190 269 1241 raro
290 1171 359 1239 nati
382 1170 536 1238 Grannum
558 1169 702 1255 linguam
728 1171 835 1257 inepte
858 1169 1016 1257 loquendo
1042 1174 1301 1260 corrumpebant.

137 1274 333 1367 tntptmam
359 1277 407 1343 sio
431 1274 550 1342 dixisse
581 1277 655 1362 quis
678 1276 786 1343 credet
814 1277 1066 1353 Antiattioistae,
1096 1278 1153 1363 qui
1185 1280 1305 1346 nultius

137 1380 230 1451 trinu
252 1382 350 1451 bomo
371 1392 421 1451 est
443 1392 476 1450 et
501 1380 762 1449 membranarum
797 1383 1012 1469 mancipium,
1036 1384 1088 1448 eui
1110 1384 1246 1471 quodvis
1269 1385 1304 1451 li·

138 1486 250 1557 m
284 1488 438 1557 mendum
474 1488 626 1576 imponit,
652 1495 686 1552 ut
719 1486 750 1551 in
780 1488 945 1574 superiore
975 1496 1066 1574 parte
1094 1489 1303 1557 ostendimus,

137 1592 320 1683 mquam
343 1612 432 1661 nuno
452 1593 582 1681 quidem
607 1612 669 1658 non
690 1601 851 1658 errantem
877 1590 1045 1658 librarium
1068 1601 1188 1662 temere
1214 1616 1302 1663 seeu-

137 1708 178 1767 trr
195 1698 342 1779 vidntur,
372 1698 429 1767 sed
460 1700 528 1787 ipso
557 1696 642 1764 ultro
670 1698 785 1765 inseite
813 1696 1051 1763 barbarismum
1082 1701 1239 1770 invexisse
1265 1724 1303 1769 ex

137 1804 288 1873 minima
307 1805 470 1892 scriptura
487 1813 707 1880 ΗΚΡΟλΣο,
733 1801 818 1868 unde
837 1803 899 1869 iste
919 1803 1036 1869 elicuit
1050 1808 1193 1887 ἠκροᾶτο,
1217 1810 1301 1895 qund

137 1908 210 1979 rute
229 1909 270 1979 ad
292 1910 462 1979 Atticistas
483 1907 673 1977 releuandos
696 1908 845 1996 arripuit,
867 1928 929 1975 non
949 1908 1095 1976 lauturus
1117 1913 1144 1977 si
1169 1911 1300 1980 vidisset

138 2016 244 2099 lirim
263 2034 335 2085 esso
354 2013 541 2103 legandum,
565 2033 648 2102 quae
669 2013 772 2080 lorma
795 2024 860 2080 tam
885 2014 982 2101 proba
1005 2024 1171 2104 astatque
1194 2020 1265 2100 ἢκρθ
1288 2054 1300 2070 ·

135 2140 188 2199 σοι,
205 2120 292 2189 laras
313 2118 518 2207 similesque,
540 2131 577 2187 ut
603 2121 635 2185 in
661 2120 745 2185 notis
769 2121 921 2185 senariis:

337 2227 364 2292 al
387 2228 432 2305 ροίι
454 2227 600 2292 τεθὲοισοιι
624 2225 684 2299 τὰς
708 2225 858 2303 Ἀθήνας,
880 2226 1012 2308 στέλεχος
1037 2223 1082 2304 al,

339 2332 366 2399 σθ
388 2332 421 2399 δὲ
443 2332 590 2397 τεθθοισοοι
612 2334 657 2409 μὴ
680 2332 858 2411 σεθοὶρευσοιι
882 2332 919 2408 θ’,
943 2331 1017 2405 θνος.

167 2434 350 2525 lntipbanis
370 2437 435 2504 duo
461 2435 612 2504 verniculi
634 2436 719 2523 apud
735 2436 906 2503 Stobaeum
930 2436 1038 2502 l'loril.
1063 2437 1144 2505 ttlt.
1167 2443 1198 2506 b.
1221 2439 1296 2506 olim

137 2538 264 2627 nunu
287 2560 376 2609 nuno
400 2542 498 2609 unius
526 2542 672 2609 vocabuli
696 2540 878 2628 corruptela
902 2541 982 2607 nibil
1016 2562 1147 2628 prorsus
1178 2546 1298 2632 signiti-

136 2650 200 2713 rmt.
241 2644 312 2715 Nisi
334 2648 408 2733 quis
427 2646 509 2713 lorte
532 2646 594 2714 sibi
619 2647 745 2714 videtur
768 2647 845 2714 haee
869 2646 1062 2733 intelligere:

291 2752 341 2827 σθς
363 2752 391 2819 θ’
413 2752 486 2836 οὐχὶ
509 2753 642 2819 lavaero
666 2753 864 2836 μισθοφόρος,
890 2751 911 2819 ὦ
935 2753 1097 2836 φιλτάτη,

289 2854 323 2933 te
345 2856 436 2925 ἕνεκα
458 2862 512 2925 τοῦ
536 2859 590 2941 ζῆν
613 2858 717 2941 ἔρχετ’
739 2860 999 2938 οὶοιοθοιιοθμειοςς

137 2954 251 3031 lttbuuu
275 2964 494 3031 necessarium
522 2963 656 3052 proclivi
685 2983 793 3030 errore
818 2964 978 3031 scribendi
1002 2964 1034 3028 in
1060 2984 1176 3033 nornen
1202 2966 1297 3047 abiit,

136 3066 200 3153 pot
218 3070 411 3137 sententiam
436 3086 569 3157 prorsus
590 3068 740 3155 perdidit.
778 3068 897 3155 Nempe
920 3068 1136 3136 revocandum
1158 3080 1207 3139 est
1229 3093 1297 3140 ver·

134 3166 207 3253 lun,
226 3174 313 3263 quod
340 3182 373 3241 at
400 3174 486 3263 apud
509 3173 589 3241 alios
612 3172 725 3239 erebro
750 3173 869 3259 legitur
889 3182 922 3240 et
950 3175 982 3239 in
1010 3176 1114 3241 iocoso
1138 3176 1206 3243 loeo
1228 3177 1297 3244 Pla·

134 3278 199 3347 lfllr
215 3280 248 3347 in
267 3278 437 3347 Phaedone
455 3300 488 3367 p.
508 3284 563 3347 64.
584 3280 618 3345 B.
639 3282 680 3361 τῷ
698 3279 759 3346 darn
779 3281 805 3345 oi
824 3282 1068 3364 φιλοσοφοῦντες
1090 3283 1296 3350 θοοοοοτῶσι

132 3382 273 3473 ισθοφιὶς
297 3410 338 3466 γε
359 3387 393 3453 ori
416 3388 582 3464 λολιὶθοισιο
605 3382 651 3452 ὅτι
675 3382 756 3463 θξιοθ
783 3388 840 3452 εἰσι
871 3392 960 3452 τοῦτο
984 3385 1132 3468 πάσχειν.
1181 3386 1296 3455 Omnia

132 3486 228 3575 qiua
251 3488 433 3570 habebunt,
457 3490 511 3557 ubi
535 3491 771 3558 emendaveris:

139 3620 142 3625 ·
288 3598 336 3671 τθς
360 3596 388 3664 δ’
411 3598 483 3681 οὐχὶ
508 3599 629 3681 θιιοοισᾷ
652 3598 852 3679 μισθοφόρος,
875 3592 897 3662 ὦ
920 3598 1078 3680 φιλτοθτοι.

160 3698 294 3771 bolemni
316 3701 488 3769 admodum
515 3713 547 3769 et
565 3700 723 3787 lrequonti
747 3700 932 3768 contusione
952 3705 1036 3769 inter
1057 3722 1090 3768 se
1109 3712 1294 3788 pernmtan·

129 3808 169 3871 llr
185 3806 217 3873 in
236 3806 330 3875 libris
349 3810 474 3891 ὦφελιὶς
498 3818 529 3874 et
553 3810 722 3891 ιὶσφοιλθς,
752 3810 881 3888 οἱφελῶς
905 3816 935 3874 et
957 3812 1131 3891 ἀσφαλῶς,
1155 3812 1293 3893 ἀφέλεια

126 3912 392 3997 annaneane,
412 3922 449 3979 ut
468 3912 522 3979 ubi
535 3914 674 3997 ιὶφὲλειοι
695 3914 873 3999 requiritur
895 3915 1012 3999 passim
1035 3912 1201 3997 οὶσφοθλειοι
1223 3934 1292 3999 per·

125 4012 214 4107 'lepte
231 4016 372 4105 legatur.
407 4018 566 4087 Videntur
593 4022 736 4101 ἀφελής,
761 4022 889 4101 ἀφελῶς
914 4027 945 4083 et
967 4020 1105 4102 οὶφέλειο
1127 4018 1159 4083 in
1183 4019 1293 4087 desue-

123 4120 251 4193 lflinem
272 4124 408 4201 abiisse,
435 4126 520 4192 unde
541 4124 662 4192 laetum
685 4133 720 4190 ut
742 4125 864 4191 scribae
886 4132 996 4190 notum
1022 4123 1082 4189 sibi
1104 4122 1293 4192 uocabulum

122 4224 215 4317 ’ῃοιο
236 4230 475 4300 substituerent
497 4232 676 4298 sententiae
699 4239 731 4297 et
754 4232 850 4297 metri
873 4231 992 4299 securi.
1041 4229 1078 4295 ln
1102 4230 1294 4318 Antiphanis

122 4330 288 4427 manento
318 4337 404 4425 apud
433 4336 547 4406 atheo.
578 4358 607 4425 p.
635 4342 709 4405 494.
734 4338 768 4406 b.
795 4336 874 4404 liber
898 4337 1039 4404 Venetus
1059 4344 1091 4404 et
1114 4336 1295 4426 apographa
