2940 5010
684 294 749 355 842

144 465 229 543 μετα
253 464 344 541 ξύλον
368 473 400 531 et
422 466 495 531 sim.
520 468 573 530 66.

144 572 406 647 μεταδονλοῦσθαι
432 570 514 637 male
538 590 594 657 pro
617 572 882 640 καταδουλοῦσθαι
907 583 939 641 et
962 574 1034 641 sim.
1061 580 1140 643 745.

145 674 374 756 μεταμανθθνω
394 714 438 725 -
459 676 688 755 καταμανθάνοι
714 682 791 744 575.

146 781 297 861 μετέθηκε
320 818 367 832 -
385 783 499 862 μεθῆκε
524 787 578 848 87.

147 886 280 971 μετέχει
303 927 346 940 -
366 887 501 971 ὑπάρχει
527 893 603 955 554.

149 995 299 1076 μετέχειν
322 1000 470 1072 πλεῖςον,
494 1003 621 1063 πλεῖςον
643 994 754 1076 μέρος,
778 996 972 1078 σωφροσύνης
996 1006 1029 1063 el
1052 996 1130 1065 sim.
1161 1004 1241 1069 109.

151 1100 301 1181 μετέχειν
325 1098 497 1182 ε’λοθχιςον,
522 1119 586 1164 non
609 1100 750 1182 ἐλθχιςα
774 1104 851 1165 554.

152 1206 339 1287 μέτριος-
362 1207 476 1289 μετρθα
503 1210 576 1272 197.
773 1208 777 1213 ’

151 1311 282 1394 μετρίοις
306 1321 338 1378 et
358 1309 444 1391 ἄγαν
468 1330 576 1398 oppos.
602 1314 680 1377 615.

153 1417 295 1495 μέτωπον
319 1456 363 1469 -
383 1418 541 1498 πρόσωπον
565 1421 641 1485 615.

152 1525 197 1601 μη
222 1522 342 1588 excidit
366 1527 442 1589 661.

154 1630 199 1706 μιὶ
222 1667 269 1678 -
291 1629 368 1707 μηδέ
392 1632 469 1693 617.

155 1735 200 1812 μη
223 1737 256 1800 οὑ
275 1773 320 1782 —-
341 1736 386 1813 μη
411 1737 489 1799 567.

154 1840 200 1917 μη
223 1840 374 1918 μηδαμῶς
397 1876 441 1888 -
462 1840 613 1917 μηδαμῶς
639 1841 714 1904 509.

155 1944 301 2024 μηδαμοῦ
325 1940 425 2022 εἶναι,
448 1945 591 2023 γενέσθαι
616 1947 693 2010 686.

154 2052 198 2128 μη
222 2052 293 2136 πρθη
315 2088 361 2101 -·
383 2052 428 2129 μθ
451 2050 527 2132 πρθον
555 2053 628 2115 156.

155 2157 301 2238 μῖνννμι.
324 2154 439 2238 μῖξαι,
463 2158 644 2237 μεμῖχθαι,
668 2175 731 2220 nou
755 2154 868 2235 μῖξαι,
891 2159 1049 2239 μεμῖχθαι
1074 2162 1152 2226 476.

155 2264 262 2342 μισθόν
285 2261 513 2349 interpolatum
539 2266 615 2327 425.

154 2371 259 2448 μισθὸν
283 2368 407 2452 φέρειν,
434 2387 496 2433 non
522 2368 667 2451 φέρεσθαι
694 2371 768 2433 568.

153 2476 278 2554 μισθούς
303 2473 531 2561 interpolatum
556 2477 632 2538 571.

154 2579 326 2661 μισθοφοροθ
345 2616 392 2629 -
413 2578 595 2661 μισθοφορία
620 2582 695 2644 741.

155 2710 207 2764 μοι
231 2685 352 2751 ἔσεσθαι
377 2721 421 2734 --
445 2686 625 2761 ποιήσεσθαι
647 2688 722 2751 505.

156 2794 256 2873 Μοιρώ
278 2828 324 2840 -
342 2791 435 2871 Μνρώ
460 2795 537 2856 617.

157 2908 264 2978 μολεῖν
288 2895 374 2984 apud
398 2895 640 2983 Xenophontem
666 2915 724 2983 pro
746 2894 843 2962 ἐλθεῖν
869 2901 944 2964 590.

156 3004 248 3083 μθλις
272 3042 317 3053 -
341 3027 405 3076 πως
430 3006 506 3067 651.

156 3110 247 3190 μθιος
271 3107 500 3195 interpolatum
524 3111 600 3173 366.

156 3218 237 3298 μθρα
257 3254 302 3265 -
322 3221 415 3296 μοῖρα
439 3217 515 3279 564.

157 3321 277 3400 μθσνν,
304 3340 366 3384 non
390 3318 518 3399 μθσννος
543 3320 619 3383 511.

158 3424 417 3507 μοναηροβοθκτας
436 3446 483 3487 =
500 3422 779 3504 καρυοκατθκπης,
802 3424 1093 3511 ποιείῘοοιιρὶὺιιθιινη
1117 3429 1197 3495 265.

161 3530 268 3612 μνζεῖν
287 3567 333 3579 -
351 3527 458 3611 μύζειν
483 3533 559 3595 459.

732 3675 776 3734 Ν.

159 3856 191 3913 Ν
217 3844 300 3912 male
324 3845 483 3911 insertum
509 3846 693 3913 nominibus
717 3847 856 3935 propriis
881 3848 971 3914 utin
994 3848 1127 3924 ’λνσέας
1152 3870 1214 3938 pro
1240 3858 1351 3932 Ἀτέας

205 3949 333 4033 Κροθνθις
357 3972 414 4039 pro
438 3953 548 4034 Κροῖθις
572 3959 604 4018 et
628 3953 700 4018 sim.
727 3957 803 4020 551.
976 3946 979 3951 ’

162 4084 177 4123 ν
200 4056 322 4124 excidit
344 4057 377 4122 in
402 4064 618 4135 πολεμοποιεῖν
642 4077 700 4144 pro
724 4058 859 4138 πόλεμον
883 4067 978 4128 ποιεῖν
1001 4070 1033 4129 et
1057 4060 1132 4131 sim.
1159 4067 1241 4131 589.

161 4190 176 4228 ν
200 4161 320 4229 excidit
343 4170 474 4249 propter
498 4161 754 4249 compendiolum
780 4169 855 4233 650.

160 4277 191 4332 Ν
215 4279 247 4334 οι
269 4277 324 4334 Λ1
340 4267 472 4335 confusa
497 4271 572 4333 181.

158 4382 189 4439 Ν
207 4410 251 4423 --
270 4382 326 4439 ΤΙ.
354 4377 406 4438 56.
