2940 5010
715 280 776 343 hut

147 470 299 541 namque
317 454 367 527 uic
394 448 491 529 ἔγνον
516 448 591 539 (uon
618 449 710 540 ἔγνω)
746 458 899 518 avetere
930 448 1157 537 interpolatore
1186 451 1343 537 scriptum

157 578 242 629 usse.
285 556 344 625 Est
366 563 475 623 autem
495 555 573 635 ἔγνυ
598 558 801 645 suppositum
825 554 936 622 eodem
963 575 1090 630 errore,
1120 574 1216 642 quem
1247 576 1345 643 supra

165 666 198 733 iu
230 660 403 749 Euripide,
434 659 648 750 Thucydide,
683 661 841 728 Herodoto
879 661 1087 746 aperuimus,
1117 669 1153 726 ut
1176 661 1237 727 hoc
1268 681 1344 748 quo·

173 786 230 857 que
253 764 371 834 indicio
394 766 557 853 scriptura
589 766 644 851 ῄδν
669 773 701 832 et
727 767 864 844 ἐλῄιινδα
895 764 981 853 apud
1009 763 1198 851 Sophoclem
1231 766 1344 833 contir-

177 880 279 941 mur.

216 974 291 1043 datis
313 992 403 1041 uunc
422 974 661 1043 demonstrasse
681 973 792 1041 videor
814 975 930 1041 Atticis
951 972 1068 1059 ubique
1091 991 1161 1039 esse
1183 973 1346 1040 reddenda

186 1080 244 1165 ltu,
272 1080 388 1165 ῄδνσοα
420 1087 454 1147 et
482 1080 612 1169 ῄδει(ν),
644 1098 727 1167 quae
758 1079 877 1167 ubique
909 1077 1075 1146 commode
1098 1078 1228 1144 restitui
1254 1098 1347 1165 posse

189 1182 267 1271 pulum
290 1191 351 1251 est.
398 1184 440 1251 Et
468 1186 502 1251 iu
536 1184 683 1269 Tragicis
713 1182 844 1269 quidem
871 1182 1023 1270 pleraque
1050 1181 1173 1250 dudum
1206 1183 1346 1270 reposita

191 1293 262 1367 tunt,
288 1288 353 1355 uisi
381 1288 466 1375 quod
494 1290 529 1354 in
553 1287 731 1355 Troadibus
759 1292 836 1355 650.
861 1286 958 1354 scribi
982 1286 1091 1353 video:
1127 1287 1206 1370 ῄδειν
1229 1288 1256 1353 δ’
1280 1288 1344 1367 ἁμὲ

117 1400 124 1411 ”
191 1392 234 1473 nl
255 1394 338 1461 νιιιῖνν
364 1392 455 1460 πόσιν
474 1412 533 1481 pro
556 1394 623 1477 ῄδη.
669 1393 785 1479 hlagna
809 1412 900 1478 seges
929 1392 1041 1459 relicta
1064 1393 1168 1459 estin
1195 1391 1346 1469 Platone,

193 1492 389 1583 dmopbonte,
423 1495 638 1564 Demosthene
665 1499 866 1583 eaeterisque
904 1495 1101 1564 Oratoribus.
1158 1495 1345 1563 Scribarum

194 1600 255 1667 ntia
271 1608 360 1669 certo
378 1620 488 1670 errore
511 1610 679 1688 grassatur
705 1602 738 1668 in
764 1600 876 1667 lormis
898 1601 1041 1686 antiquis
1060 1601 1093 1665 in
1117 1626 1173 1667 ·ειν
1202 1601 1345 1667 execrati·

125 1708 140 1733 “
193 1698 252 1783 tu.
271 1714 306 1773 ut
334 1708 400 1773 iam
430 1703 515 1793 apud
536 1706 713 1772 Homerum
737 1704 971 1772 indicavimus:
1003 1703 1083 1770 nihil
1110 1710 1160 1771 est
1190 1704 1275 1791 quod
1300 1707 1345 1771 in·

194 1804 329 1881 hetorum
359 1811 577 1879 temeritatem
602 1817 768 1877 coerceat:
801 1810 833 1874 in
861 1807 1027 1894 Euripidis
1056 1808 1347 1877 lone'1187.libri

194 1908 328 1983 ullhcut:

341 2019 458 2094 κούδεὶς
480 2020 551 2087 ταδ’
574 2020 649 2105 ῄδει.
672 2020 704 2085 ἐν
726 2027 829 2101 χεροῖν
852 2017 955 2101 ἔχοντι
979 2018 1021 2083 δέ.

194 2122 409 2193 eudemum
435 2124 476 2191 ad
500 2123 632 2192 hloerid.
664 2144 695 2211 p.
718 2128 790 2189 174.
821 2124 946 2209 primus
973 2141 1069 2188 suum
1091 2121 1230 2189 reddidit
1254 2125 1345 2207 ῄδειν.

114 2242 120 2273 ··
194 2220 254 2307 tud
278 2229 311 2295 in
343 2229 475 2297 Platone
508 2228 682 2315 deliquisse
712 2233 827 2314 putes,
863 2227 920 2313 qui
955 2228 988 2291 in
1022 2228 1147 2293 senario
1172 2227 1348 2294 immanem

193 2324 256 2401 hue
272 2332 396 2402 hiatum
418 2332 503 2401 ierre
527 2331 576 2401 vel
595 2332 702 2420 potius
729 2333 878 2399 invehere
901 2331 1096 2418 potuerunt?
1144 2332 1348 2418 deponamus

193 2430 268 2521 igtur
289 2438 323 2505 iu
343 2436 488 2506 Platonis
509 2436 627 2527 Lyside
652 2457 684 2524 p.
705 2441 781 2504 206.
807 2436 842 2504 Ε.
872 2439 1003 2514 εἷςῄκειν
1028 2439 1059 2501 ἐν
1083 2440 1294 2524 profiscisci,
1315 2448 1348 2505 et

193 2534 389 2631 'ldpmposiu
407 2548 483 2610 tub.
508 2544 544 2608 A.
568 2540 638 2624 ἄρτι
661 2544 773 2625 εἰσῄειν
797 2541 887 2608 ἄλλοί
911 2562 969 2628 pro
997 2543 1109 2623 εἰσῄει,
1137 2548 1169 2608 et
1193 2542 1226 2608 in
1251 2541 1348 2609 Phae·

192 2636 233 2711 Ala
247 2648 321 2719 228.
342 2648 379 2715 B.
403 2649 447 2722 ale
471 2647 641 2731 περίπατον
665 2649 728 2731 ῄειν
749 2651 788 2722 ὣς
808 2646 865 2728 μέν
888 2650 954 2713 ιισὲ.
979 2665 1036 2733 pro
1060 2648 1122 2730 ῄει,
1145 2652 1178 2713 et
1199 2647 1349 2715 similiter

146 2792 149 2797 -
191 2742 344 2820 th'isloois.
392 2751 635 2839 Xenophontem
657 2771 785 2839 quoque
816 2749 929 2819 iisdem
952 2750 1065 2817 formis
1086 2769 1182 2816 usum
1205 2771 1274 2819 esse
1302 2753 1348 2818 in·

189 2846 262 2921 liciis
279 2855 472 2945 quibusdam
501 2856 607 2944 colligi
637 2864 762 2944 potest,
795 2875 992 2943 quamquam
1020 2854 1238 2942 Xenophontis
1265 2856 1349 2922 codi-

186 2954 260 3027 cibus
278 2979 384 3048 neque
395 2962 526 3049 optimis
546 2963 672 3029 utimur
684 2981 789 3049 neque
811 2961 1021 3047 pervetustis:
1046 2959 1118 3026 vide
1142 2960 1285 3026 Basilum
1309 2960 1350 3026 ad

181 3058 297 3151 θηοῐ.
317 3064 462 3133 tlorinth.
486 3085 518 3152 p.
544 3070 617 3133 123.
665 3066 710 3133 lie
735 3066 875 3132 lsocrate
894 3064 1066 3132 subdubito
1090 3073 1221 3152 propter
1243 3064 1350 3131 locum

178 3166 459 3238 lul’uuathenaioo
487 3174 602 3258 5127.
628 3168 684 3236 ubi
712 3172 745 3238 in
769 3170 919 3239 omuibus
943 3168 1034 3235 libris
1064 3176 1133 3234 est:
1168 3172 1212 3243 εἰς
1242 3174 1348 3236 τοῦτον

172 3272 330 3343 bollum
348 3276 403 3343 πδν
425 3276 526 3357 καιρδν
548 3277 615 3343 οὐδὲ
633 3277 764 3357 προιδεῖν
788 3274 950 3355 ἐσόμενον,
974 3273 1006 3339 ln
1031 3271 1184 3339 Urbiuate
1204 3275 1348 3361 egregie:

166 3378 221 3447 ctu
236 3381 360 3460 καιρὸν,
384 3374 417 3445 δν
437 3382 504 3448 οὐδὲ
529 3381 665 3464 προῄδειν
697 3380 848 3459 ἐσόμενον.
897 3380 1034 3465 Apparet
1065 3377 1176 3461 προῄδη
1208 3380 1350 3459 ἐσόμενον

162 3482 206 3553 lb
228 3482 371 3551 hmine
393 3484 492 3551 scribi
517 3504 580 3551 non
602 3486 744 3572 potuisse
773 3486 824 3552 διὰ
854 3486 908 3560 elo
931 3484 1114 3565 σύγκρουσιν
1136 3490 1194 3549 πῶν
1217 3488 1350 3567 Φωνηέν-

160 3614 234 3659 ποιν.
281 3588 321 3657 lu
344 3588 511 3657 Aeschinis
541 3589 734 3657 'limarcbea
757 3594 846 3678 564.
872 3591 905 3655 in
929 3587 1002 3655 aliis
1023 3596 1072 3654 est
1098 3591 1208 3672 παρῄει
1240 3591 1291 3656 ἐπὶ
1314 3593 1350 3658 οδ

152 3696 275 3779 βῆμα,
296 3692 332 3759 iu
362 3692 435 3760 aliis
463 3704 585 3776 παρῆν,
616 3714 700 3781 quae
730 3695 909 3762 coalescent
934 3694 1055 3780 optime
1085 3693 1118 3758 in
1148 3697 1275 3781 παρῄειν
1297 3696 1349 3762 ἐπὶ

151 3802 194 3871 re
215 3798 328 3881 βῆμα.
374 3794 486 3866 Obiter
508 3801 588 3884 ῄδειν
612 3801 716 3867 exime
740 3798 912 3865 Plutarcho
936 3799 968 3863 iu
999 3797 1145 3884 Agesilao
1174 3818 1243 3886 cap.
1266 3800 1349 3868 Vlll.

149 3904 213 3977 uhi
251 3900 421 3991 Lysandro
455 3903 595 3972 dicenti:
631 3906 710 3989 ῄδεις
742 3904 802 3987 ἄρα
837 3910 970 3987 σαφῶς,
1005 3903 1203 3982 Ἀγησίλαε,
1238 3906 1348 3986 Φίλυος

146 4014 335 4086 ἐλαττοῦν,
369 4008 571 4093 respondisse
606 4017 758 4076 narratur
791 4008 973 4096 Agesilaus:
1008 4008 1133 4091 ῄδειν,
1167 4007 1246 4091 ἔφη,
1279 4010 1349 4082 τοὺς

142 4120 233 4203 ὄμοῢ
271 4112 377 4197 μεῖζον
411 4114 558 4181 δύνασθαι
597 4116 824 4197 βουλομένους,
861 4113 915 4180 ubi
953 4110 1179 4197 corrigendum
1209 4120 1275 4178 cst:
1305 4151 1350 4165 —

140 4224 326 4295 dumba.
371 4220 423 4296 Nil
446 4220 514 4299 Δί’,
538 4221 619 4306 ἔφη,
642 4222 712 4294 σούς
741 4226 775 4298 γ’
800 4222 874 4298 ἐμοῦ
902 4217 1007 4299 μεῖζον
1030 4216 1176 4282 δύνασθαι
1199 4219 1349 4299 βουλομέ-

140 4352 234 4403 νους.
288 4324 336 4393 lle
364 4326 500 4393 caeteris
531 4345 618 4393 nunc
649 4326 756 4392 dicere
788 4324 868 4392 nihil
893 4324 1008 4391 attinet
1034 4329 1066 4388 et
1096 4320 1191 4389 linem
1217 4323 1280 4391 iam
1305 4323 1348 4390 la·
