2940 5010
694 252 758 314 568

138 429 165 495 δ’
188 427 295 495 είκθτα
324 427 543 507 ποιοῦμενκαὶ
568 422 638 491 τίδ’
667 426 842 504 ε’ννοιίσατε.
891 423 1107 511 Saepissime.
1141 430 1181 493 ul
1209 433 1327 492 nulum

138 542 209 611 est,
232 530 382 600 Oratores
401 533 446 599 ila
468 531 657 620 loquuntur.
703 528 783 597 lbii.
804 529 859 598 Vl.
883 552 916 597 ιι.
942 534 996 597 ut.
1027 533 1055 598 oi
1075 531 1102 597 δ’
1120 529 1223 597 οθκίτι
1247 532 1328 599 ἐπιν-

137 640 312 723 νέςρεψαν,
337 639 464 725 corrigo
485 638 680 720 οῖνθςρεψαν,
704 644 741 703 ul
772 655 870 721 supra
892 636 1063 720 οῖνίςρεφθν
1084 662 1123 703 τε
1143 636 1199 705 καί
1224 636 1327 718 ἔβαλ·

138 761 201 811 λιν.
250 744 290 811 Ut
319 764 413 831 saepe
444 742 519 809 alibi
551 747 598 809 sio
629 741 689 809 lmo
717 740 786 808 loco
809 751 883 809 ET1
915 741 1039 829 peperit
1069 740 1327 830 ‹litingmplniam

137 861 206 918 Eli.
258 849 424 916 Articulus
456 848 553 936 periit
574 846 643 914 Vll.
674 868 720 914 ιιι.
745 853 776 914 6.
811 856 874 922 πῶς
904 848 1019 915 δίκαιον
1054 848 1139 927 aaut
1173 848 1252 931 παρ’
1285 847 1328 917 νίν

139 956 278 1037 ίλοίβετε
310 955 480 1037 σπέρματα
514 956 566 1021 τὸν
597 954 713 1021 τοιίτιιν
742 957 818 1022 ποτὲ
847 953 965 1036 καρτδυ
995 953 1095 1020 ἐλθεῖν
1125 954 1325 1035 lauicana-aee

140 1062 252 1150 supple
274 1061 413 1142 ἐλθβετε
438 1059 506 1149 (τὰ)
530 1060 712 1141 νιιίραατα.
759 1056 962 1127 Manifestum
984 1057 1138 1125 mendum
1162 1059 1250 1127 inest
1272 1060 1329 1129 Vl.

139 1189 181 1234 ιιι.
206 1172 237 1234 li.
271 1167 303 1231 in
328 1166 453 1233 verbis:
486 1166 571 1246 είπερ
594 1161 643 1232 οὖν
667 1166 685 1241 ἢ
708 1170 825 1232 σαυτοῖι
851 1166 934 1242 κήδει
959 1165 975 1242 οῖ
999 1174 1056 1241 ric
1087 1167 1236 1249 πατρίδος
1260 1168 1331 1236 ἐπι-

139 1276 266 1353 θυμεῖς.
290 1279 327 1337 ut
347 1292 441 1357 saepe
461 1270 536 1337 alibi
560 1280 588 1336 Η
613 1278 725 1337 ιιεῑιιιιι
744 1278 793 1338 est
815 1291 855 1337 ex
875 1280 921 1336 T1
944 1268 1217 1357 seribendumque
1240 1272 1334 1357 είτιρ

140 1376 190 1446 οὖν
213 1404 243 1444 τι
267 1384 382 1444 σαυτοῦ
406 1377 507 1454 κήδει,
531 1374 614 1462 qrrod
643 1378 677 1441 in
702 1375 761 1443 lroe
781 1374 879 1442 verbo
902 1375 1043 1442 solemne
1066 1384 1137 1454 est,
1159 1376 1189 1441 ai
1209 1398 1275 1465 quo
1298 1390 1333 1447 le

141 1506 217 1551 euru
252 1484 372 1571 ισιιρίι,
407 1480 678 1569 quemadmodum
712 1500 807 1569 saepe
836 1478 986 1548 dicebant
1016 1482 1047 1549 εί
1073 1506 1105 1549 τι
1134 1487 1244 1567 φιλεῖς
1273 1510 1333 1566 με.

143 1588 313 1677 Soplnooles
343 1585 452 1674 oedip.
478 1587 631 1676 Tyranno
653 1591 749 1653 1060.
792 1664 799 1678 1

321 1695 366 1774 μὴ
389 1693 462 1774 πρὸς
485 1696 579 1771 θεοῖν,
602 1691 687 1773 εἴπερ
710 1717 740 1759 τι
764 1698 817 1759 τοῦ
842 1697 956 1759 σαυτοῦ
979 1694 1051 1773 βίον

321 1800 422 1878 κήδει,
446 1799 605 1881 ματεθσρς
628 1798 719 1864 τοῦθ’.
743 1794 816 1871 ίίλιι
839 1801 955 1865 νοσοῦσ’
978 1800 1051 1877 ἐγώ.

141 1904 371 1993 Aristophanes
394 1904 533 1971 tharn.
557 1907 654 1971 1028.

321 2013 397 2076 αλλ’
420 2010 450 2077 εί
470 2035 501 2077 τι
525 2012 608 2088 κήδει
632 2009 784 2092 Δερκέτου
807 2009 982 2086 Φυλασίου,

143 2127 175 2186 et
199 2121 232 2183 in
256 2114 402 2183 Nubibus
427 2119 500 2182 106.

324 2224 400 2288 ἀλλ’
422 2221 452 2287 εί
472 2247 502 2290 τι
526 2222 609 2299 κήδει
633 2228 692 2287 τῶν
714 2218 862 2302 πατρῴων
886 2220 1040 2301 ἀλφίτων.

143 2328 233 2396 Plato
256 2328 289 2393 in
314 2325 430 2411 Gorgia
460 2347 489 2413 p.
514 2330 578 2391 462
603 2326 641 2392 lt.
672 2327 748 2392 ἀλλ’
768 2324 798 2391 εί
819 2348 850 2389 τι
873 2326 956 2401 κήδει
978 2329 1032 2389 τοῦ
1054 2323 1151 2404 λθγον
1171 2332 1229 2394 τοῦ
1251 2329 1335 2410 ripn·

142 2436 250 2516 με’νου,
275 2439 307 2497 ot
332 2431 363 2495 in
389 2430 503 2517 llippia
528 2432 646 2496 Maiore
679 2452 709 2518 p.
729 2435 793 2497 285
818 2430 855 2495 Ε.
889 2430 974 2512 εἴπερ
995 2454 1026 2495 τι
1049 2436 1109 2496 τῶν
1131 2433 1202 2498 υἱοῖν
1227 2436 1333 2511 κνίδαι·

141 2566 207 2608 ται.
254 2535 428 2622 Xenophon
453 2536 574 2623 ipsein
599 2534 773 2626 Cyropaeu.
797 2536 832 2602 V.
857 2556 886 2601 v.
912 2540 965 2601 54.
997 2533 1027 2600 εί
1048 2560 1078 2602 τι
1100 2537 1176 2617 ἐμοῦ
1200 2538 1333 2619 ἒκιίδιυ,

142 2655 175 2713 et
197 2643 284 2711 alibi.

189 2751 224 2816 ln
255 2747 376 2815 Hellen.
398 2746 449 2812 Vl.
475 2765 495 2811 ι.
521 2752 552 2813 5.
585 2747 617 2813 iu
643 2745 749 2813 verbis
773 2746 865 2813 ὅπθτε
889 2747 921 2811 δὲ
949 2746 1137 2829 περιγένοιτο
1155 2756 1214 2824 τῆς
1238 2774 1331 2833 προσ·

142 2856 209 2923 ίδου
238 2853 380 2922 dubitari
407 2872 469 2917 nnn
505 2861 607 2939 potest
639 2852 717 2939 quin
752 2877 783 2918 τι
806 2849 963 2917 exciderit
987 2861 1117 2938 propter
1136 2864 1168 2921 n
1192 2874 1332 2942 sequens

142 2971 174 3029 et
198 2958 412 3048 supplendum
433 2957 476 3023 sit
507 2958 599 3024 θτθτε
625 2958 711 3023 δέτι
736 2957 932 3037 περιγένοιτο.
981 2954 1175 3043 Saepissime
1205 2958 1327 3028 facium

143 3075 193 3133 est
215 3075 251 3133 ut
274 3090 304 3131 τι
325 3063 436 3132 eadem
462 3061 502 3129 de
524 3082 621 3129 causa
651 3062 792 3149 periret,
817 3069 854 3127 ut
877 3061 910 3126 in
943 3060 1116 3128 llelleuiois
1138 3072 1171 3130 et
1198 3064 1277 3131 alibi
1299 3075 1330 3133 et

144 3172 182 3238 V.
207 3192 241 3239 ιι.
268 3175 332 3249 12,
368 3168 422 3236 ubi
455 3168 567 3251 σχεδον
600 3167 716 3240 πάντες
750 3164 870 3251 legiiur
901 3186 958 3252 pro
990 3167 1103 3249 σχεδόν
1139 3193 1170 3235 τι
1197 3170 1329 3245 πάντες.

143 3277 211 3343 Non
236 3286 284 3342 est
305 3275 462 3342 Graecum
484 3272 568 3360 quod
593 3271 676 3359 apud
710 3270 938 3358 llnliplrontorn
961 3270 984 3337 l.
1014 3277 1066 3340 19.
1097 3273 1259 3360 seriptum
1282 3286 1330 3343 eu

141 3382 259 3461 οἰομένη
282 3378 378 3457 δεξιὸν
407 3386 525 3455 ποιεῖν,
548 3379 674 3463 corrige
698 3375 793 3454 δεξιίν
824 3401 855 3442 τι
883 3386 990 3444 ποιεῖν.
1039 3378 1232 3447 {lectissime
1253 3378 1329 3447 dici·

144 3496 199 3552 lut·
222 3486 327 3552 δίκαια
355 3493 472 3559 ποιεῖν,
504 3482 663 3565 ποίσχειν,
698 3483 825 3561 λέγειν,
848 3483 961 3563 μέτρια
983 3482 1111 3563 λέγειν,
1133 3486 1246 3563 doale
1269 3488 1329 3565 ὶγ·

143 3591 288 3670 γίλλειν,
312 3587 367 3654 sed
390 3589 421 3653 in
443 3587 601 3674 singulari
625 3607 760 3652 numero
782 3588 843 3651 uisi
865 3612 895 3653 τι
917 3589 1091 3655 accesserit
1112 3588 1238 3657 soloeea
1259 3610 1329 3659 nra·

143 3698 189 3762 lio
220 3703 269 3761 esi
297 3702 329 3760 ul
353 3694 533 3781 requiritur
562 3692 676 3759 δίκαιόν
703 3718 756 3770 τι,
779 3692 901 3775 με’τριθν
925 3717 978 3768 τι,
1003 3695 1122 3773 ιῖγαθθν
1144 3719 1187 3761 τι.
1236 3695 1329 3785 Apud

142 3798 398 3888 Tlnenplrraslum
425 3799 457 3863 in
485 3795 631 3864 Charaul.
654 3798 709 3865 xl.
735 3818 793 3886 pro
819 3799 872 3865 καῖ
896 3798 1085 3866 σπενδόντων
1118 3799 1271 3880 ἐκβαλεῖν
1294 3806 1329 3869 τί

142 3910 282 3990 ποτήριον
304 3905 357 3972 καὶ
380 3901 520 3983 γελοίσαι
552 3906 591 3977 οῖς
615 3928 656 3969 τε
664 3902 770 3984 ροίςιθ
778 3930 793 3969 ν
826 3930 856 3969 τι
890 3907 1082 3983 πεποιηκώς,
1106 3906 1229 3993 optime
1261 3926 1328 3974 nor·

142 4021 270 4080 reolum
289 4019 338 4077 est
361 4008 483 4076 dudum
504 4006 604 4090 ὥσπερ
622 4009 726 4078 desili
747 4034 798 4085 τι,
818 4007 873 4075 sed
899 4028 992 4076 nemo
1013 4013 1147 4099 recepit.
1195 4011 1329 4080 Isocrati

140 4116 238 4185 redde
272 4117 305 4182 in
340 4115 428 4182 θεοί.
451 4115 517 4182 XV.
542 4120 619 4181 511.
653 4114 739 4181 κατῖι
773 4117 877 4196 μικρὸν
912 4117 964 4183 οὶεί
985 4142 1016 4183 τι
1048 4118 1240 4198 προτιθέντες
1273 4138 1329 4205 pru

20 4250 23 4255 ·
141 4224 270 4310 vulgata
292 4224 340 4290 οῖεῖ
367 4221 565 4306 προτιθέντες.
