2940 5010
716 278 778 339 747

145 449 199 517 rio
223 453 394 525 emoreris
419 450 502 519 mate
526 450 656 536 irrepsit
681 450 712 514 in
748 452 765 534 §
793 452 852 516 tt:
883 448 1036 529 ὑσοιιόβιι
1065 449 1097 517 δι’
1125 475 1171 524 τις
1202 449 1241 516 δν
1264 451 1333 539 [ὡς]

144 557 245 631 οὐδεὶς
271 552 332 637 ἅμα
363 557 474 631 ιὶδίκιος
497 556 649 634 ἠτίμωται
677 556 858 632 Ἀθήνησιν,
889 555 945 641 qui
977 555 1067 621 locus
1102 563 1260 642 expuncto
1294 559 1333 630 ὥς

145 660 395 731 constituendus
419 670 468 730 est
492 663 524 726 in
557 661 644 726 hunc
677 659 829 726 modurn:
866 660 1019 740 ὑπολάβοι
1052 660 1158 735 δόσις
1190 658 1251 727 ιἰν·
1283 664 1335 728 οὐ·

144 766 225 842 hnic
260 766 332 849 ἄρα
370 768 509 842 ιίδίκοις
546 768 737 845 ἠτίμωται
774 768 1006 843 'Athonem
1041 786 1122 853 quae
1158 769 1226 853 ipsa
1259 775 1337 833 sunt

139 871 350 959 obloquentis
382 871 495 939 verha:
528 893 657 937 cernone
686 871 785 958 iqitur
808 871 938 937 Athenis
958 872 1075 938 iniuria
1106 883 1229 939 notatus
1251 874 1335 960 t‘csc·

141 978 214 1045 tnt'c
247 979 321 1044 est?
355 980 439 1059 ”Ape
475 979 508 1043 in
542 977 598 1044 tati
631 997 667 1043 re
699 997 760 1042 uon
793 977 855 1042 nisi
892 978 924 1042 in
962 987 1049 1044 recta
1083 979 1226 1045 oratione
1260 979 1336 1065 poni

146 1091 263 1173 potest.
312 1082 344 1149 Si
367 1084 441 1170 quis
463 1082 540 1170 quid
565 1082 675 1149 obiicit
699 1066 918 1168 interrogandi
948 1083 1050 1149 torma
1075 1085 1199 1151 utitur:
1224 1085 1337 1171 etqui

146 1191 296 1277 provisae
316 1187 488 1255 obiectioni
513 1187 705 1276 respondere
738 1198 852 1274 parant
884 1187 1038 1255 inducere
1065 1188 1169 1255 solent
1197 1187 1337 1275 aliquem

145 1304 239 1363 recto
264 1296 408 1362 oratione
434 1303 597 1372 utentem,
622 1302 659 1360 ut
683 1293 833 1359 omnibns
856 1301 967 1360 notum
992 1304 1052 1361 est.

191 1400 229 1467 ln
254 1400 366 1467 eodem
398 1399 466 1466 ioco
490 1399 544 1465 ut.
570 1404 601 1465 5.
636 1401 733 1467 etiam
760 1398 897 1466 atterum
923 1399 1038 1466 vitium
1069 1397 1180 1466 suhest
1206 1398 1236 1464 in
1267 1398 1335 1465 his:

148 1508 214 1588 drdr
243 1508 275 1573 δὲ
307 1507 536 1587 ίμολογνὶσαιιό
574 1503 613 1570 ἂν
642 1507 705 1571 dard
741 1505 914 1587 χρημάτων
950 1508 1055 1571 πολλοὶ
1092 1504 1336 1586 διατροίττεσόαι

148 1613 294 1690 'Attianos
319 1610 372 1679 καὶ
397 1610 442 1677 ἔτι
466 1608 504 1675 atr
536 1610 633 1675 τλείοι
657 1609 901 1690 διατροίττεσόαι
933 1611 959 1676 εί
994 1610 1120 1684 πλείους
1154 1611 1339 1677 ἐτεδίδο·

147 1741 225 1785 σαν
251 1716 415 1798 ἀργύριον,
439 1714 504 1780 noli
529 1716 616 1781 euim
640 1711 788 1780 dubitare
813 1715 889 1800 quin
919 1714 1082 1781 emendari
1112 1723 1277 1801 oporteat:
1310 1717 1336 1780 εί

140 1822 276 1895 -ιειιείονς
299 1820 361 1887 ἔτι
393 1820 579 1887 ἐδίδοσαν
607 1820 759 1901 όργόμον.
807 1818 843 1884 ln
869 1838 903 1886 re
931 1819 1118 1906 pervulgata
1149 1828 1258 1885 certus
1290 1828 1340 1885 est

147 1926 321 1994 verborum
346 1944 440 2001 usus,
471 1933 598 1991 certum
623 1931 656 1990 et
679 1932 869 2010 perpetuum
901 1922 990 1990 rerhi
1014 1922 1170 2010 simplicis
1197 1932 1229 1989 et
1254 1944 1338 1991 com·

147 2032 327 2119 positorum
352 2029 527 2096 discrimen
553 2039 612 2096 est.
660 2027 808 2117 Lnrpiri,
841 2029 1039 2116 terpiticnem
1059 2031 1164 2115 secere
1190 2037 1338 2096 constan·

147 2143 201 2205 ter
223 2135 264 2203 ab
285 2133 436 2201 omnihus
459 2133 581 2201 dicitur
611 2134 721 2201 διδόναι
746 2135 907 2216 apruno,
940 2154 1001 2199 non
1030 2135 1212 2213 tachethen,
1244 2136 1338 2201 cuius

144 2239 240 2311 serbi
270 2242 304 2308 in
336 2240 399 2307 etia
430 2260 464 2308 re
494 2239 643 2307 omnihus
672 2247 746 2305 nota
769 2248 943 2326 perpetuus
971 2247 1005 2306 et
1035 2241 1235 2307 necessarius
1260 2260 1339 2307 usus

149 2357 221 2426 est,
256 2345 349 2413 ίτίτε
385 2346 534 2421 ἐπιδόσεις
569 2347 599 2411 ἐν
634 2348 675 2428 τῷ
711 2346 796 2429 δήμῳ
829 2346 973 2424 γίνοιντο.
1028 2345 1078 2413 Ex
1110 2364 1172 2431 quo
1204 2345 1339 2413 Athenis

144 2453 254 2521 omnia
283 2460 314 2519 et
347 2472 458 2519 omnes
491 2460 666 2538 coeperunt
701 2471 771 2519 esse
801 2450 951 2529 venatos,
984 2451 1085 2517 nubes
1116 2451 1335 2538 exemplorum

147 2568 199 2627 est
223 2558 277 2625 uhi
305 2557 441 2636 διδόναι,
470 2557 611 2639 ἀργύριον
635 2556 768 2634 διδόναι,
800 2557 906 2623 πολλοὶ
941 2557 1051 2623 διδόναι
1081 2566 1115 2625 et
1146 2558 1219 2625 siut.
1250 2557 1336 2643 lega-

147 2672 227 2744 tur,
249 2672 283 2731 et
305 2663 448 2744 οόργιίριοι
471 2663 506 2739 νίν
529 2687 576 2736 τις
601 2647 687 2746 step,
710 2670 743 2729 et

328 2768 458 2835 ίτόλιί
481 2768 627 2850 ἁμαρτὼν
650 2767 776 2846 tetre
799 2767 889 2842 δοὺς
913 2766 1119 2851 ἐκφεύξεται,

145 2883 182 2945 ot
207 2873 325 2943 similia
357 2874 488 2960 passim.
536 2872 694 2938 Continuo
727 2873 875 2958 sequitur
898 2873 982 2958 apud
1013 2874 1118 2959 ipsum
1146 2870 1335 2958 Xenophon·

142 2989 236 3051 tom:
259 2981 320 3049 οὐδ’
344 2981 370 3045 εί
400 2980 558 3044 ίτοσονοῦν
582 2979 707 3059 χρυσίον
730 2979 782 3044 καί
810 2979 950 3059 ἀργύριον
985 2978 1111 3054 διδοίη
1141 3003 1189 3052 τις
1213 2981 1329 3051 αὐτοῖς.

147 3086 186 3153 ln
208 3085 351 3172 antiquis
372 3082 464 3149 lituris
491 3093 563 3149 ETt
591 3091 623 3149 et
647 3093 704 3148 su
729 3083 788 3147 nisi
811 3082 870 3148 hoc
894 3101 971 3168 agas
997 3083 1049 3147 vix
1070 3082 1172 3148 ocutis
1194 3081 1335 3149 discerni

144 3199 293 3280 possunt.
340 3189 453 3275 ltaque
487 3187 731 3254 contunduntur
755 3187 953 3264 sexcenties,
981 3187 1077 3253 cuius
1101 3189 1146 3255 rei
1171 3188 1212 3254 ad
1235 3186 1334 3253 atium

148 3294 370 3383 Xenophontis
392 3293 498 3360 locum
522 3313 603 3360 nova
628 3293 783 3379 quaedam
806 3292 950 3378 exempta
973 3291 1155 3360 afferemus.

194 3400 332 3487 1u§i.
370 3408 419 3465 ter
446 3398 632 3485 scripserim
661 3399 767 3464 Attico
790 3417 878 3464 more
900 3399 990 3473 ὁσέτη
1013 3417 1070 3485 pro
1089 3395 1148 3465 ὅσοι
1169 3399 1232 3475 ἔτη.
1282 3396 1335 3464 Sic

146 3507 235 3577 enim
260 3503 405 3573 solebant
433 3503 559 3581 dicere,
593 3512 628 3570 ut
651 3503 797 3585 ὁσημέραι
828 3510 860 3569 et
890 3504 1015 3585 incipet:
1040 3503 1096 3570 sed
1120 3504 1248 3571 divisim
1274 3500 1334 3569 ίσοι

145 3621 254 3695 μῆκος.

192 3714 362 3784 Neminem
394 3713 478 3798 fugit
511 3714 625 3779 vitium
654 3714 835 3801 scripturae
868 3714 900 3780 in
928 3718 946 3800 §
973 3721 1011 3782 6:
1037 3722 1129 3785 ταῦτ’
1151 3721 1206 3785 οὐκ
1239 3717 1333 3782 oiseis

147 3830 262 3907 χρῆναι
297 3819 484 3902 διαδικάζειν
516 3817 671 3896 ἅπαντας
707 3817 863 3885 είτοίτιο
903 3819 981 3902 γοίρ
1017 3847 1078 3896 τις
1112 3818 1159 3888 ότι
1194 3824 1227 3887 οὐ
1255 3829 1335 3903 χρῆν

146 3927 277 3997 adsidet
300 3924 538 4009 διαδικάζεσθαι.
586 3927 623 3990 Ei
648 3927 674 3992 δ’
699 3921 739 3991 αὖ
767 3924 915 4004 ὁμολογεῖ
943 3921 1074 3992 ίίταντα
1101 3937 1214 4011 χρῆναι
1243 3926 1336 3992 διαδι·

145 4033 277 4115 κνίζειν,
309 4029 435 4108 suspen
466 4032 503 4096 δι’
527 4032 686 4108 ἐνιαυτοῦ,
718 4028 773 4096 sed
807 4030 878 4097 iure
903 4050 997 4096 nemo
1023 4031 1168 4118 probavit
1199 4030 1334 4098 Schnei-

147 4140 220 4209 deri
247 4139 490 4205 coniecturam:
522 4136 601 4202 εἴποι
625 4137 652 4201 δ’
675 4134 713 4201 όιν
736 4134 797 4216 όνμι
819 4159 888 4211 τις,
921 4155 1003 4222 quae
1028 4157 1131 4223 neque
1159 4135 1334 4205 Graecitati

146 4243 306 4315 satisfacit
328 4261 432 4329 neque
459 4243 648 4308 sententiae.
696 4240 897 4329 Xenophonti
926 4259 964 4308 ea
988 4261 1040 4309 res
1067 4252 1134 4309 tarn
1165 4243 1334 4328 perspicua

145 4371 217 4421 esse
246 4347 376 4415 ridetur
404 4355 440 4414 ut
465 4369 553 4414 ιιοιιιο
576 4368 691 4433 seqare
719 4347 817 4434 possit
847 4346 880 4413 id
914 4346 982 4414 [ieri
1018 4355 1174 4436 oportere.
1223 4347 1333 4433 ltaque

1087 4452 1138 4484 ειν
