2940 5010
663 287 724 349 157

138 484 187 541 μην
203 466 231 527 et
249 457 398 534 διηκόνουν
422 465 455 525 ot
473 458 611 534 similia,
637 478 719 546 quae
746 456 867 525 lornrae
890 477 1002 526 omnes
1025 458 1059 525 in
1082 460 1298 548 Antiquarum

141 565 235 653 arripio
257 564 336 632 vitio
355 564 554 652 irrepserunt
579 573 611 632 et
634 563 745 632 sedulo
768 563 971 651 expellendae
993 573 1081 632 sunt.
1119 565 1301 635 Admonent

140 668 244 759 pridem
274 669 439 757 magistri,
463 669 518 736 sed
551 690 644 737 nemo
676 668 784 748 audit,
808 678 840 736 et
867 678 932 736 tam
962 668 1159 738 inveteratos
1178 681 1228 740 est
1251 693 1300 742 er·

138 794 191 855 tar,
208 784 243 843 ut
264 773 329 842 illis
354 775 432 862 ipsis
455 773 551 855 loeis,
584 775 638 843 ubi
670 775 880 843 Grammatioi
909 776 1091 843 Atticorum
1123 798 1218 845 usum
1246 778 1300 846 de·

137 888 305 957 namot,
331 878 456 948 soribae
481 882 653 969 antiquum
677 880 858 948 obtinentes
883 880 1037 947 novitiam
1061 880 1197 950 formam
1225 883 1299 953 sub·

137 986 265 1061 stimat,
296 1005 380 1072 quae
410 1005 462 1053 res
493 995 543 1053 est
574 985 726 1052 iocularis
756 985 942 1053 admodum.
988 985 1043 1053 Sio
1073 987 1223 1056 Pbotium
1256 989 1301 1056 la·

140 1090 209 1157 titini
225 1088 387 1157 dieenlrm
410 1091 443 1156 in
468 1111 498 1158 r.
519 1093 682 1174 Ἠνείχετο
705 1092 758 1158 aab
776 1093 909 1175 ἠνώχλει
932 1091 985 1158 mi
1014 1092 1135 1168 ἠκηκόει
1162 1094 1214 1160 atei
1246 1098 1301 1172 ἠν·

137 1194 280 1277 τίβέλτιτ
304 1197 399 1263 κοινόν
415 1199 475 1263 τῶν
494 1199 646 1265 Ἀττικῶν
662 1198 794 1278 triopa,
815 1217 916 1284 quum
934 1194 1142 1265 manifestum
1161 1200 1204 1266 stt
1224 1221 1298 1268 eum

138 1298 309 1391 Ηνμίίοίι
330 1304 496 1387 augmenti
521 1323 583 1370 usu
607 1303 714 1371 dicere
736 1311 769 1370 et
792 1303 955 1383 inradiare
976 1303 1155 1390 scripsisse.
1190 1306 1298 1373 Etiam

138 1402 297 1487 thordirrs,
321 1406 438 1475 silleri
460 1416 582 1496 potest,
606 1415 782 1495 peccarunt
805 1408 839 1473 in
870 1406 1060 1497 litpmologo
1090 1408 1204 1497 llagno
1227 1432 1299 1500 pag.

141 1514 200 1591 til,
219 1517 273 1581 ra.
326 1514 463 1581 lliaertis
496 1511 601 1580 verbis
633 1513 785 1599 Magister
814 1523 1024 1581 annotaverat
1061 1514 1145 1603 apud
1176 1517 1298 1584 Aristo·

140 1614 247 1705 panem
270 1619 462 1701 ἠντεβόλησε
485 1617 547 1705 legi
572 1626 605 1685 et
626 1637 822 1705 quamquam
843 1622 888 1685 ita
908 1618 990 1685 dixit
1013 1620 1063 1686 διὰ
1085 1626 1140 1687 τοῦ
1163 1625 1299 1700 εήντε·

140 1722 256 1803 βίλησε
276 1724 328 1791 bdo
354 1726 471 1800 κλίσεις
496 1725 615 1801 irrisa,
642 1732 748 1789 tamen
775 1723 924 1790 inlibris
950 1722 1016 1791 iere
1039 1726 1190 1792 omnibus
1208 1729 1298 1795 ἐντε·

141 1826 231 1907 βίληιε
246 1830 405 1916 seriptum
432 1838 494 1897 est.
539 1828 779 1899 Grammaticus
806 1828 839 1894 in
869 1829 990 1898 ineod.
1021 1828 1120 1897 Onon.
1149 1833 1298 1901 lirameri

142 1928 198 2021 lp
215 1938 296 2012 ltr,
322 1940 362 2003 1⁷
387 1955 487 2021 quum
512 1934 551 2003 de
575 1934 678 2003 lorma
698 1935 868 2016 ἐνεούρησεν
891 1943 1060 2002 annotaret
1091 1936 1216 2005 scribae
1245 1937 1298 2005 de·

143 2032 231 2107 kint
251 2042 405 2123 iunipero
427 2043 590 2115 ’λττικῶμ
639 2038 758 2108 Deinde
781 2060 820 2106 ex
843 2038 997 2127 Eupolide
1021 2042 1151 2129 apponit

336 2140 400 2228 ἆρον
422 2146 530 2228 σφόδρ’
553 2145 723 2227 derationare
748 2142 861 2221 ἐξώλης
884 2144 1001 2226 plano,
1214 2130 1296 2145 ἠ

147 2242 184 2313 tbi
199 2248 365 2333 ίνεοιίρησεν
395 2249 553 2317 bleinelrio
582 2248 718 2317 debetur
746 2270 804 2336 pro
835 2251 1032 2333 όνεσθρησευ,
1064 2261 1228 2338 praeterea
1239 2238 1300 2320 ⁴rel

146 2350 213 2437 {tiro
231 2354 365 2432 οθξώλης
387 2354 494 2437 piper.
542 2354 630 2421 Idem
655 2352 766 2421 docuit
789 2354 866 2422 ibid.
890 2355 1041 2437 ἐοννοθμην
1065 2356 1184 2427 dixisse
1209 2357 1300 2428 Vete-

145 2466 221 2525 met
238 2467 371 2527 auctore
394 2462 499 2528 utitur
520 2459 676 2548 Eupolide
699 2461 732 2526 in
756 2459 898 2526 senario:

338 2567 449 2648 κρούων
470 2591 511 2646 γε
530 2569 592 2646 μήν
615 2566 716 2640 adrias
736 2564 887 2644 εὐνοθμην
910 2565 984 2643 ἐγώ.

146 2658 297 2757 inpuid
324 2679 418 2737 erant
444 2669 594 2757 aequales
623 2668 775 2747 docendi,
807 2670 863 2756 qui
880 2669 1043 2750 -6νοιίμην,
1073 2671 1237 2753 ὠνησάμην
1269 2683 1301 2741 ot

147 2768 199 2843 rin.
216 2774 321 2844 dieere
341 2774 499 2851 solebant,
522 2775 638 2843 deinde
661 2796 699 2843 ea
720 2777 753 2842 in
773 2774 903 2841 Codices
926 2773 1153 2862 importabant.
1195 2777 1302 2859 Quum

146 2872 261 2948 iretis
282 2889 408 2949 constet
426 2881 674 2968 Aristophanem
697 2880 888 2960 irradiatura
911 2880 1031 2947 dixisse
1055 2889 1303 2951 consectaneum

148 2986 182 3045 tat
196 2982 224 3049 in
243 2981 389 3051 eiusdem
409 2985 477 3052 looo
498 2984 583 3071 apud
609 2986 724 3053 Athen.
751 3005 780 3072 p.
807 2990 883 3053 ort.
907 2987 945 3054 Α.

343 3089 437 3155 ἔπειθ’
456 3086 518 3156 θσοι
536 3099 679 3170 πκρήτοον
700 3091 844 3169 ἐπίσημοι
865 3088 943 3166 ξένοι

342 3195 559 3270 ἐπηκολούθουν
582 3194 782 3275 κήντιβόλουν
804 3196 1031 3277 προσκείμενοι,

149 3306 193 3361 Μ
210 3298 254 3367 aie
272 3296 329 3367 sed
351 3297 556 3377 κήντεβόλουν
580 3299 678 3365 scribi
703 3308 860 3387 oportere.
907 3298 1025 3366 Eodem
1051 3298 1122 3366 iure
1144 3302 1304 3382 ἠντεβόλει

149 3402 337 3487 mentum
362 3404 394 3469 in
416 3402 677 3470 dolrarnenslbus
697 3425 743 3472 vs.
771 3410 851 3482 147,
875 3413 907 3472 et
928 3405 959 3470 in
980 3403 1152 3492 Equitibus
1172 3427 1219 3474 vs.
1238 3413 1304 3476 664

148 3506 287 3593 *parim
312 3506 397 3597 apud
422 3507 572 3575 Oratores
593 3518 626 3575 et
649 3509 744 3586 alios,
775 3509 892 3597 quibus
923 3510 1033 3576 eadem
1067 3530 1162 3597 opera
1194 3516 1307 3591 ἠντείί·

148 3626 197 3677 νον
212 3613 307 3683 redde
325 3624 357 3682 et
379 3616 604 3699 ἠμφεσβήτουν
622 3623 654 3680 et
678 3617 889 3700 ἠμφεγνόουν,
913 3624 1122 3702 caeteraque,
1152 3638 1233 3703 quae
1259 3642 1305 3687 se·

148 3716 248 3797 tebras
266 3720 425 3807 reingere
444 3719 601 3798 diximus,
624 3721 656 3785 in
677 3739 740 3806 qua
765 3739 799 3786 re
818 3740 911 3807 saepe
931 3720 1124 3806 optimorum
1149 3721 1302 3793 librorum

146 3824 279 3903 remidio
309 3827 426 3903 uteris,
457 3833 493 3891 ut
526 3826 556 3890 in
592 3823 803 3891 llemostbane
833 3845 862 3912 p.
887 3829 967 3903 886,
993 3831 1014 3890 9
1037 3834 1067 3891 et
1099 3830 1180 3904 986,
1206 3832 1248 3895 69
1273 3840 1305 3897 et

149 3926 228 4007 tttt,
255 3938 297 3999 16
319 3930 424 3997 Codex
444 3929 466 3995 S
487 3930 607 4016 optime
628 3932 830 4013 ἠμφεσβήτει
850 3939 882 3996 et
904 3931 1134 4013 ἠμφεσβητήθη
1155 3937 1304 4002 serravit.

145 4024 288 4103 bouario
310 4036 392 4103 nitio
413 4035 538 4102 scribae
558 4037 736 4102 sexcenties
757 4037 931 4112 υίσήλκυσιι
956 4056 1013 4122 pro
1036 4037 1206 4102 σίτέλιιυσοι
1230 4037 1306 4108 dare

145 4134 226 4209 ulmi
251 4152 283 4209 et
315 4141 508 4225 ποιρηνόμονν
538 4162 596 4227 pru
625 4141 829 4224 παρενόμουν,
859 4162 954 4229 quent
987 4139 1136 4227 putidum
1165 4161 1307 4213 errorem

145 4256 366 4335 menumquam
390 4245 475 4335 apud
501 4244 650 4313 Oratores
672 4248 704 4313 in
728 4246 959 4313 recentissimis
989 4243 1193 4313 Editionibus
1217 4249 1308 4318 video

144 4353 303 4441 pompari.
337 4354 500 4431 Ὠνήσιισσ
525 4353 626 4442 igitur
648 4352 697 4443 (ul
720 4350 848 4421 redeam
870 4350 964 4430 illue,
990 4346 1074 4417 unde
1094 4348 1237 4440 digressa
1261 4369 1309 4424 est
