2940 5010
699 284 761 347 176

363 460 424 525 οὐδ’
443 457 543 540 ὥσπερ
566 458 653 537 ὑμεῖς
687 457 846 539 συκαμίνῳ
868 456 928 531 τὰς
949 456 1082 535 yrdtoor

364 562 555 646 κεχριμέναι.

136 671 260 759 etipse
290 668 519 755 Aristophanes
547 669 579 733 in
607 666 695 735 Stolo.
730 665 838 734 Floril.
858 666 970 735 cxxi.
1004 670 1068 747 18,
1099 666 1156 733 oui
1184 666 1297 741 reddin

138 796 227 843 mus:

364 879 573 962 repressisse,
595 879 662 945 οὐδὲ
683 878 838 961 βακκάρει
861 879 1057 962 κεχριμένον,

137 987 192 1053 ubi
213 986 369 1052 librorum
398 985 559 1071 scriptura
584 986 838 1065 κατακεκριμένον
866 983 1035 1051 ruanilesta
1065 990 1175 1051 serrat
1208 981 1297 1053 lororr

136 1093 291 1177 antiquae
314 1091 470 1176 vestigia,
495 1107 577 1175 quae
599 1088 763 1155 veteribus
785 1089 903 1175 ubique
927 1088 1129 1155 restituenda
1148 1097 1208 1156 est

183 1197 307 1262 Vitium
339 1195 423 1262 ultro
455 1195 576 1260 invexit
611 1195 768 1280 Berglrius
803 1195 836 1259 in
871 1192 1097 1281 Aristophanis
1132 1194 1297 1263 versiculus

138 1301 223 1389 apud
243 1300 450 1367 Euslathiurn
474 1320 507 1385 p.
531 1302 640 1378 1442,
664 1305 696 1365 t.

365 1404 484 1488 ἔφευγε
507 1406 595 1483 κάγὼ
618 1406 705 1481 τῆσδ’
728 1403 877 1483 ὑπνντνὶξ
898 1407 1042 1488 εἰχόμην.

136 1511 224 1601 quod
247 1512 274 1577 si
299 1511 332 1576 in
356 1510 504 1575 ornnihus
526 1509 616 1575 lilrris
632 1520 717 1577 esset
739 1519 829 1577 eerla
851 1512 1052 1577 correctione
1075 1512 1188 1597 reponi
1206 1509 1297 1598 polu'u

137 1624 188 1684 set
217 1625 273 1692 τῆς
297 1613 443 1692 incurri}
454 1665 463 1691 ,
487 1614 571 1701 quod
599 1614 716 1681 habent
734 1636 855 1682 omnes.
903 1615 1089 1703 Comparari
1113 1615 1245 1684 debebat
1268 1615 1297 1679 in·

138 1723 221 1791 certi
240 1722 357 1789 cornici
376 1721 465 1788 locus
486 1720 572 1807 apud
594 1720 733 1809 Etymol.
760 1742 789 1806 p.
811 1726 900 1797 565,
927 1725 979 1788 ts.

727 1823 792 1901 ὅςνς
813 1836 869 1903 τῆς
894 1827 959 1893 ὁδοῦ

411 1932 567 2011 »irriserat
588 1956 633 1998 ror
656 1935 711 2009 τὴν
734 1930 851 2008 ἕπιννέξ
863 1981 872 2007 ,

138 2039 238 2108 euiet
258 2039 319 2126 ipsi
340 2039 395 2114 τὴν
415 2036 562 2114 orandi
578 2057 690 2105 censeo
708 2057 777 2105 esse
788 2034 1006 2104 reddendum:
1028 2036 1214 2116 ήὺνννντὰξ
1237 2032 1297 2127 (illc

140 2166 204 2233 quo
237 2164 333 2211 sensu
363 2142 492 2208 dicatur
523 2143 727 2230 perspicuum
757 2152 827 2220 est,
863 2146 881 2221 ἡ
911 2139 1027 2219 imre&
1057 2142 1097 2209 de
1125 2144 1179 2209 ria
1206 2142 1297 2209 diolun

41 2278 46 2287 ·
140 2250 220 2338 quid
241 2252 282 2316 sit
302 2257 457 2335 exputare
477 2269 538 2315 non
562 2249 661 2317 valeo.
708 2248 793 2314 Nilril
813 2258 922 2315 autem
946 2250 1057 2316 tritius
1077 2257 1128 2315 est
1149 2243 1297 2335 quamut

140 2359 173 2423 in
207 2355 323 2422 talibus
357 2355 531 2430 omittere,
565 2356 658 2421 cuius
687 2355 735 2420 rei
760 2354 905 2441 exempla
937 2352 1052 2421 afferre
1084 2352 1235 2440 putidum
1262 2356 1297 2417 erl

141 2459 282 2528 dlferam
302 2459 409 2546 potius
429 2459 555 2535 locum,
581 2460 634 2525 ubi
660 2458 743 2525 male
763 2459 865 2525 seduli
887 2460 1022 2527 lectores
1042 2459 1107 2527 tato
1129 2457 1169 2525 de
1195 2450 1297 2525 suotd

141 2565 292 2633 diderint.
320 2562 470 2637 Creditur
493 2562 612 2630 dixisse
637 2565 752 2653 Lysias
775 2567 807 2631 in
825 2575 905 2632 orat.
929 2565 983 2632 ΙΙΙ.
1009 2570 1102 2655 5325.
1126 2565 1190 2643 ἐγὼ
1212 2560 1297 2633 astu

140 2696 195 2755 μιν
219 2671 359 2735 ἀπελθὼν
383 2669 446 2734 ὁδὸν
470 2668 617 2749 ᾠχόμννε
642 2671 840 2757 quicumque
874 2671 992 2737 sentiet
1017 2689 1115 2757 quam
1146 2671 1296 2757 imporluu

141 2778 210 2844 loco
233 2776 298 2842 toto
321 2775 364 2841 sit
384 2774 610 2859 interpositum
633 2773 726 2843 facile
749 2777 867 2843 sentiet
887 2775 1115 2861 interpolatum
1140 2795 1221 2843 esso.
1264 2768 1297 2843 ll

140 2881 286 2951 verbium
307 2878 422 2956 ἕπιτνὶξ
442 2877 526 2965 apud
548 2879 742 2968 Hesyelriunr
765 2881 925 2948 delitescit
950 2880 1140 2948 inridicule
1165 2881 1242 2946 vitio
1261 2880 1297 2945 ln

141 2987 222 3072 ζιὶξε
254 2986 338 3074 quod
372 2987 416 3051 ita
445 2983 626 3071 explicatur
646 2995 683 3051 ut
705 2986 869 3074 interpres
895 2985 974 3052 nihil
1008 2987 1089 3054 certi
1113 2986 1199 3052 seire
1225 2982 1297 3051 ridet

142 3103 217 3160 lun:
241 3093 292 3159 tot
316 3093 361 3159 τὰ
381 3090 508 3173 correpta
539 3091 591 3156 καὶ
620 3092 671 3156 ἐπ’
695 3093 813 3166 εὐθείας
844 3095 897 3158 oet
928 3092 979 3157 ἐπὶ
1015 3094 1075 3168 τὴν
1098 3092 1248 3172 ’σύντομον
1270 3112 1297 3155 rt

141 3202 177 3269 lx
200 3198 349 3276 aaaron.
396 3197 513 3262 ldirum
545 3196 571 3260 si
603 3195 686 3262 idenr
719 3196 908 3264 vocabulum
943 3196 1021 3263 haee
1051 3197 1161 3263 omnia
1192 3206 1297 3284 potuer

141 3303 336 3389 significare.
384 3302 551 3368 Caeterum
579 3313 603 3371 z
635 3313 665 3370 et
697 3313 727 3369 T
759 3304 791 3367 in
818 3304 954 3369 vetustis
985 3302 1075 3368 libris
1107 3301 1297 3371 scribebantu

142 3409 244 3475 torma
264 3415 330 3475 tam
360 3405 458 3471 simili
484 3416 519 3471 ut
541 3407 681 3474 discerni
713 3428 774 3473 non
806 3417 934 3495 possent
958 3408 1021 3475 nisi
1044 3409 1084 3476 alr
1107 3430 1146 3477 co
1172 3404 1297 3498 quiqui

142 3514 300 3582 Graecum
322 3513 365 3578 sit
386 3520 417 3576 et
440 3511 519 3596 quid
537 3533 664 3600 quoque
684 3513 752 3579 loeo
780 3514 938 3582 sententia
964 3514 1108 3602 requirat
1132 3512 1297 3603 expenden'

142 3620 211 3686 Non
245 3618 366 3686 solebat
395 3615 454 3681 hoo
482 3615 585 3684 lacere
616 3619 672 3704 qui
704 3619 938 3709 Hesychianam
963 3618 1047 3698 λέξιν
1084 3618 1130 3687 ita'
1163 3620 1297 3688 constitu

143 3735 181 3792 ut
205 3745 290 3791 nune
311 3725 342 3792 iu
367 3722 463 3789 unico
485 3723 647 3790 Marciano
670 3724 751 3790 lilrro
775 3733 931 3810 superest.
978 3725 1087 3813 Neque
1107 3726 1193 3793 enim
1212 3728 1297 3793 zoro'rr

142 3831 326 3919 scripsisset
350 3847 407 3915 pro
426 3832 570 3903 Τιτᾶνι,
596 3848 700 3915 neque
722 3838 833 3895 eontra
853 3833 1038 3910 Τνμίνννι
1063 3831 1179 3914 ζημίαν
1198 3853 1257 3921 pro
1274 3831 1297 3915 ξι

141 3939 219 4019 ’μίαν
242 3944 275 4002 et
307 3934 420 4001 Tdoe:
444 3933 520 4016 ζώνη
550 3954 606 4020 pro
634 3935 724 4016 ζώννι.
770 3933 890 4001 Eodern
928 3935 1020 4003 modo
1051 3936 1297 4006 emendandae

144 4044 264 4129 glossa:
294 4037 569 4108 Ὠδιὶκτμτννε
594 4039 738 4118 suaerat,
773 4040 838 4105 inro
861 4061 936 4106 rero
956 4041 1143 4126 ὦδνὶντιζνν.
1186 4042 1297 4111 loeulrt

144 4148 324 4235 exemplum
356 4146 584 4231 incogitantiae
612 4143 715 4210 obiter
739 4145 865 4212 addam.
913 4145 1032 4214 Editur
1061 4155 1142 4215 Τῶν
1171 4152 1297 4217 edred:

144 4256 303 4334 οὐδαμῶς,
334 4250 419 4338 quod
450 4251 607 4337 seriptunr
640 4258 690 4320 est
725 4271 781 4337 pro
817 4258 891 4317 τῶν
922 4251 1028 4319 odrr:
1059 4250 1099 4321 ὦν
1127 4254 1297 4335 adlaudat

144 4360 276 4431 uomet-i
308 4357 407 4436 loeis,
436 4356 539 4445 qualis
562 4364 610 4423 est
635 4357 667 4421 in
692 4355 781 4423 Iliad.
805 4366 849 4428 A.
874 4360 947 4424 160.
