2940 5010
699 265 763 330 tae

137 437 379 516 emendatione,
402 457 499 526 quam
528 455 626 525 supra
652 438 995 506 commemoravimus:
1019 436 1319 520 Αυιιιεδυιριιυίὸ

138 570 196 620 οις
219 548 277 626 μίν
294 543 347 611 καί
371 549 431 610 πῶν
453 544 635 625 ἀρχαίων
657 542 839 627 πυμρυοίχυν
862 543 1082 628 ὑπαρχίνπυν,
1104 543 1160 612 ubi
1183 542 1320 613 eandm

137 670 241 738 nuper
263 671 282 717 a
303 648 465 717 lladbamo
484 657 645 736 repertam
667 668 739 717 esse
756 648 919 729 vidimus,
942 656 1037 736 quem
1061 649 1199 719 llobraei
1222 670 1323 719 annm

136 757 216 823 tatio
239 754 402 822 fefellerat.
450 753 504 820 Sic
525 754 607 822 aliae
622 754 804 842 complures
826 753 1001 841 palmatiae
1020 754 1263 824 emendationes
1285 756 1322 823 in

136 861 272 929 llobraei
295 858 496 928 Adversariis
525 859 622 926 verbo
652 868 780 927 tantum
803 858 963 927 indicatae
993 859 1142 928 llditores
1164 859 1323 949 fngith

136 969 192 1054 qui
215 985 311 1054 saepe
333 963 482 1052 frugibus
505 965 641 1051 repertis
662 962 835 1051 glandibus
857 974 1044 1034 vescuntur.

180 1070 365 1140 llindorlius
391 1089 495 1158 neque
518 1069 654 1138 liobraei
677 1090 783 1159 neque
803 1068 958 1138 Badhemi
990 1071 1161 1139 immemor
1188 1071 1324 1140 rerinl*

133 1198 221 1245 nram
244 1177 476 1244 correctionem
499 1176 631 1263 recepit.

180 1283 216 1351 ln
240 1288 259 1371 §
280 1286 335 1350 αθ.
368 1279 527 1364 βάρβαρον
549 1281 608 1360 μὲν
630 1280 721 1348 πίλιν
742 1282 887 1361 abreptas
905 1283 1101 1362 ἦίελιίσαμεν
1119 1291 1305 1368 κατασχεῖν
1311 1324 1323 1363 ,

134 1388 304 1465 Ἑλληνίδα
322 1387 354 1454 δὲ
371 1389 415 1461 είς
435 1381 470 1460 ἣν
490 1387 610 1469 πριίπνν
636 1385 753 1475 [πόλιν]
779 1385 910 1467 ν’ίλίοροεν
929 1388 1046 1464 ταύτην
1071 1385 1323 1469 ἐξαλαπάξομεν

135 1504 203 1560 tam
235 1491 433 1578 ineleganter
452 1499 485 1559 et
513 1500 641 1578 praeter
662 1500 808 1558 veterum
839 1510 962 1559 morem
990 1495 1166 1580 repetitum
1188 1502 1241 1561 est
1260 1493 1323 1563 πί-

134 1614 204 1677 λιυ,
235 1607 272 1665 ut
306 1616 437 1685 prorsus
467 1595 652 1682 llirsebigio
680 1596 841 1664 assentiar
871 1599 1092 1684 importunum
1124 1597 1323 1667 rotabulum

133 1703 311 1771 inducenti.
358 1702 526 1769 Praeterea
558 1702 679 1769 inserta
710 1702 824 1769 rocula
853 1703 886 1769 bl
909 1701 1116 1771 scribendum
1146 1704 1323 1780 radmvb'

133 1807 379 1888 ἐξαλαπάξομεν
408 1804 514 1874 eade
544 1826 664 1886 eausa,
699 1828 796 1896 quam
826 1826 923 1896 supra
954 1807 1067 1875 multis
1098 1811 1323 1896 exposuimus.

134 1915 259 1983 Novum
280 1911 461 2000 exemplum
490 1911 673 1999 suppeditat
701 1912 930 1980 Demosthenes
958 1914 992 1979 in
1028 1911 1114 1981 Orat
1141 1917 1196 1982 ta.
1226 1914 1324 1997 959.

133 2017 201 2089 ait'
223 2020 286 2100 ἐγὼ
306 2020 360 2102 ἐρῶ
382 2019 455 2100 πρὸς
479 2019 563 2098 ὑμᾶς
586 2055 632 2067 -
654 2023 760 2084 ταῦτα
783 2019 815 2084 δὲ
839 2018 965 2084 ὑπίνοια
985 2018 1113 2096 οὐδεμία
1137 2018 1220 2090 isara

132 2240 315 2298 monstrum
339 2228 486 2296 lectionis
509 2231 691 2311 raptionem,
715 2225 800 2316 quod
822 2227 968 2294 nonnulli
999 2226 1072 2295 libri
1101 2227 1241 2309 frabent,
1268 2250 1322 2299 re·

131 2355 187 2404 rae
215 2336 395 2422 scripturae
423 2336 554 2416 περιῄειν
577 2333 713 2419 vestigia
743 2341 869 2410 servat,
893 2331 989 2420 idque
1019 2332 1223 2421 Xenophonti
1245 2336 1323 2405 red·

131 2441 283 2509 dendum.
332 2439 418 2505 Satis
441 2436 733 2505 demonstravimus
757 2446 850 2506 antea
879 2438 911 2504 in
936 2446 1056 2524 quanto
1078 2439 1222 2526 periculo
1241 2440 1322 2511 illae

133 2545 253 2612 formae
277 2544 399 2611 soleant
420 2543 550 2610 versari.
597 2543 665 2609 Non
688 2542 848 2609 habebant
868 2542 1016 2610 Graeculi
1037 2545 1178 2612 Atticam
1203 2564 1320 2616 numm

130 2649 266 2737 etquid
290 2649 483 2716 mirabimur
506 2649 710 2731 istosmprpie
736 2647 922 2716 αλλυίίοιυο
947 2669 1055 2737 posse,
1080 2670 1181 2736 quum
1203 2653 1321 2720 statim

131 2761 224 2842 §ab
248 2755 336 2836 παρὰ
357 2751 560 2834 Ἀναξιβίου,
583 2762 615 2819 el
636 2752 710 2820 alibi
735 2754 822 2836 παρὰ
847 2756 987 2837 Ἀριαίῳ,
1010 2755 1098 2836 παρὰ
1118 2756 1321 2841 ’Δριςίππιρ,

131 2862 217 2943 μετὰ
252 2861 374 2933 ἀδικίας
407 2867 439 2925 et
468 2858 530 2924 alia
563 2857 749 2924 huiusmodi
781 2867 931 2926 sescenta
968 2860 1174 2946 aequissimis
1209 2858 1322 2933 ferant

130 2965 285 3044 auribus,
309 2984 391 3052 quae
417 2965 525 3031 omnia
556 2962 639 3030 bona
669 2962 731 3030 lide
761 2966 902 3031 retinent
931 2964 1090 3032 Editores.
1136 2964 1237 3033 Nemo
1273 2977 1321 3037 tr·

131 3093 205 3140 men
228 3073 331 3138 nescir
354 3069 537 3137 scribarum
561 3068 619 3136 lros
640 3090 710 3136 esse
734 3089 881 3148 errores,
906 3071 961 3156 qui
980 3069 1075 3137 elisas
1096 3069 1223 3138 vocales
1243 3092 1320 3160 pns-

128 3180 191 3244 sim
215 3178 313 3245 etiarn
337 3176 422 3263 apud
444 3184 554 3262 poetas
585 3175 707 3242 addunt
736 3173 776 3242 de
803 3195 872 3241 sno.
920 3174 1072 3243 Putidum
1102 3184 1188 3243 esset
1214 3175 1320 3253 buius

129 3285 177 3351 rei
199 3280 496 3370 exemplandam,
520 3281 582 3348 nisi
611 3277 842 3367 perridiculum
866 3279 1046 3367 exemplum
1070 3289 1156 3348 esset
1177 3280 1220 3349 ad
1243 3302 1318 3357 ma÷

129 3408 220 3455 num.
266 3388 450 3455 Demetrius
479 3385 546 3468 περί
577 3387 736 3468 ἑρμηνείας
764 3390 855 3471 §70.
888 3386 1021 3452 scribit:
1054 3385 1161 3453 πολλοὶ
1194 3388 1227 3455 dl
1260 3390 1317 3457 οιαὶ

127 3494 216 3561 ἄλλα
236 3494 267 3560 ἐν
290 3498 465 3575 συναλοιφῇ
483 3492 541 3571 μὲν
558 3490 717 3570 λεγόμενα
740 3490 888 3574 δύσφυνα
913 3486 968 3569 ἦν,
991 3491 1180 3573 διαιρεθέντα
1199 3493 1232 3560 δὲ
1257 3496 1313 3563 καί

126 3597 373 3681 συγκρουσίίνπα
403 3596 618 3680 εὖφιυνίπερα,
641 3599 680 3670 ὣς
709 3595 767 3662 τί·
800 3594 936 3662 ποίνπα
958 3596 1029 3676 μὲν
1060 3597 1110 3663 πα
1141 3596 1212 3663 νία
1241 3599 1315 3667 καί

126 3704 236 3772 καλοί
260 3706 360 3780 ἒςιν,
390 3703 416 3769 εί
440 3702 471 3768 δὲ
494 3701 688 3783 συναλείψας
711 3699 829 3776 είποις·
853 3699 962 3767 καλοί
984 3702 1060 3771 ε’πιν
1083 3701 1315 3788 δυοφυνίπερον

125 3812 205 3882 leet.
251 3810 337 3897 Ergo
361 3826 464 3894 neque
491 3806 615 3873 scribae
637 3825 741 3893 neque
764 3804 903 3873 editores
925 3806 1003 3891 quid
1034 3806 1156 3875 diceret
1187 3806 1315 3879 libetur

123 3917 348 4004 cogitaverunt
371 3911 428 3980 sed
450 3911 537 3980 aliud
559 3919 690 3998 agentes
712 3913 739 3977 εί
762 3910 794 3978 tt
818 3912 1059 3994 συναλείψας
1083 3911 1178 3990 εἴποις
1201 3916 1313 3985 καλοί

122 4024 185 4092 isra
207 4041 266 4108 pro
288 4017 382 4087 κάλ’
405 4018 469 4088 dela
497 4017 734 4085 substituerunt
753 4024 785 4083 et
805 4016 994 4084 oscitantiae
1017 4017 1225 4087 memorabile
1253 4018 1312 4089 do·

121 4136 310 4194 eunrentnm
337 4122 505 4192 dederunt.
553 4122 614 4190 Eat
646 4142 732 4191 nune
763 4120 880 4208 aliquis
911 4130 940 4188 et
976 4123 1008 4187 in
1042 4121 1098 4190 tali
1127 4144 1164 4192 re
1194 4125 1311 4195 eredat

119 4231 270 4298 librariis.
