2940 5010
720 277 783 339 110

149 452 243 541 plane
266 449 441 518 absurdam
470 448 562 527 lacit,
585 456 619 516 et
646 446 767 517 Pontici
790 449 897 517 locum
927 457 960 517 et
984 449 1151 518 Plutarchi
1175 450 1328 523 infecerat.

148 558 298 625 Comicus
320 555 445 625 dudum
475 553 666 624 emendatus
688 563 755 633 est,
785 574 845 623 nos
874 555 950 623 hinc
980 555 1139 624 admoniti
1167 554 1328 627 Plutarcho

147 684 239 752 opem
262 662 415 731 feremus.
463 662 500 729 ln
521 660 692 728 Ammonio
715 659 755 728 de
778 662 813 730 1).
834 660 870 729 V.
891 682 922 750 p.
947 665 999 730 12.
1016 660 1172 731 codicum
1190 664 1323 733 omniunt

149 768 244 837 lectio
263 779 330 838 est:
352 770 491 842 Εὔπολις
515 766 547 832 ἐν
569 765 783 849 Ταξιάρχοις·

375 874 456 944 δίδου
477 873 642 955 μασῖοσίαι
661 871 756 950 ἀξίας
778 875 985 955 ἀμυγδαλᾶς.

149 979 231 1049 Olim
254 989 438 1049 correctum
459 985 571 1047 estex
595 974 758 1044 Athenaeo
783 977 823 1044 ll.
848 982 901 1045 119.
925 979 963 1046 ll.

374 1087 454 1154 δίδου
476 1084 640 1165 μασᾶσθαι
662 1082 787 1161 Ναξίας
809 1085 1005 1165 ίμυγδαλῖις

374 1186 449 1258 οίνίν
472 1216 508 1258 τε
532 1190 630 1258 πίνειν
651 1189 778 1268 Ναξίου
799 1191 858 1257 ἀπ’
881 1189 1043 1270 οὶμπίλοιν.

150 1298 206 1385 qui
230 1295 306 1364 ihid.
330 1316 370 1364 ex
392 1295 578 1386 Phrynicho
600 1293 710 1363 alfort:

329 1405 384 1470 οὐκ
404 1401 443 1469 ἂν
466 1401 616 1482 δυναίμιιν
634 1398 760 1477 Ναξίαν
780 1403 971 1481 ἀμυγδαλῆν
992 1398 1144 1480 κατᾶξαι.

149 1507 190 1576 ad
210 1507 289 1575 haec
307 1508 530 1596 unusquisque
549 1507 660 1573 statim
680 1505 856 1573 ohourdum
876 1506 1042 1574 Plutarchi
1062 1506 1170 1574 locum
1191 1504 1317 1575 emenda·

149 1615 197 1681 hit
221 1615 254 1680 in
281 1612 530 1696 Quaestionihus
553 1611 685 1679 Graecis
715 1632 784 1699 cap.
810 1616 863 1679 56.
893 1614 1085 1700 1199911.
1110 1615 1162 1681 τὸν
1193 1613 1318 1681 Artocen

149 1723 184 1787 αί
208 1721 266 1786 τῶν
289 1720 416 1786 Ἠλείαν
442 1727 589 1800 γυναῖκες
615 1719 765 1799 ὑμνοῦσαι
793 1724 1012 1801 παρακαλοῦσι
1042 1717 1139 1802 βοέῳ
1161 1719 1251 1786 ποδί
1271 1742 1319 1785 τυ·

149 1824 328 1907 ραγίνεσίαι
352 1827 426 1905 πρὸς
448 1822 562 1899 αὖτίς.
590 1824 688 1907 Ἔχει
711 1822 738 1889 δ’
758 1821 853 1899 οὕτως
875 1825 890 1891 d
914 1823 1024 1905 ι’ίμνος·
1048 1825 1164 1904 ίλίεῒν,
1188 1823 1245 1908 ἦσαν
1264 1820 1321 1891 Διί·

149 1956 236 2010 νυσε,
258 1928 346 1998 ἅλιον
369 1932 400 2004 ἐς
423 1932 495 1997 ναδν
517 1929 615 2010 erote
637 1967 684 1980 —
705 1923 776 1995 εἶτα
799 1928 845 2003 δίς
868 1930 1050 2016 ἐπᾴδουσιν·
1069 1928 1142 2009 'Ae
1148 1955 1181 1998 ιε
1202 1928 1320 2014 ταῦροί

149 2037 218 2103 11110
246 2055 322 2103 veru
352 2037 517 2122 ἐπᾴδουσι·
547 2034 649 2113 Νάξιε
676 2040 783 2118 ταῦρε.
835 2034 956 2103 Deinde
987 2056 1045 2125 pro
1069 2034 1158 2104 ἅλιον
1187 2038 1219 2112 tc
1248 2034 1322 2113 νσίν,

149 2142 235 2232 quod
252 2149 384 2210 vertunt
403 2162 465 2208 non
484 2140 658 2209 admodum
676 2140 759 2208 salse
777 2140 972 2208 maritimum
987 2141 1030 2208 od
1048 2141 1213 2230 ternplum,
1230 2160 1321 2210 cmc*

148 2248 190 2315 da
212 2250 344 2314 'hasien
381 2246 494 2314 Simile
514 2247 630 2315 vitium
654 2254 704 2314 est
732 2247 765 2313 in
786 2245 1027 2334 Epigrammate
1047 2247 1199 2335 hingonis
1218 2244 1323 2315 hoeni

150 2353 175 2420 1.
203 2357 257 2420 59.
284 2352 367 2430 ἠέλιε
391 2357 452 2418 Ζεῦ
476 2371 535 2439 pro
554 2356 659 2420 Ἠλεῖε
678 2358 757 2430 Ζεῦ,
779 2350 903 2440 quoda
925 2350 1113 2420 dasauhooo
1135 2350 1323 2421 commenda·

149 2464 221 2526 tum
244 2466 411 2545 receptum
432 2457 584 2544 oportuit.
631 2454 908 2538 Quemadmodum
928 2458 1075 2544 indicare
1096 2457 1183 2536 νιίξιε
1207 2459 1241 2527 in
1259 2458 1323 2545 ἐτί-

149 2565 248 2631 deuon
271 2562 341 2640 ἄξιε
365 2560 463 2629 stulte
488 2561 698 2649 depravatum
722 2570 771 2629 est
794 2560 905 2631 eodem
937 2562 1032 2630 modo
1053 2563 1174 2652 passim
1203 2563 1323 2633 homna-

150 2668 259 2734 ciooes
279 2686 389 2734 errare
411 2664 521 2733 rideas
540 2667 574 2734 in
597 2664 699 2734 lihris.
746 2668 781 2734 lo
811 2667 976 2736 Plutarchi
1000 2666 1083 2736 lihro
1104 2669 1261 2737 adversos
1278 2666 1324 2737 9-

148 2772 234 2840 ieien
255 2793 286 2860 p.
304 2776 399 2839 tlte.
412 2772 447 2838 B.
468 2770 577 2839 editur
589 2772 603 2807 ⁴
615 2772 632 2806 ⁴
643 2772 660 2805 ¹*
677 2772 839 2840 καλέουσι.
865 2773 946 2858 νίμῳ
963 2776 990 2842 δ’
1002 2775 1140 2859 ἐπίφημι
1152 2777 1207 2843 καί
1225 2773 1325 2853 αὖτίς,

148 2898 189 2946 cx
211 2876 418 2966 Empedocle,
451 2896 548 2964 quem
576 2876 706 2945 aliunde
732 2886 860 2945 constat
883 2878 1017 2948 dixisse:
1047 2883 1086 2957 τίς
1113 2881 1199 2961 ίίμις
1224 2884 1259 2951 od
1279 2904 1325 2949 ιιι·

149 2984 285 3062 λέουσιν,
308 2983 390 3064 ecee
412 2983 439 3050 δ’
462 2983 600 3067 ίπίφιιμι
623 2985 676 3050 καί
700 2981 806 3057 αὖτίς.
854 2982 916 3065 Qut
940 2983 1088 3053 lacunam
1114 2988 1183 3073 oleti
1205 2994 1240 3055 ei
1261 2984 1325 3057 leti

149 3099 200 3158 ter
220 3088 428 3178 expleverunt
447 3087 597 3181 είκαί(υς)
620 3087 795 3157 admonent
821 3108 874 3156 me
896 3088 958 3156 loci
981 3089 1165 3159 Plutarchci
1190 3090 1325 3185 1118111·

149 3196 287 3284 posiaeis
307 3194 332 3261 1.
358 3199 389 3261 3.
413 3198 453 3274 d,
480 3194 537 3262 uhi
560 3194 693 3262 lacunas
723 3193 880 3262 lihrorum
910 3193 1049 3263 ahsurde
1076 3195 1200 3285 expleri
1226 3196 1325 3277 rideo.

150 3320 251 3388 quum
283 3298 448 3367 Plutarchi
476 3317 594 3367 manno
619 3302 718 3388 possit
749 3300 973 3387 percommode
996 3302 1135 3370 restitui.
1183 3302 1221 3371 lo
1244 3300 1325 3371 lihrlt

150 3414 325 3494 supersunt
351 3404 411 3472 hae
439 3404 590 3472 laciniae:
621 3409 654 3474 οὐ
678 3406 742 3488 γὰρ
765 3404 854 3486 μίνιι
878 3407 967 3475 δδίνα
990 3408 1089 3476 τίκτει
1112 3408 1232 3476 evm
1251 3406 1325 3494 rm*

150 3513 236 3579 κατα
252 3513 287 3578 τί
306 3509 471 3577 “winae
487 3510 540 3578 nal
553 3512 618 3577 ιιτέ.
643 3510 756 3578 Nescio
769 3510 846 3598 quid
859 3512 892 3579 in
904 3521 1047 3582 mentem
1058 3513 1184 3582 venerit
1195 3512 1256 3593 iio,
1280 3510 1325 3603 qul

149 3617 189 3685 de
211 3635 271 3683 suo
292 3614 371 3683 haec
393 3616 440 3683 ita
467 3615 583 3683 sarciri
610 3634 703 3703 posse
724 3624 923 3705 putaverunt
944 3626 982 3685 ut
1008 3617 1220 3688 scriberetur:
1246 3620 1325 3689 oilttt

148 3724 247 3792 τίκτει
267 3722 406 3806 κυβευτῇ
425 3723 513 3807 σοφῷ
532 3722 618 3789 κατὰ
634 3726 671 3791 τὸ
688 3721 858 3804 λεγίμενον
876 3726 941 3798 ποῖς
964 3723 1060 3804 βίλος
1085 3725 1176 3793 ἄλλα
1194 3727 1250 3795 καί
1269 3726 1325 3793 reri

148 3847 249 3917 eaque
271 3846 359 3894 nunc
390 3827 423 3892 iu
450 3828 634 3895 novissimis
664 3824 859 3896 editionibus
888 3827 980 3896 video
1006 3830 1221 3899 circumferri.
1268 3810 1325 3901 itin

148 3933 227 4002 solet
247 3930 442 4001 Plutarchus
463 3932 548 4001 idem
567 3933 691 4000 dictum
712 3941 769 4001 aut
789 3954 918 4002 versum
938 3934 1035 4003 semel
1053 3932 1180 4004 tantum
1197 3938 1322 4005 oration

148 4059 226 4108 suae
249 4039 390 4106 inserere
412 4048 444 4106 et
468 4038 711 4107 accommodare
735 4048 885 4128 tenetque
906 4041 940 4108 in
964 4060 1001 4109 aa
1024 4061 1060 4108 re
1084 4040 1164 4108 illud
1188 4052 1324 4113 retermr

149 4146 193 4222 δὶς
217 4147 269 4212 ιιαί
294 4145 357 4228 τρίς
380 4143 424 4212 τοὶ
447 4141 547 4211 καλοί.
594 4142 674 4212 Cum
701 4144 870 4233 Epicureis
899 4145 1019 4215 bellum
1049 4166 1164 4235 gerens
1191 4149 1226 4216 111
1254 4148 1324 4219 liin

147 4250 193 4319 iro
206 4250 279 4319 οὐδὲ
300 4250 354 4333 ζῆν
377 4249 441 4321 ἕσιν
465 4248 556 4326 »iiiuc
576 4251 648 4317 κατ’
669 4252 845 4333 Ἐπίκουρον
865 4271 938 4342 pag.
961 4257 1058 4321 toea
1076 4254 1114 4321 Α.
1135 4254 1182 4321 ita
1205 4254 1324 4325 scribit

148 4356 320 4436 κατοίςνμα
339 4355 396 4437 μὲν
419 4354 483 4439 γὰρ
506 4356 633 4434 siradio
658 4359 769 4439 σαρκὸς
793 4358 915 4437 γίνεται
939 4358 1114 4437 πολλάκις,
1137 4358 1284 4447 ἔλπισμα
1306 4362 1324 4431 δ
