2940 5010
699 281 738 343 14

117 453 310 543 dutiplruuis
329 451 497 520 uersiculis
519 453 815 523 vitinmdremansit
838 453 871 518 in
894 450 945 517 his
964 450 1091 520 uerbis:

342 557 400 626 εἰτ’
423 561 478 627 ούιι
500 559 632 644 ἰτιρδούς
656 563 756 644 Φυσιν
778 559 900 642 ἰσχύειν
922 557 1026 635 stoica

342 666 404 745 lyd
427 667 491 749 γὰρ
512 667 567 744 ἤδη
591 673 673 748 τρεῖς
696 665 750 748 ύρῶ
775 663 978 746 μυουμένους

342 777 396 839 σού
420 778 527 840 τούτου
545 772 760 856 συτρίφοντος.

117 898 181 945 non
205 878 292 944 enim
313 878 446 962 ε’τφδούσ
468 877 526 945 scd
548 877 670 962 ἐπῳδούς
692 877 747 944 alii
767 877 890 959 ἰσχύειν
915 873 1093 962 negabunt,
1116 871 1218 941 stulto
1243 893 1316 943 ortt·

116 984 233 1053 debant
255 982 328 1063 ulii,
351 984 408 1071 qui
428 981 557 1050 easdem
580 982 622 1051 ah
642 1002 835 1071 unoquoque
858 981 940 1048 disci
962 999 1055 1068 posse
1074 978 1316 1068 opinabantur:

117 1091 189 1158 vide
220 1088 363 1156 Platonis
393 1086 555 1155 Charmid.
582 1109 653 1176 pag.
681 1093 756 1156 tut.
781 1088 816 1155 λ’.
839 1086 914 1155 ἄνευ
940 1087 973 1153 il
999 1094 1055 1164 τῆς
1084 1085 1204 1169 truite
1224 1086 1317 1155 octe·

115 1196 229 1282 ὄφελός
249 1196 296 1265 ἔτι
319 1199 374 1261 τοῦ
393 1194 530 1279 Φύλλον.
567 1195 627 1262 Kal
647 1192 699 1270 ἰς·
722 1193 953 1277 οἰτογροίψορουι
973 1191 1087 1268 τοίνυν,
1113 1189 1196 1277 ἔφη,
1219 1191 1316 1278 mci

117 1308 171 1370 σού
194 1304 250 1379 τὴν
273 1300 400 1384 ἐπῳδήν.

163 1406 199 1473 ln
223 1402 367 1473 eiusdem
398 1404 592 1493 Antiphanis
622 1405 804 1491 fragmento
832 1403 919 1492 apud
946 1403 1062 1473 Athen.
1091 1403 1145 1472 vt.
1169 1406 1251 1473 tto.
1275 1401 1314 1473 F.

118 1511 278 1580 sententia
299 1509 360 1577 levi
384 1509 567 1598 corruptela
589 1508 737 1578 funditus
758 1510 864 1598 periit.
911 1510 1044 1578 Editur:

343 1618 437 1699 οἰρετιί
458 1619 495 1685 τὸ
516 1624 629 1699 τροίκοι
650 1623 715 1690 τοίς
737 1616 843 1700 φύλοις
867 1617 1039 1700 ὑπηρετεῖν.

275 1733 308 1787 Β.
344 1720 450 1801 λίγειο
472 1721 595 1789 ἔσεσύοιι
617 1724 670 1788 σύν
692 1722 895 1801 Τιθύμαλλον
914 1720 1072 1789 πλούσιον.

343 1825 547 1909 εἰσπράξεται
570 1828 634 1911 γὰρ
655 1827 762 1906 μισύίν
785 1827 820 1893 ἐκ
842 1833 896 1895 τοῦ
920 1833 974 1895 σοῦ
997 1826 1093 1907 λύγου

343 1937 417 2015 παρ’
439 1928 483 2008 cle
506 1933 636 2001 ύδείτνει
660 1939 772 2015 σροΐιιο
794 1932 941 2012 σύλλεξιν
962 1935 1090 2017 συχνήν.

118 2040 197 2107 haec
226 2058 329 2127 oeque
359 2037 463 2106 laceto
493 2048 570 2106 sunt
601 2057 705 2126 neque
736 2038 868 2104 omnino
902 2037 1077 2126 quidquam
1111 2036 1314 2123 significent.

119 2145 202 2227 Quid
224 2146 361 2225 mirum,
386 2146 414 2210 si
438 2143 518 2212 haec
540 2153 589 2212 est
611 2163 686 2210 vera
709 2142 822 2211 lectio:

297 2252 323 2318 εἰ
347 2249 503 2333 σροίξετοιι
527 2251 593 2333 pop
614 2251 722 2330 μισύίν
743 2251 778 2315 du
796 2256 851 2317 τοῦ
874 2255 929 2315 σού
950 2247 1047 2328 λύγου

300 2360 373 2438 παρ’
394 2351 438 2431 οἰς
460 2356 589 2422 ἐδείτνει
609 2362 721 2438 τροίιιοι
744 2352 889 2431 συλλέξει
911 2352 1027 2436 συχνοί.

118 2483 200 2551 qrrae
221 2482 285 2529 uon
308 2468 405 2547 egent
425 2461 610 2549 interprete.
642 2459 680 2526 ln
704 2456 819 2526 Codice
838 2466 887 2526 est
907 2458 1069 2538 συλλέξειν
1091 2461 1226 2544 ccxciv:
1250 2462 1313 2552 qni

118 2571 236 2652 συχνιίν
259 2565 349 2635 dedit
372 2563 490 2632 sciolus
516 2584 591 2632 cum
611 2574 724 2650 τροιιοιι
747 2563 918 2653 iungebat,
944 2567 1132 2634 acutissime
1154 2585 1249 2635 sane:
1276 2576 1313 2638 at

119 2676 174 2741 isti
194 2682 302 2740 tumen
322 2690 518 2759 quamquam
539 2669 621 2738 nihil
642 2669 829 2759 intelligunt
848 2670 969 2738 lormus
994 2671 1164 2739 verborum
1183 2691 1225 2740 ex
1247 2692 1313 2744 sna

117 2779 251 2846 libidine
274 2775 437 2863 relingunt
456 2777 484 2842 si
504 2774 584 2864 quid
606 2795 668 2842 non
691 2779 771 2846 sutis
790 2797 866 2845 oum
896 2776 1013 2844 vicinis
1042 2775 1206 2845 vocabulis
1229 2798 1313 2867 qua·

119 2885 213 2950 drurc
236 2880 380 2960 videtur,
403 2880 602 2969 reliquorum
626 2890 659 2948 et
682 2884 783 2951 totius
806 2884 985 2951 sententiae
1008 2883 1125 2951 securi.
1168 2882 1210 2950 lit
1230 2882 1315 2954 alilti

119 2989 195 3057 talia
226 2988 436 3075 designarunt
460 2995 492 3054 et
515 2988 549 3053 in
568 2987 735 3076 Euripidis
758 2987 864 3055 luceto
891 2987 1071 3076 fragmento
1100 2988 1168 3071 τερί
1191 2994 1252 3056 τῶν
1277 2991 1313 3058 ἓν

119 3097 244 3181 Κορίνθῳ
264 3094 419 3179 {carpitur
440 3091 525 3182 apud
547 3092 710 3162 Pollucem
734 3094 788 3162 lx.
816 3099 857 3162 ld

298 3200 351 3271 καί
374 3199 435 3276 τοίο
456 3200 515 3282 μὲν
537 3198 607 3278 ιίξει
629 3207 733 3268 τῶλον
753 3199 794 3267 ἂν
817 3200 901 3284 διδῷς
923 3197 991 3278 ἐ’νοι,

300 3306 361 3381 τοίς
384 3307 416 3373 δὲ
438 3303 582 3389 ξυνυρίδ’,
605 3308 638 3373 ul
662 3306 694 3373 δὲ
717 3305 796 3373 ιιοίτί
817 3304 975 3389 τεσσοίρυν

252 3431 254 3435 ’
299 3417 445 3496 φοιτῶσιν
466 3407 569 3476 ἰττοιν
590 3414 746 3494 οἰργυρῶι.
769 3417 899 3496 Φιλοῦσι
926 3413 959 3478 δὲ

300 3516 360 3592 τὸς
383 3514 420 3594 ἐξ
442 3517 573 3593 Ἀύνιῶν
596 3516 759 3600 τορύένουι
779 3514 855 3584 ύσοιν
876 3517 956 3601 <pipp

300 3620 435 3698 τολλοίς.

57 3816 62 3821 ,
119 3730 296 3799 Salmasius
322 3727 417 3814 φίρρο
445 3748 504 3817 pro
533 3729 612 3817 φίρρ
636 3727 739 3810 dedit,
763 3747 860 3817 quem
886 3744 997 3792 omnes
1018 3736 1212 3814 sequuntur,
1236 3748 1315 3819 per·

14 4628 84 4688 Ᾰ

119 3856 245 3926 peram:
270 3854 332 3902 non
354 3834 495 3901 enimin
520 3832 634 3902 ultimo
656 3833 811 3919 vocabulo
837 3833 954 3900 vitium
977 3841 1027 3900 est
1049 3832 1104 3900 sed
1129 3836 1161 3902 in
1188 3833 1312 3923 primu.

119 3940 302 4031 Lugendum
325 3942 412 4007 enim
435 3945 484 4007 est
506 3945 634 4024 φιλοῦσι
654 3941 686 4006 δὲ
714 3938 720 4033 Ι
745 3941 797 4006 τὸν
820 3938 856 4017 ἐξ
878 3940 1028 4019 Ἀθηνῶν,
1051 3939 1215 4024 τορύίνονι
1231 3937 1315 4012 ὅταν

118 4050 197 4135 φέρῃ
216 4046 357 4125 τολλύς,
380 4053 418 4112 ιιι
439 4043 524 4131 apud
547 4044 700 4112 Babrium
723 4052 772 4112 est
795 4050 851 4123 14,
876 4051 906 4113 7.

299 4154 313 4219 ύ
333 4153 361 4219 δ’
381 4149 416 4230 ἐξ
435 4152 567 4227 ’Aternio
590 4151 702 4232 ἔλεγεν
723 4153 763 4228 ὥς
786 4151 867 4219 οιολύ
887 4151 1031 4236 ιιρείσσυν

299 4258 420 4335 Θησεὺς
440 4256 568 4338 γένοιτο.

120 4375 153 4433 ct
164 4365 210 4432 sic
223 4383 317 4453 saepe
328 4361 419 4434 alili:
433 4361 704 4451 quemadmodum
717 4373 831 4436 natum
843 4367 886 4436 sit
897 4368 1013 4437 vitium
1026 4364 1234 4436 manifestum
1245 4372 1310 4436 est.
