<?xml version="1.0" encoding="UTF-8"?>
<!DOCTYPE html PUBLIC "-//W3C//DTD XHTML 1.0 Transitional//EN"
    "http://www.w3.org/TR/xhtml1/DTD/xhtml1-transitional.dtd">
<html xmlns="http://www.w3.org/1999/xhtml" xml:lang="en" lang="en">
 <head>
  <title>
</title>
<meta http-equiv="Content-Type" content="text/html;charset=utf-8" />
  <meta name='ocr-system' content='tesseract 3.04.00' />
  <meta name='ocr-capabilities' content='ocr_page ocr_carea ocr_par ocr_line ocrx_word'/>
</head>
<body>
  <div class='ocr_page' id='page_1' title='image "./novaelectionesq00cobegoog/novaelectionesq00cobegoog_0410.png"; bbox 0 0 2940 5010; ppageno 0'>
   <div class='ocr_carea' id='block_1_1' title="bbox 705 312 768 373">
    <p class='ocr_par' dir='ltr' id='par_1_1' title="bbox 705 312 768 373">
     <span class='ocr_line' id='line_1_1' title="bbox 705 312 768 373; baseline 0 -1"><span class='ocrx_word' id='word_1_1' title='bbox 705 312 768 373; x_wconf 76' lang='lat'><strong>375</strong></span> 
     </span>
    </p>
   </div>
   <div class='ocr_carea' id='block_1_2' title="bbox 139 478 1407 4465">
    <p class='ocr_par' dir='ltr' id='par_1_2' title="bbox 139 478 1332 1395">
     <span class='ocr_line' id='line_1_2' title="bbox 141 478 1331 572; baseline -0.001 -21"><span class='ocrx_word' id='word_1_2' title='bbox 141 480 290 551; x_wconf 86' lang='lat' dir='ltr'><strong>remedio</strong></span> <span class='ocrx_word' id='word_1_3' title='bbox 319 478 423 549; x_wconf 87' lang='lat' dir='ltr'><strong>obiter</strong></span> <span class='ocrx_word' id='word_1_4' title='bbox 455 482 564 549; x_wconf 86' lang='lat' dir='ltr'><strong>sanari</strong></span> <span class='ocrx_word' id='word_1_5' title='bbox 595 484 713 570; x_wconf 90' lang='lat' dir='ltr'><strong>poterit</strong></span> <span class='ocrx_word' id='word_1_6' title='bbox 737 482 826 549; x_wconf 90' lang='lat' dir='ltr'><strong>locus</strong></span> <span class='ocrx_word' id='word_1_7' title='bbox 859 482 944 568; x_wconf 85' lang='lat' dir='ltr'><strong>apud</strong></span> <span class='ocrx_word' id='word_1_8' title='bbox 977 481 1197 572; x_wconf 80' lang='lat' dir='ltr'><strong>Thucydidem</strong></span> <span class='ocrx_word' id='word_1_9' title='bbox 1234 484 1331 551; x_wconf 80' lang='lat' dir='ltr'><strong>nnius·</strong></span> 
     </span>
     <span class='ocr_line' id='line_1_3' title="bbox 141 584 1329 674; baseline 0.003 -21"><span class='ocrx_word' id='word_1_10' title='bbox 141 584 294 655; x_wconf 73' lang='lat' dir='ltr'><strong>vocabuli</strong></span> <span class='ocrx_word' id='word_1_11' title='bbox 316 586 396 653; x_wconf 78' lang='lat' dir='ltr'><strong>vitio</strong></span> <span class='ocrx_word' id='word_1_12' title='bbox 420 587 626 655; x_wconf 83' lang='lat' dir='ltr'><strong>vehementer</strong></span> <span class='ocrx_word' id='word_1_13' title='bbox 644 588 853 674; x_wconf 86' lang='lat' dir='ltr'><strong>perturbatus</strong></span> <span class='ocrx_word' id='word_1_14' title='bbox 877 587 958 653; x_wconf 86' lang='lat' dir='ltr'><strong>Vlll.</strong></span> <span class='ocrx_word' id='word_1_15' title='bbox 986 594 1037 654; x_wconf 75' lang='lat'><strong>15.</strong></span> <span class='ocrx_word' id='word_1_16' title='bbox 1070 591 1250 670; x_wconf 77' lang='grc' dir='ltr'><strong><em>νομίσαντες</em></strong></span> <span class='ocrx_word' id='word_1_17' title='bbox 1273 589 1329 669; x_wconf 86' lang='grc' dir='ltr'><strong>μέ·</strong></span> 
     </span>
     <span class='ocr_line' id='line_1_4' title="bbox 139 692 1331 778; baseline 0.002 -19"><span class='ocrx_word' id='word_1_18' title='bbox 139 713 211 773; x_wconf 85' lang='grc' dir='ltr'><strong>γαν</strong></span> <span class='ocrx_word' id='word_1_19' title='bbox 230 692 286 769; x_wconf 82' lang='grc' dir='ltr'><strong><em>ιἰδιρ</em></strong></span> <span class='ocrx_word' id='word_1_20' title='bbox 306 692 360 759; x_wconf 82' lang='grc' dir='ltr'><strong><em>καί</em></strong></span> <span class='ocrx_word' id='word_1_21' title='bbox 385 697 477 774; x_wconf 79' lang='grc' dir='ltr'><strong><em>σαφῆ</em></strong></span> <span class='ocrx_word' id='word_1_22' title='bbox 497 695 549 761; x_wconf 83' lang='grc' dir='ltr'><strong><em>σδν</em></strong></span> <span class='ocrx_word' id='word_1_23' title='bbox 570 695 702 761; x_wconf 85' lang='grc' dir='ltr'><strong><em>κίνδυνον</em></strong></span> <span class='ocrx_word' id='word_1_24' title='bbox 720 698 809 777; x_wconf 72' lang='grc' dir='ltr'><strong><em>σφοῖς</em></strong></span> <span class='ocrx_word' id='word_1_25' title='bbox 832 692 1010 774; x_wconf 76' lang='grc' dir='ltr'><strong><em>περιεςοίναι</em></strong></span> <span class='ocrx_word' id='word_1_26' title='bbox 1030 731 1095 773; x_wconf 86' lang='grc'><strong>-,</strong></span> <span class='ocrx_word' id='word_1_27' title='bbox 1117 694 1217 762; x_wconf 79' lang='grc' dir='ltr'><strong><em>ποίεε</em></strong></span> <span class='ocrx_word' id='word_1_28' title='bbox 1235 696 1331 778; x_wconf 79' lang='grc' dir='ltr'><strong><em>χίλια</em></strong></span> 
     </span>
     <span class='ocr_line' id='line_1_5' title="bbox 141 794 1331 883; baseline 0.001 -18"><span class='ocrx_word' id='word_1_29' title='bbox 141 796 316 875; x_wconf 76' lang='grc' dir='ltr'><strong><em>σι’λιοκσα,</em></strong></span> <span class='ocrx_word' id='word_1_30' title='bbox 349 794 388 865; x_wconf 69' lang='grc' dir='ltr'><strong>ὧν</strong></span> <span class='ocrx_word' id='word_1_31' title='bbox 417 798 470 865; x_wconf 79' lang='lat' dir='ltr'><strong>tut</strong></span> <span class='ocrx_word' id='word_1_32' title='bbox 502 802 618 873; x_wconf 78' lang='grc' dir='ltr'><strong><em>παντὸς</em></strong></span> <span class='ocrx_word' id='word_1_33' title='bbox 646 804 700 866; x_wconf 81' lang='grc' dir='ltr'><strong><em>σοῖο</em></strong></span> <span class='ocrx_word' id='word_1_34' title='bbox 732 799 868 879; x_wconf 87' lang='grc' dir='ltr'><strong><em>πολέμου</em></strong></span> <span class='ocrx_word' id='word_1_35' title='bbox 901 800 1066 883; x_wconf 82' lang='grc' dir='ltr'><strong><em>ε’γλίχονπο</em></strong></span> <span class='ocrx_word' id='word_1_36' title='bbox 1094 802 1139 881; x_wconf 69' lang='grc' dir='ltr'><strong>μὴ</strong></span> <span class='ocrx_word' id='word_1_37' title='bbox 1166 798 1331 882; x_wconf 72' lang='grc' dir='ltr'><strong><em>ἅψασίαι,</em></strong></span> 
     </span>
     <span class='ocr_line' id='line_1_6' title="bbox 143 902 1332 989; baseline 0 -18"><span class='ocrx_word' id='word_1_38' title='bbox 143 904 235 979; x_wconf 71' lang='lat' dir='ltr'><strong>aitte</strong></span> <span class='ocrx_word' id='word_1_39' title='bbox 275 902 426 969; x_wconf 89' lang='grc' dir='ltr'><strong><em>έλυσαν</em></strong></span> <span class='ocrx_word' id='word_1_40' title='bbox 455 904 515 977; x_wconf 63' lang='lat' dir='ltr'><strong>rel&lt;</strong></span> <span class='ocrx_word' id='word_1_41' title='bbox 542 906 740 985; x_wconf 73' lang='grc' dir='ltr'><strong>ἐπικειμένας</strong></span> <span class='ocrx_word' id='word_1_42' title='bbox 771 904 885 986; x_wconf 77' lang='grc' dir='ltr'><strong><em>ζημίας</em></strong></span> <span class='ocrx_word' id='word_1_43' title='bbox 907 908 951 988; x_wconf 78' lang='grc' dir='ltr'><strong><em>σῷ</em></strong></span> <span class='ocrx_word' id='word_1_44' title='bbox 982 905 1098 972; x_wconf 83' lang='grc' dir='ltr'><strong><em>είπίνπι</em></strong></span> <span class='ocrx_word' id='word_1_45' title='bbox 1129 908 1146 984; x_wconf 75' lang='grc' dir='ltr'><strong><em>ἢ</em></strong></span> <span class='ocrx_word' id='word_1_46' title='bbox 1177 908 1332 989; x_wconf 78' lang='grc' dir='ltr'><strong><em>έπιφνφί·</em></strong></span> 
     </span>
     <span class='ocr_line' id='line_1_7' title="bbox 142 1008 1329 1092; baseline 0 -15"><span class='ocrx_word' id='word_1_47' title='bbox 142 1032 238 1077; x_wconf 74' lang='grc' dir='ltr'><strong><em>σιπι</em></strong></span> <span class='ocrx_word' id='word_1_48' title='bbox 261 1046 306 1061; x_wconf 87' lang='lat'><strong>-··</strong></span> <span class='ocrx_word' id='word_1_49' title='bbox 328 1008 393 1075; x_wconf 85' lang='grc' dir='ltr'><strong><em>καί</em></strong></span> <span class='ocrx_word' id='word_1_50' title='bbox 429 1008 626 1092; x_wconf 81' lang='grc' dir='ltr'><strong><em>έφνφίσανπο</em></strong></span> <span class='ocrx_word' id='word_1_51' title='bbox 659 1019 753 1076; x_wconf 82' lang='grc' dir='ltr'><strong><em>κινεῖν</em></strong></span> <span class='ocrx_word' id='word_1_52' title='bbox 783 1011 836 1077; x_wconf 83' lang='grc' dir='ltr'><strong><em>καί</em></strong></span> <span class='ocrx_word' id='word_1_53' title='bbox 869 1016 943 1084; x_wconf 84' lang='grc' dir='ltr'><strong><em>ναῦς</em></strong></span> <span class='ocrx_word' id='word_1_54' title='bbox 970 1016 1116 1091; x_wconf 76' lang='grc' dir='ltr'><strong><em>πληροῦν.</em></strong></span> <span class='ocrx_word' id='word_1_55' title='bbox 1171 1010 1329 1077; x_wconf 80' lang='lat' dir='ltr'>Iniuriam</span> 
     </span>
     <span class='ocr_line' id='line_1_8' title="bbox 143 1110 1329 1205; baseline 0.001 -24"><span class='ocrx_word' id='word_1_56' title='bbox 143 1112 331 1205; x_wconf 73' lang='lat' dir='ltr'><strong>Thucydidi</strong></span> <span class='ocrx_word' id='word_1_57' title='bbox 363 1110 462 1180; x_wconf 82' lang='lat' dir='ltr'><strong>lucios</strong></span> <span class='ocrx_word' id='word_1_58' title='bbox 496 1116 524 1179; x_wconf 91' lang='lat' dir='ltr'><strong>si</strong></span> <span class='ocrx_word' id='word_1_59' title='bbox 551 1116 614 1181; x_wconf 88' lang='lat' dir='ltr'><strong>ista</strong></span> <span class='ocrx_word' id='word_1_60' title='bbox 643 1117 690 1181; x_wconf 91' lang='lat' dir='ltr'><strong>sic</strong></span> <span class='ocrx_word' id='word_1_61' title='bbox 720 1115 760 1181; x_wconf 91' lang='lat' dir='ltr'><strong>ab</strong></span> <span class='ocrx_word' id='word_1_62' title='bbox 791 1115 844 1182; x_wconf 93' lang='lat' dir='ltr'><strong>illo</strong></span> <span class='ocrx_word' id='word_1_63' title='bbox 871 1116 1008 1182; x_wconf 84' lang='lat' dir='ltr'><strong>formata</strong></span> <span class='ocrx_word' id='word_1_64' title='bbox 1036 1135 1107 1182; x_wconf 90' lang='lat' dir='ltr'><strong>esse</strong></span> <span class='ocrx_word' id='word_1_65' title='bbox 1134 1114 1329 1183; x_wconf 81' lang='lat' dir='ltr'><strong>contendes:</strong></span> 
     </span>
     <span class='ocr_line' id='line_1_9' title="bbox 143 1218 1330 1308; baseline -0.001 -19"><span class='ocrx_word' id='word_1_66' title='bbox 143 1218 265 1289; x_wconf 76' lang='lat' dir='ltr'><strong>nolitis</strong></span> <span class='ocrx_word' id='word_1_67' title='bbox 286 1236 421 1306; x_wconf 78' lang='lat' dir='ltr'><strong>repones</strong></span> <span class='ocrx_word' id='word_1_68' title='bbox 439 1220 594 1295; x_wconf 75' lang='grc' dir='ltr'><strong><em>λύσαντες</em></strong></span> <span class='ocrx_word' id='word_1_69' title='bbox 618 1241 676 1307; x_wconf 86' lang='lat' dir='ltr'><strong>pro</strong></span> <span class='ocrx_word' id='word_1_70' title='bbox 696 1221 827 1299; x_wconf 79' lang='grc' dir='ltr'><strong><em>ἔλυσαν,</em></strong></span> <span class='ocrx_word' id='word_1_71' title='bbox 850 1240 913 1308; x_wconf 89' lang='lat' dir='ltr'><strong>quo</strong></span> <span class='ocrx_word' id='word_1_72' title='bbox 936 1220 1021 1289; x_wconf 82' lang='lat' dir='ltr'><strong>lacto</strong></span> <span class='ocrx_word' id='word_1_73' title='bbox 1043 1223 1098 1289; x_wconf 88' lang='grc' dir='ltr'><strong><em>καί</em></strong></span> <span class='ocrx_word' id='word_1_74' title='bbox 1119 1229 1195 1288; x_wconf 86' lang='lat' dir='ltr'><strong>ante</strong></span> <span class='ocrx_word' id='word_1_75' title='bbox 1214 1223 1330 1304; x_wconf 83' lang='grc' dir='ltr'><strong><em>έψκφί·</em></strong></span> 
     </span>
     <span class='ocr_line' id='line_1_10' title="bbox 141 1322 1163 1395; baseline -0.002 0"><span class='ocrx_word' id='word_1_76' title='bbox 141 1349 242 1395; x_wconf 76' lang='lat' dir='ltr'><strong>cmc</strong></span> <span class='ocrx_word' id='word_1_77' title='bbox 265 1322 353 1391; x_wconf 91' lang='lat' dir='ltr'><strong>ultro</strong></span> <span class='ocrx_word' id='word_1_78' title='bbox 374 1323 497 1391; x_wconf 85' lang='lat' dir='ltr'><strong>excidet</strong></span> <span class='ocrx_word' id='word_1_79' title='bbox 518 1333 551 1391; x_wconf 91' lang='lat' dir='ltr'><strong>et</strong></span> <span class='ocrx_word' id='word_1_80' title='bbox 570 1344 682 1391; x_wconf 90' lang='lat' dir='ltr'><strong>omnes</strong></span> <span class='ocrx_word' id='word_1_81' title='bbox 704 1326 869 1394; x_wconf 86' lang='lat' dir='ltr'><strong>molestiae</strong></span> <span class='ocrx_word' id='word_1_82' title='bbox 889 1336 985 1394; x_wconf 90' lang='lat' dir='ltr'><strong>crunt</strong></span> <span class='ocrx_word' id='word_1_83' title='bbox 1010 1335 1163 1393; x_wconf 86' lang='lat' dir='ltr'><strong>remotae.</strong></span> 
     </span>
    </p>

    <p class='ocr_par' dir='ltr' id='par_1_3' title="bbox 142 1426 1330 1731">
     <span class='ocr_line' id='line_1_11' title="bbox 188 1426 1329 1512; baseline 0 -13"><span class='ocrx_word' id='word_1_84' title='bbox 188 1430 231 1499; x_wconf 84' lang='lat' dir='ltr'><strong>ln</strong></span> <span class='ocrx_word' id='word_1_85' title='bbox 258 1426 381 1497; x_wconf 76' lang='lat' dir='ltr'><strong>llellen.</strong></span> <span class='ocrx_word' id='word_1_86' title='bbox 405 1428 475 1496; x_wconf 85' lang='lat' dir='ltr'><strong>Vll.</strong></span> <span class='ocrx_word' id='word_1_87' title='bbox 498 1449 540 1496; x_wconf 81' lang='lat' dir='ltr'><strong>rt.</strong></span> <span class='ocrx_word' id='word_1_88' title='bbox 570 1434 601 1495; x_wconf 75' lang='grc'><strong>2.</strong></span> <span class='ocrx_word' id='word_1_89' title='bbox 636 1429 770 1511; x_wconf 76' lang='grc' dir='ltr'><strong><em>εὕρισκον</em></strong></span> <span class='ocrx_word' id='word_1_90' title='bbox 801 1434 885 1499; x_wconf 81' lang='grc' dir='ltr'><strong><em>οὐδέν</em></strong></span> <span class='ocrx_word' id='word_1_91' title='bbox 912 1442 998 1511; x_wconf 80' lang='grc' dir='ltr'><strong><em>μεῖον</em></strong></span> <span class='ocrx_word' id='word_1_92' title='bbox 1031 1432 1286 1512; x_wconf 69' lang='grc' dir='ltr'><strong><em>Λακεδαιμονίοις</em></strong></span> <span class='ocrx_word' id='word_1_93' title='bbox 1311 1436 1329 1512; x_wconf 75' lang='grc' dir='ltr'><strong><em>ἢ</em></strong></span> 
     </span>
     <span class='ocr_line' id='line_1_12' title="bbox 143 1534 1330 1625; baseline -0.001 -22"><span class='ocrx_word' id='word_1_94' title='bbox 143 1536 258 1621; x_wconf 88' lang='grc' dir='ltr'><strong><em>σφίσιν</em></strong></span> <span class='ocrx_word' id='word_1_95' title='bbox 279 1535 399 1615; x_wconf 73' lang='grc' dir='ltr'><strong><em>ἑγαίδν</em></strong></span> <span class='ocrx_word' id='word_1_96' title='bbox 413 1535 449 1599; x_wconf 77' lang='lat' dir='ltr'><strong>rb</strong></span> <span class='ocrx_word' id='word_1_97' title='bbox 470 1534 624 1616; x_wconf 83' lang='grc' dir='ltr'><strong><em>’Λρκοίδας</em></strong></span> <span class='ocrx_word' id='word_1_98' title='bbox 645 1540 690 1616; x_wconf 71' lang='grc' dir='ltr'><strong>μὴ</strong></span> <span class='ocrx_word' id='word_1_99' title='bbox 711 1538 904 1621; x_wconf 72' lang='grc' dir='ltr'><strong><em>προσδεῖσθαι</em></strong></span> <span class='ocrx_word' id='word_1_100' title='bbox 929 1538 1093 1618; x_wconf 73' lang='grc' dir='ltr'><strong><em>Θηβαίων,</em></strong></span> <span class='ocrx_word' id='word_1_101' title='bbox 1117 1536 1229 1625; x_wconf 88' lang='lat' dir='ltr'><strong>supple</strong></span> <span class='ocrx_word' id='word_1_102' title='bbox 1246 1540 1330 1616; x_wconf 81' lang='grc' dir='ltr'><strong><em>σίγα-</em></strong></span> 
     </span>
     <span class='ocr_line' id='line_1_13' title="bbox 142 1638 1150 1731; baseline -0.002 -22"><span class='ocrx_word' id='word_1_103' title='bbox 142 1644 196 1709; x_wconf 81' lang='lat' dir='ltr'><strong>tlm</strong></span> <span class='ocrx_word' id='word_1_104' title='bbox 220 1640 300 1731; x_wconf 83' lang='grc' dir='ltr'><strong><em>(ίν),</em></strong></span> <span class='ocrx_word' id='word_1_105' title='bbox 321 1638 407 1727; x_wconf 89' lang='lat' dir='ltr'><strong>quod</strong></span> <span class='ocrx_word' id='word_1_106' title='bbox 431 1640 545 1705; x_wconf 85' lang='lat' dir='ltr'><strong>vitium</strong></span> <span class='ocrx_word' id='word_1_107' title='bbox 566 1640 775 1729; x_wconf 82' lang='lat' dir='ltr'><strong>perfrequens</strong></span> <span class='ocrx_word' id='word_1_108' title='bbox 796 1664 865 1710; x_wconf 89' lang='lat' dir='ltr'><strong>esse</strong></span> <span class='ocrx_word' id='word_1_109' title='bbox 887 1652 1006 1709; x_wconf 89' lang='lat' dir='ltr'><strong>norunt</strong></span> <span class='ocrx_word' id='word_1_110' title='bbox 1028 1662 1150 1709; x_wconf 88' lang='lat' dir='ltr'><strong>omnes.</strong></span> 
     </span>
    </p>

    <p class='ocr_par' dir='ltr' id='par_1_4' title="bbox 140 1744 1333 2043">
     <span class='ocr_line' id='line_1_14' title="bbox 191 1744 1330 1830; baseline -0.001 -15"><span class='ocrx_word' id='word_1_111' title='bbox 191 1744 275 1815; x_wconf 84' lang='lat' dir='ltr'><strong>lbitl.</strong></span> <span class='ocrx_word' id='word_1_112' title='bbox 298 1744 366 1811; x_wconf 82' lang='lat' dir='ltr'><strong>Vll.</strong></span> <span class='ocrx_word' id='word_1_113' title='bbox 390 1764 433 1811; x_wconf 76' lang='lat' dir='ltr'><strong>tv.</strong></span> <span class='ocrx_word' id='word_1_114' title='bbox 457 1750 488 1812; x_wconf 85' lang='lat' dir='ltr'><strong>b.</strong></span> <span class='ocrx_word' id='word_1_115' title='bbox 523 1744 628 1823; x_wconf 77' lang='grc' dir='ltr'><strong><em>ἔλεξεν</em></strong></span> <span class='ocrx_word' id='word_1_116' title='bbox 650 1745 696 1814; x_wconf 72' lang='grc' dir='ltr'><strong>ὄπι</strong></span> <span class='ocrx_word' id='word_1_117' title='bbox 726 1750 863 1825; x_wconf 86' lang='grc' dir='ltr'><strong><em>οίιιοιίσας</em></strong></span> <span class='ocrx_word' id='word_1_118' title='bbox 892 1744 1147 1829; x_wconf 71' lang='grc' dir='ltr'><strong><em>ἐπιβουλεύεσθαι</em></strong></span> <span class='ocrx_word' id='word_1_119' title='bbox 1178 1756 1217 1830; x_wconf 72' lang='grc' dir='ltr'><strong>τῇ</strong></span> <span class='ocrx_word' id='word_1_120' title='bbox 1241 1747 1330 1814; x_wconf 76' lang='grc' dir='ltr'><strong><em>πόλει</em></strong></span> 
     </span>
     <span class='ocr_line' id='line_1_15' title="bbox 140 1850 1333 1940; baseline 0.001 -23"><span class='ocrx_word' id='word_1_121' title='bbox 140 1854 263 1933; x_wconf 65' lang='lat' dir='ltr'><strong>Budalia</strong></span> <span class='ocrx_word' id='word_1_122' title='bbox 284 1850 395 1933; x_wconf 74' lang='lat' dir='ltr'><strong>rupelo</strong></span> <span class='ocrx_word' id='word_1_123' title='bbox 419 1851 554 1918; x_wconf 85' lang='lat' dir='ltr'><strong>emenda</strong></span> <span class='ocrx_word' id='word_1_124' title='bbox 586 1854 840 1932; x_wconf 67' lang='grc' dir='ltr'><strong><em>ἐπιβουλεύεσθαι</em></strong></span> <span class='ocrx_word' id='word_1_125' title='bbox 863 1856 919 1930; x_wconf 70' lang='lat' dir='ltr'><strong>etv</strong></span> <span class='ocrx_word' id='word_1_126' title='bbox 949 1852 1039 1920; x_wconf 73' lang='grc' dir='ltr'><strong><em>πάλιν</em></strong></span> <span class='ocrx_word' id='word_1_127' title='bbox 1073 1860 1106 1919; x_wconf 80' lang='lat' dir='ltr'><strong>et</strong></span> <span class='ocrx_word' id='word_1_128' title='bbox 1131 1851 1227 1940; x_wconf 79' lang='lat' dir='ltr'><strong>paulo</strong></span> <span class='ocrx_word' id='word_1_129' title='bbox 1257 1861 1333 1919; x_wconf 84' lang='lat' dir='ltr'><strong>ante</strong></span> 
     </span>
     <span class='ocr_line' id='line_1_16' title="bbox 143 1956 651 2043; baseline -0.01 -16"><span class='ocrx_word' id='word_1_130' title='bbox 143 1960 172 2027; x_wconf 80' lang='lat' dir='ltr'><strong>tl</strong></span> <span class='ocrx_word' id='word_1_131' title='bbox 195 1958 225 2025; x_wconf 82' lang='grc' dir='ltr'><strong>δ’</strong></span> <span class='ocrx_word' id='word_1_132' title='bbox 247 1956 385 2025; x_wconf 76' lang='grc' dir='ltr'><strong><em>έπίέοκπο</em></strong></span> <span class='ocrx_word' id='word_1_133' title='bbox 408 1974 467 2043; x_wconf 83' lang='lat' dir='ltr'><strong>pro</strong></span> <span class='ocrx_word' id='word_1_134' title='bbox 489 1958 651 2024; x_wconf 83' lang='grc' dir='ltr'><strong><em>έπείίονπο.</em></strong></span> 
     </span>
    </p>

    <p class='ocr_par' dir='ltr' id='par_1_5' title="bbox 140 2060 1407 4465">
     <span class='ocr_line' id='line_1_17' title="bbox 190 2060 1330 2145; baseline 0.001 -18"><span class='ocrx_word' id='word_1_135' title='bbox 190 2060 274 2131; x_wconf 85' lang='lat' dir='ltr'><strong>lbltl.</strong></span> <span class='ocrx_word' id='word_1_136' title='bbox 296 2060 364 2127; x_wconf 84' lang='lat' dir='ltr'><strong>vil.</strong></span> <span class='ocrx_word' id='word_1_137' title='bbox 387 2080 429 2126; x_wconf 83' lang='lat' dir='ltr'><strong>tv.</strong></span> <span class='ocrx_word' id='word_1_138' title='bbox 457 2067 509 2127; x_wconf 90' lang='grc'><strong>11.</strong></span> <span class='ocrx_word' id='word_1_139' title='bbox 537 2062 591 2129; x_wconf 89' lang='grc' dir='ltr'><strong><em>καί</em></strong></span> <span class='ocrx_word' id='word_1_140' title='bbox 615 2063 702 2137; x_wconf 87' lang='grc' dir='ltr'><strong><em>δίκας</em></strong></span> <span class='ocrx_word' id='word_1_141' title='bbox 727 2064 959 2131; x_wconf 65' lang='lat' dir='ltr'><strong>rainstesten</strong></span> <span class='ocrx_word' id='word_1_142' title='bbox 980 2061 1254 2145; x_wconf 74' lang='grc' dir='ltr'><strong><em>προσκαλουμένων</em></strong></span> <span class='ocrx_word' id='word_1_143' title='bbox 1276 2065 1330 2128; x_wconf 80' lang='grc' dir='ltr'><strong><em>οὐκ</em></strong></span> 
     </span>
     <span class='ocr_line' id='line_1_18' title="bbox 143 2163 1330 2254; baseline -0.003 -17"><span class='ocrx_word' id='word_1_144' title='bbox 143 2168 304 2246; x_wconf 86' lang='grc' dir='ltr'><strong><em>έδίδοσοιν,</em></strong></span> <span class='ocrx_word' id='word_1_145' title='bbox 335 2166 393 2253; x_wconf 92' lang='grc' dir='ltr'><strong>(ρυί</strong></span> <span class='ocrx_word' id='word_1_146' title='bbox 419 2163 589 2234; x_wconf 88' lang='lat' dir='ltr'><strong>lectionem</strong></span> <span class='ocrx_word' id='word_1_147' title='bbox 613 2167 1006 2249; x_wconf 61' lang='lat' dir='ltr'><strong>memorationem.</strong></span> <span class='ocrx_word' id='word_1_148' title='bbox 1034 2165 1174 2233; x_wconf 91' lang='lat' dir='ltr'><strong>oblatam</strong></span> <span class='ocrx_word' id='word_1_149' title='bbox 1204 2186 1330 2254; x_wconf 89' lang='lat' dir='ltr'><strong>spreve-</strong></span> 
     </span>
     <span class='ocr_line' id='line_1_19' title="bbox 142 2270 1332 2343; baseline -0.003 0"><span class='ocrx_word' id='word_1_150' title='bbox 142 2282 227 2343; x_wconf 84' lang='lat' dir='ltr'><strong>runt</strong></span> <span class='ocrx_word' id='word_1_151' title='bbox 258 2270 411 2339; x_wconf 83' lang='lat' dir='ltr'><strong>ridentur</strong></span> <span class='ocrx_word' id='word_1_152' title='bbox 440 2270 521 2337; x_wconf 87' lang='lat' dir='ltr'><strong>mibi</strong></span> <span class='ocrx_word' id='word_1_153' title='bbox 553 2272 658 2339; x_wconf 89' lang='lat' dir='ltr'><strong>locum</strong></span> <span class='ocrx_word' id='word_1_154' title='bbox 690 2293 754 2339; x_wconf 91' lang='lat' dir='ltr'><strong>nou</strong></span> <span class='ocrx_word' id='word_1_155' title='bbox 788 2275 867 2340; x_wconf 91' lang='lat' dir='ltr'><strong>satis</strong></span> <span class='ocrx_word' id='word_1_156' title='bbox 896 2272 1101 2340; x_wconf 82' lang='lat' dir='ltr'><strong>intellexisse.</strong></span> <span class='ocrx_word' id='word_1_157' title='bbox 1147 2271 1332 2340; x_wconf 84' lang='lat' dir='ltr'><strong>llindorlius</strong></span> 
     </span>
     <span class='ocr_line' id='line_1_20' title="bbox 143 2374 1330 2466; baseline -0.002 -19"><span class='ocrx_word' id='word_1_158' title='bbox 143 2377 181 2447; x_wconf 79' lang='lat' dir='ltr'><strong>lo</strong></span> <span class='ocrx_word' id='word_1_159' title='bbox 216 2395 360 2447; x_wconf 82' lang='lat' dir='ltr'><strong>errorem</strong></span> <span class='ocrx_word' id='word_1_160' title='bbox 387 2374 542 2443; x_wconf 89' lang='lat' dir='ltr'><strong>inductus</strong></span> <span class='ocrx_word' id='word_1_161' title='bbox 573 2397 593 2443; x_wconf 87' lang='lat' dir='ltr'><strong>a</strong></span> <span class='ocrx_word' id='word_1_162' title='bbox 624 2377 744 2443; x_wconf 89' lang='lat' dir='ltr'><strong>Zcunio</strong></span> <span class='ocrx_word' id='word_1_163' title='bbox 779 2387 851 2457; x_wconf 88' lang='lat' dir='ltr'><strong>est,</strong></span> <span class='ocrx_word' id='word_1_164' title='bbox 881 2380 938 2466; x_wconf 99' lang='grc' dir='ltr'><strong>(ρυί</strong></span> <span class='ocrx_word' id='word_1_165' title='bbox 967 2376 1056 2444; x_wconf 89' lang='lat' dir='ltr'><strong>adl.</strong></span> <span class='ocrx_word' id='word_1_166' title='bbox 1082 2398 1134 2442; x_wconf 83' lang='lat' dir='ltr'><strong>vn.</strong></span> <span class='ocrx_word' id='word_1_167' title='bbox 1161 2381 1213 2443; x_wconf 79' lang='grc'><strong>11.</strong></span> <span class='ocrx_word' id='word_1_168' title='bbox 1241 2379 1330 2453; x_wconf 79' lang='grc' dir='ltr'><strong><em>δίκας</em></strong></span> 
     </span>
     <span class='ocr_line' id='line_1_21' title="bbox 143 2480 1330 2568; baseline 0.001 -19"><span class='ocrx_word' id='word_1_169' title='bbox 143 2480 422 2567; x_wconf 71' lang='grc' dir='ltr'><strong><em>προσκαλουμένων</em></strong></span> <span class='ocrx_word' id='word_1_170' title='bbox 450 2482 649 2568; x_wconf 78' lang='lat' dir='ltr'><strong>coniungens</strong></span> <span class='ocrx_word' id='word_1_171' title='bbox 680 2482 791 2550; x_wconf 89' lang='lat' dir='ltr'><strong>docuit</strong></span> <span class='ocrx_word' id='word_1_172' title='bbox 824 2484 948 2551; x_wconf 88' lang='lat' dir='ltr'><strong>scilicet</strong></span> <span class='ocrx_word' id='word_1_173' title='bbox 977 2483 1066 2557; x_wconf 81' lang='grc' dir='ltr'><strong><em>δίκας</em></strong></span> <span class='ocrx_word' id='word_1_174' title='bbox 1088 2486 1330 2566; x_wconf 81' lang='grc' dir='ltr'><strong><em>προσκαλεῑσίαι</em></strong></span> 
     </span>
     <span class='ocr_line' id='line_1_22' title="bbox 143 2586 1332 2669; baseline 0.002 -15"><span class='ocrx_word' id='word_1_175' title='bbox 143 2608 220 2659; x_wconf 73' lang='lat' dir='ltr'><strong>ouo</strong></span> <span class='ocrx_word' id='word_1_176' title='bbox 244 2588 318 2669; x_wconf 72' lang='grc' dir='ltr'><strong><em>πρὸς</em></strong></span> <span class='ocrx_word' id='word_1_177' title='bbox 345 2586 434 2658; x_wconf 81' lang='grc' dir='ltr'><strong><em>δίκαι</em></strong></span> <span class='ocrx_word' id='word_1_178' title='bbox 456 2591 642 2667; x_wconf 70' lang='grc' dir='ltr'><strong><em>καλεῖσθαι,</em></strong></span> <span class='ocrx_word' id='word_1_179' title='bbox 671 2596 708 2654; x_wconf 90' lang='lat' dir='ltr'><strong>ut</strong></span> <span class='ocrx_word' id='word_1_180' title='bbox 730 2589 966 2656; x_wconf 75' lang='lat' dir='ltr'><strong>demonstraret</strong></span> <span class='ocrx_word' id='word_1_181' title='bbox 989 2588 1231 2669; x_wconf 77' lang='grc' dir='ltr'><strong><em>προσκαλεῖσθαι</em></strong></span> <span class='ocrx_word' id='word_1_182' title='bbox 1262 2610 1332 2656; x_wconf 86' lang='lat' dir='ltr'><strong>csse</strong></span> 
     </span>
     <span class='ocr_line' id='line_1_23' title="bbox 142 2691 1333 2777; baseline 0.002 -18"><span class='ocrx_word' id='word_1_183' title='bbox 142 2692 388 2777; x_wconf 71' lang='grc' dir='ltr'><strong><em>παραγγέλλειν</em></strong></span> <span class='ocrx_word' id='word_1_184' title='bbox 408 2692 451 2765; x_wconf 82' lang='grc' dir='ltr'><strong>είς</strong></span> <span class='ocrx_word' id='word_1_185' title='bbox 475 2691 559 2769; x_wconf 74' lang='grc' dir='ltr'><strong><em>δίκην</em></strong></span> <span class='ocrx_word' id='word_1_186' title='bbox 581 2701 614 2760; x_wconf 88' lang='lat' dir='ltr'><strong>et</strong></span> <span class='ocrx_word' id='word_1_187' title='bbox 637 2694 823 2776; x_wconf 75' lang='grc' dir='ltr'><strong><em>πρόσκλησις</em></strong></span> <span class='ocrx_word' id='word_1_188' title='bbox 846 2697 865 2771; x_wconf 74' lang='grc' dir='ltr'><em>ἡ</em></span> <span class='ocrx_word' id='word_1_189' title='bbox 884 2696 928 2769; x_wconf 83' lang='grc' dir='ltr'><strong>είς</strong></span> <span class='ocrx_word' id='word_1_190' title='bbox 946 2694 1117 2776; x_wconf 77' lang='grc' dir='ltr'><strong><em>δικαενίριον</em></strong></span> <span class='ocrx_word' id='word_1_191' title='bbox 1141 2702 1269 2772; x_wconf 76' lang='grc' dir='ltr'><strong><em>κλῆσις,</em></strong></span> <span class='ocrx_word' id='word_1_192' title='bbox 1292 2693 1333 2762; x_wconf 85' lang='lat' dir='ltr'><strong>tle</strong></span> 
     </span>
     <span class='ocr_line' id='line_1_24' title="bbox 142 2795 1332 2891; baseline -0.003 -22"><span class='ocrx_word' id='word_1_193' title='bbox 142 2818 213 2891; x_wconf 73' lang='lat' dir='ltr'><strong>qna</strong></span> <span class='ocrx_word' id='word_1_194' title='bbox 239 2816 278 2867; x_wconf 88' lang='lat' dir='ltr'><strong>re</strong></span> <span class='ocrx_word' id='word_1_195' title='bbox 307 2795 396 2864; x_wconf 89' lang='lat' dir='ltr'><strong>nulla</strong></span> <span class='ocrx_word' id='word_1_196' title='bbox 427 2815 582 2885; x_wconf 88' lang='lat' dir='ltr'><strong>umquam</strong></span> <span class='ocrx_word' id='word_1_197' title='bbox 608 2797 670 2865; x_wconf 86' lang='lat' dir='ltr'><strong>luit</strong></span> <span class='ocrx_word' id='word_1_198' title='bbox 700 2799 869 2866; x_wconf 88' lang='lat' dir='ltr'><strong>dubitatio.</strong></span> <span class='ocrx_word' id='word_1_199' title='bbox 922 2800 1116 2875; x_wconf 71' lang='grc' dir='ltr'><strong><em>λαλεῖσθαι,</em></strong></span> <span class='ocrx_word' id='word_1_200' title='bbox 1146 2808 1332 2882; x_wconf 77' lang='grc' dir='ltr'><strong><em>προσκαλεῖ-</em></strong></span> 
     </span>
     <span class='ocr_line' id='line_1_25' title="bbox 142 2903 1332 2990; baseline 0 -20"><span class='ocrx_word' id='word_1_201' title='bbox 142 2906 218 2975; x_wconf 75' lang='grc' dir='ltr'><strong><em>σΙιι</em></strong></span> <span class='ocrx_word' id='word_1_202' title='bbox 246 2910 281 2971; x_wconf 79' lang='lat' dir='ltr'><strong>et</strong></span> <span class='ocrx_word' id='word_1_203' title='bbox 309 2910 437 2981; x_wconf 74' lang='grc' dir='ltr'><strong><em>κλῆσις,</em></strong></span> <span class='ocrx_word' id='word_1_204' title='bbox 467 2903 655 2983; x_wconf 75' lang='grc' dir='ltr'><strong><em>πρόσκλησις</em></strong></span> <span class='ocrx_word' id='word_1_205' title='bbox 680 2905 894 2971; x_wconf 74' lang='lat' dir='ltr'><strong>usitatissima</strong></span> <span class='ocrx_word' id='word_1_206' title='bbox 916 2913 994 2971; x_wconf 86' lang='lat' dir='ltr'><strong>sunt</strong></span> <span class='ocrx_word' id='word_1_207' title='bbox 1016 2915 1048 2971; x_wconf 88' lang='lat' dir='ltr'><strong>et</strong></span> <span class='ocrx_word' id='word_1_208' title='bbox 1073 2904 1193 2990; x_wconf 86' lang='lat' dir='ltr'><strong>passim</strong></span> <span class='ocrx_word' id='word_1_209' title='bbox 1219 2922 1332 2970; x_wconf 82' lang='lat' dir='ltr'><strong>occur·</strong></span> 
     </span>
     <span class='ocr_line' id='line_1_26' title="bbox 141 3006 1407 3096; baseline -0.006 -16"><span class='ocrx_word' id='word_1_210' title='bbox 141 3018 227 3081; x_wconf 80' lang='lat' dir='ltr'><strong>mut</strong></span> <span class='ocrx_word' id='word_1_211' title='bbox 250 3008 291 3075; x_wconf 89' lang='lat' dir='ltr'><strong>dc</strong></span> <span class='ocrx_word' id='word_1_212' title='bbox 317 3008 381 3085; x_wconf 84' lang='lat' dir='ltr'><strong>iis,</strong></span> <span class='ocrx_word' id='word_1_213' title='bbox 411 3007 468 3094; x_wconf 88' lang='lat' dir='ltr'><strong>qui</strong></span> <span class='ocrx_word' id='word_1_214' title='bbox 490 3006 588 3074; x_wconf 85' lang='lat' dir='ltr'><strong>alicui</strong></span> <span class='ocrx_word' id='word_1_215' title='bbox 609 3010 692 3075; x_wconf 68' lang='lat' dir='ltr'><strong>diem</strong></span> <span class='ocrx_word' id='word_1_216' title='bbox 714 3011 829 3076; x_wconf 78' lang='lat' dir='ltr'><strong>dicunt.</strong></span> <span class='ocrx_word' id='word_1_217' title='bbox 877 3010 989 3096; x_wconf 84' lang='lat' dir='ltr'><strong>ltaque</strong></span> <span class='ocrx_word' id='word_1_218' title='bbox 1013 3010 1041 3075; x_wconf 93' lang='lat' dir='ltr'><strong>si</strong></span> <span class='ocrx_word' id='word_1_219' title='bbox 1069 3009 1144 3096; x_wconf 87' lang='lat' dir='ltr'><strong>quis</strong></span> <span class='ocrx_word' id='word_1_220' title='bbox 1171 3027 1266 3095; x_wconf 85' lang='lat' dir='ltr'><strong>quem</strong></span> <span class='ocrx_word' id='word_1_221' title='bbox 1296 3009 1331 3073; x_wconf 81' lang='lat' dir='ltr'><strong>in</strong></span> <span class='ocrx_word' id='word_1_222' title='bbox 1401 3023 1407 3032; x_wconf 88' lang='lat'><strong>·</strong></span> 
     </span>
     <span class='ocr_line' id='line_1_27' title="bbox 140 3110 1329 3195; baseline -0.002 -14"><span class='ocrx_word' id='word_1_223' title='bbox 140 3116 296 3187; x_wconf 64' lang='lat' dir='ltr'><strong>Melum</strong></span> <span class='ocrx_word' id='word_1_224' title='bbox 317 3110 508 3178; x_wconf 78' lang='lat' dir='ltr'><strong>odduolurttt</strong></span> <span class='ocrx_word' id='word_1_225' title='bbox 528 3122 577 3179; x_wconf 84' lang='lat' dir='ltr'><strong>est</strong></span> <span class='ocrx_word' id='word_1_226' title='bbox 599 3114 626 3180; x_wconf 83' lang='lat' dir='ltr'><strong>is</strong></span> <span class='ocrx_word' id='word_1_227' title='bbox 648 3124 705 3181; x_wconf 86' lang='lat' dir='ltr'><strong>aut</strong></span> <span class='ocrx_word' id='word_1_228' title='bbox 724 3118 886 3180; x_wconf 71' lang='lat' dir='ltr'><strong>consistat</strong></span> <span class='ocrx_word' id='word_1_229' title='bbox 910 3123 968 3180; x_wconf 85' lang='lat' dir='ltr'><strong>aut</strong></span> <span class='ocrx_word' id='word_1_230' title='bbox 987 3117 1227 3195; x_wconf 75' lang='grc' dir='ltr'><strong><em>προσκαλεῖσθαι</em></strong></span> <span class='ocrx_word' id='word_1_231' title='bbox 1252 3113 1329 3179; x_wconf 85' lang='lat' dir='ltr'><strong>dici-</strong></span> 
     </span>
     <span class='ocr_line' id='line_1_28' title="bbox 143 3215 1330 3306; baseline -0.001 -19"><span class='ocrx_word' id='word_1_232' title='bbox 143 3232 222 3301; x_wconf 68' lang='lat' dir='ltr'><strong>tnr,</strong></span> <span class='ocrx_word' id='word_1_233' title='bbox 243 3228 278 3287; x_wconf 86' lang='lat' dir='ltr'><strong>ot</strong></span> <span class='ocrx_word' id='word_1_234' title='bbox 299 3215 404 3285; x_wconf 86' lang='lat' dir='ltr'><strong>sicubi</strong></span> <span class='ocrx_word' id='word_1_235' title='bbox 425 3217 458 3281; x_wconf 89' lang='lat' dir='ltr'><strong>in</strong></span> <span class='ocrx_word' id='word_1_236' title='bbox 480 3215 573 3284; x_wconf 91' lang='lat' dir='ltr'><strong>libris</strong></span> <span class='ocrx_word' id='word_1_237' title='bbox 593 3223 813 3302; x_wconf 76' lang='grc' dir='ltr'><strong><em>προκαλεῖσθαι</em></strong></span> <span class='ocrx_word' id='word_1_238' title='bbox 835 3219 992 3306; x_wconf 88' lang='lat' dir='ltr'><strong>scriptum</strong></span> <span class='ocrx_word' id='word_1_239' title='bbox 1015 3228 1087 3295; x_wconf 89' lang='lat' dir='ltr'><strong>cst,</strong></span> <span class='ocrx_word' id='word_1_240' title='bbox 1111 3237 1240 3284; x_wconf 86' lang='lat' dir='ltr'><strong>summo</strong></span> <span class='ocrx_word' id='word_1_241' title='bbox 1261 3218 1330 3286; x_wconf 88' lang='lat' dir='ltr'><strong>iuro</strong></span> 
     </span>
     <span class='ocr_line' id='line_1_29' title="bbox 142 3322 1329 3410; baseline -0.002 -17"><span class='ocrx_word' id='word_1_242' title='bbox 142 3324 348 3397; x_wconf 68' lang='lat' dir='ltr'><strong>confidenter</strong></span> <span class='ocrx_word' id='word_1_243' title='bbox 367 3325 607 3403; x_wconf 75' lang='grc' dir='ltr'><strong><em>προσκαλεῖσθαι</em></strong></span> <span class='ocrx_word' id='word_1_244' title='bbox 631 3324 826 3391; x_wconf 85' lang='lat' dir='ltr'><strong>emendabis.</strong></span> <span class='ocrx_word' id='word_1_245' title='bbox 873 3324 909 3389; x_wconf 89' lang='lat' dir='ltr'><strong>ld</strong></span> <span class='ocrx_word' id='word_1_246' title='bbox 928 3332 1037 3391; x_wconf 88' lang='lat' dir='ltr'><strong>autem</strong></span> <span class='ocrx_word' id='word_1_247' title='bbox 1061 3343 1156 3410; x_wconf 89' lang='lat' dir='ltr'><strong>saepe</strong></span> <span class='ocrx_word' id='word_1_248' title='bbox 1179 3322 1243 3391; x_wconf 86' lang='lat' dir='ltr'><strong>iam</strong></span> <span class='ocrx_word' id='word_1_249' title='bbox 1266 3322 1329 3391; x_wconf 83' lang='lat' dir='ltr'><strong>lac·</strong></span> 
     </span>
     <span class='ocr_line' id='line_1_30' title="bbox 143 3426 1330 3517; baseline -0.004 -18"><span class='ocrx_word' id='word_1_250' title='bbox 143 3444 220 3503; x_wconf 79' lang='lat' dir='ltr'><strong>tom</strong></span> <span class='ocrx_word' id='word_1_251' title='bbox 238 3438 289 3499; x_wconf 83' lang='lat' dir='ltr'><strong>ost</strong></span> <span class='ocrx_word' id='word_1_252' title='bbox 309 3438 342 3495; x_wconf 90' lang='lat' dir='ltr'><strong>ct</strong></span> <span class='ocrx_word' id='word_1_253' title='bbox 357 3446 452 3514; x_wconf 81' lang='lat' dir='ltr'><strong>saepe</strong></span> <span class='ocrx_word' id='word_1_254' title='bbox 470 3428 568 3494; x_wconf 89' lang='lat' dir='ltr'><strong>etiam</strong></span> <span class='ocrx_word' id='word_1_255' title='bbox 590 3430 654 3495; x_wconf 88' lang='lat' dir='ltr'><strong>erit</strong></span> <span class='ocrx_word' id='word_1_256' title='bbox 673 3429 875 3507; x_wconf 86' lang='lat' dir='ltr'><strong>laciendum,</strong></span> <span class='ocrx_word' id='word_1_257' title='bbox 897 3430 974 3515; x_wconf 87' lang='lat' dir='ltr'><strong>quia</strong></span> <span class='ocrx_word' id='word_1_258' title='bbox 995 3428 1104 3495; x_wconf 88' lang='lat' dir='ltr'><strong>nullus</strong></span> <span class='ocrx_word' id='word_1_259' title='bbox 1125 3426 1207 3494; x_wconf 88' lang='lat' dir='ltr'><strong>liber</strong></span> <span class='ocrx_word' id='word_1_260' title='bbox 1229 3430 1330 3517; x_wconf 85' lang='lat' dir='ltr'><strong>scrip·</strong></span> 
     </span>
     <span class='ocr_line' id='line_1_31' title="bbox 145 3532 1329 3620; baseline -0.005 -13"><span class='ocrx_word' id='word_1_261' title='bbox 145 3550 204 3607; x_wconf 84' lang='lat' dir='ltr'><strong>too</strong></span> <span class='ocrx_word' id='word_1_262' title='bbox 228 3542 352 3611; x_wconf 82' lang='lat' dir='ltr'><strong>exstat,</strong></span> <span class='ocrx_word' id='word_1_263' title='bbox 382 3533 416 3599; x_wconf 90' lang='lat' dir='ltr'><strong>in</strong></span> <span class='ocrx_word' id='word_1_264' title='bbox 439 3552 502 3618; x_wconf 83' lang='lat' dir='ltr'><strong>quo</strong></span> <span class='ocrx_word' id='word_1_265' title='bbox 526 3553 589 3599; x_wconf 91' lang='lat' dir='ltr'><strong>nou</strong></span> <span class='ocrx_word' id='word_1_266' title='bbox 617 3535 753 3602; x_wconf 86' lang='lat' dir='ltr'><strong>subinde</strong></span> <span class='ocrx_word' id='word_1_267' title='bbox 774 3535 831 3617; x_wconf 84' lang='grc' dir='ltr'><strong>πρέ</strong></span> <span class='ocrx_word' id='word_1_268' title='bbox 854 3543 886 3601; x_wconf 91' lang='lat' dir='ltr'><strong>et</strong></span> <span class='ocrx_word' id='word_1_269' title='bbox 909 3534 981 3616; x_wconf 82' lang='grc' dir='ltr'><strong><em>πρίς</em></strong></span> <span class='ocrx_word' id='word_1_270' title='bbox 1006 3534 1112 3620; x_wconf 89' lang='lat' dir='ltr'><strong>inepte</strong></span> <span class='ocrx_word' id='word_1_271' title='bbox 1133 3532 1329 3601; x_wconf 85' lang='lat' dir='ltr'><strong>conlaudan-</strong></span> 
     </span>
     <span class='ocr_line' id='line_1_32' title="bbox 142 3637 1329 3731; baseline -0.003 -22"><span class='ocrx_word' id='word_1_272' title='bbox 142 3652 204 3715; x_wconf 70' lang='grc' dir='ltr'><strong><em>λιιι·</em></strong></span> <span class='ocrx_word' id='word_1_273' title='bbox 230 3638 422 3731; x_wconf 80' lang='lat' dir='ltr'><strong>praesertim</strong></span> <span class='ocrx_word' id='word_1_274' title='bbox 444 3638 478 3704; x_wconf 93' lang='lat' dir='ltr'><strong>in</strong></span> <span class='ocrx_word' id='word_1_275' title='bbox 512 3639 616 3704; x_wconf 84' lang='lat' dir='ltr'><strong>verbis</strong></span> <span class='ocrx_word' id='word_1_276' title='bbox 639 3640 842 3728; x_wconf 89' lang='lat' dir='ltr'><strong>compositis,</strong></span> <span class='ocrx_word' id='word_1_277' title='bbox 866 3637 921 3707; x_wconf 88' lang='lat' dir='ltr'><strong>sed</strong></span> <span class='ocrx_word' id='word_1_278' title='bbox 945 3640 1021 3725; x_wconf 87' lang='lat' dir='ltr'><strong>quia</strong></span> <span class='ocrx_word' id='word_1_279' title='bbox 1050 3647 1177 3705; x_wconf 87' lang='lat' dir='ltr'><strong>certum</strong></span> <span class='ocrx_word' id='word_1_280' title='bbox 1204 3647 1238 3705; x_wconf 91' lang='lat' dir='ltr'><strong>ct</strong></span> <span class='ocrx_word' id='word_1_281' title='bbox 1261 3660 1329 3727; x_wconf 86' lang='lat' dir='ltr'><strong>per·</strong></span> 
     </span>
     <span class='ocr_line' id='line_1_33' title="bbox 142 3741 1330 3841; baseline -0.004 -25"><span class='ocrx_word' id='word_1_282' title='bbox 142 3750 297 3841; x_wconf 73' lang='lat' dir='ltr'><strong>epicurum</strong></span> <span class='ocrx_word' id='word_1_283' title='bbox 326 3744 446 3831; x_wconf 87' lang='lat' dir='ltr'><strong>ubique</strong></span> <span class='ocrx_word' id='word_1_284' title='bbox 470 3741 644 3811; x_wconf 89' lang='lat' dir='ltr'><strong>discrimen</strong></span> <span class='ocrx_word' id='word_1_285' title='bbox 666 3756 737 3824; x_wconf 86' lang='lat' dir='ltr'><strong>est,</strong></span> <span class='ocrx_word' id='word_1_286' title='bbox 764 3764 922 3832; x_wconf 82' lang='lat' dir='ltr'><strong>nusquam</strong></span> <span class='ocrx_word' id='word_1_287' title='bbox 952 3754 1003 3811; x_wconf 86' lang='lat' dir='ltr'><strong>est</strong></span> <span class='ocrx_word' id='word_1_288' title='bbox 1032 3744 1130 3811; x_wconf 90' lang='lat' dir='ltr'><strong>dubia</strong></span> <span class='ocrx_word' id='word_1_289' title='bbox 1152 3753 1185 3810; x_wconf 92' lang='lat' dir='ltr'><strong>et</strong></span> <span class='ocrx_word' id='word_1_290' title='bbox 1212 3764 1330 3832; x_wconf 85' lang='lat' dir='ltr'><strong>anceps</strong></span> 
     </span>
     <span class='ocr_line' id='line_1_34' title="bbox 142 3847 1329 3945; baseline -0.004 -26"><span class='ocrx_word' id='word_1_291' title='bbox 142 3856 244 3945; x_wconf 82' lang='lat' dir='ltr'><strong>optio.</strong></span> <span class='ocrx_word' id='word_1_292' title='bbox 298 3851 411 3937; x_wconf 86' lang='lat' dir='ltr'><strong>ltaque</strong></span> <span class='ocrx_word' id='word_1_293' title='bbox 439 3849 473 3914; x_wconf 87' lang='lat' dir='ltr'><strong>in</strong></span> <span class='ocrx_word' id='word_1_294' title='bbox 501 3848 669 3917; x_wconf 76' lang='lat' dir='ltr'><strong>Helleni</strong></span> <span class='ocrx_word' id='word_1_295' title='bbox 695 3872 748 3917; x_wconf 83' lang='lat' dir='ltr'><strong>vir.</strong></span> <span class='ocrx_word' id='word_1_296' title='bbox 781 3856 833 3917; x_wconf 77' lang='lat'><strong>12.</strong></span> <span class='ocrx_word' id='word_1_297' title='bbox 867 3869 1063 3938; x_wconf 84' lang='lat' dir='ltr'><strong>quamquam</strong></span> <span class='ocrx_word' id='word_1_298' title='bbox 1093 3850 1126 3915; x_wconf 94' lang='lat' dir='ltr'><strong>in</strong></span> <span class='ocrx_word' id='word_1_299' title='bbox 1156 3847 1248 3915; x_wconf 90' lang='lat' dir='ltr'><strong>libris</strong></span> <span class='ocrx_word' id='word_1_300' title='bbox 1278 3858 1329 3915; x_wconf 92' lang='lat' dir='ltr'><strong>est</strong></span> 
     </span>
     <span class='ocr_line' id='line_1_35' title="bbox 142 3952 1330 4039; baseline -0.01 -10"><span class='ocrx_word' id='word_1_301' title='bbox 142 3960 189 4029; x_wconf 67' lang='lat' dir='ltr'><strong>d</strong></span> <span class='ocrx_word' id='word_1_302' title='bbox 222 3974 326 4025; x_wconf 80' lang='lat' dir='ltr'><strong>unum</strong></span> <span class='ocrx_word' id='word_1_303' title='bbox 363 3952 515 4021; x_wconf 84' lang='lat' dir='ltr'><strong>omnibus</strong></span> <span class='ocrx_word' id='word_1_304' title='bbox 557 3955 747 4035; x_wconf 81' lang='grc' dir='ltr'><strong><em>Καλλίξενον</em></strong></span> <span class='ocrx_word' id='word_1_305' title='bbox 788 3956 1124 4039; x_wconf 79' lang='grc' dir='ltr'><strong><em>προεκαλέσαντο</em></strong></span> <span class='ocrx_word' id='word_1_306' title='bbox 1161 3953 1330 4036; x_wconf 83' lang='grc' dir='ltr'><strong><em>παριίνομα</em></strong></span> 
     </span>
     <span class='ocr_line' id='line_1_36' title="bbox 140 4057 1328 4153; baseline -0.003 -24"><span class='ocrx_word' id='word_1_307' title='bbox 140 4064 321 4153; x_wconf 65' lang='grc' dir='ltr'><strong><em>φάσκοντες</em></strong></span> <span class='ocrx_word' id='word_1_308' title='bbox 354 4061 638 4144; x_wconf 85' lang='grc' dir='ltr'><strong><em>συγγεγραφέναι,</em></strong></span> <span class='ocrx_word' id='word_1_309' title='bbox 675 4072 781 4129; x_wconf 91' lang='lat' dir='ltr'><strong>tamen</strong></span> <span class='ocrx_word' id='word_1_310' title='bbox 817 4060 910 4127; x_wconf 80' lang='lat' dir='ltr'><strong>facile</strong></span> <span class='ocrx_word' id='word_1_311' title='bbox 942 4057 1108 4147; x_wconf 80' lang='lat' dir='ltr'><strong>apparebit</strong></span> <span class='ocrx_word' id='word_1_312' title='bbox 1141 4059 1328 4141; x_wconf 84' lang='grc' dir='ltr'><strong><em>προσεκαλέ-</em></strong></span> 
     </span>
     <span class='ocr_line' id='line_1_37' title="bbox 140 4164 1329 4253; baseline -0.002 -20"><span class='ocrx_word' id='word_1_313' title='bbox 140 4194 243 4243; x_wconf 70' lang='lat' dir='ltr'><strong>um</strong></span> <span class='ocrx_word' id='word_1_314' title='bbox 262 4186 371 4237; x_wconf 82' lang='lat' dir='ltr'><strong>ueram</strong></span> <span class='ocrx_word' id='word_1_315' title='bbox 394 4166 592 4253; x_wconf 85' lang='lat' dir='ltr'><strong>scripturam</strong></span> <span class='ocrx_word' id='word_1_316' title='bbox 620 4190 699 4237; x_wconf 88' lang='lat' dir='ltr'><strong>csse.</strong></span> <span class='ocrx_word' id='word_1_317' title='bbox 747 4171 916 4236; x_wconf 87' lang='lat' dir='ltr'><strong>Praeterea</strong></span> <span class='ocrx_word' id='word_1_318' title='bbox 935 4166 992 4252; x_wconf 85' lang='lat' dir='ltr'><strong>qni</strong></span> <span class='ocrx_word' id='word_1_319' title='bbox 1014 4182 1124 4232; x_wconf 88' lang='lat' dir='ltr'><strong>rerum</strong></span> <span class='ocrx_word' id='word_1_320' title='bbox 1146 4164 1329 4231; x_wconf 76' lang='lat' dir='ltr'><strong>Atticarum</strong></span> 
     </span>
     <span class='ocr_line' id='line_1_38' title="bbox 141 4269 1330 4358; baseline -0.009 -10"><span class='ocrx_word' id='word_1_321' title='bbox 141 4284 179 4349; x_wconf 83' lang='lat' dir='ltr'><strong>ct</strong></span> <span class='ocrx_word' id='word_1_322' title='bbox 200 4274 372 4345; x_wconf 79' lang='lat' dir='ltr'><strong>vorborum</strong></span> <span class='ocrx_word' id='word_1_323' title='bbox 392 4270 489 4358; x_wconf 83' lang='lat' dir='ltr'><strong>periti</strong></span> <span class='ocrx_word' id='word_1_324' title='bbox 509 4282 586 4339; x_wconf 88' lang='lat' dir='ltr'><strong>snm</strong></span> <span class='ocrx_word' id='word_1_325' title='bbox 613 4273 735 4341; x_wconf 89' lang='lat' dir='ltr'><strong>dabunt</strong></span> <span class='ocrx_word' id='word_1_326' title='bbox 755 4273 835 4341; x_wconf 83' lang='lat' dir='ltr'><strong>milii</strong></span> <span class='ocrx_word' id='word_1_327' title='bbox 863 4271 1033 4356; x_wconf 72' lang='grc' dir='ltr'><strong><em>παράνομα</em></strong></span> <span class='ocrx_word' id='word_1_328' title='bbox 1053 4307 1099 4320; x_wconf 91' lang='grc'>-</span> <span class='ocrx_word' id='word_1_329' title='bbox 1120 4269 1330 4355; x_wconf 83' lang='grc' dir='ltr'><strong><em>γεγραφί·</em></strong></span> 
     </span>
     <span class='ocr_line' id='line_1_39' title="bbox 141 4376 1330 4465; baseline -0.003 -16"><span class='ocrx_word' id='word_1_330' title='bbox 141 4408 215 4465; x_wconf 77' lang='grc' dir='ltr'><strong><em>ναι,</em></strong></span> <span class='ocrx_word' id='word_1_331' title='bbox 249 4400 311 4457; x_wconf 87' lang='lat' dir='ltr'><strong>ooo</strong></span> <span class='ocrx_word' id='word_1_332' title='bbox 341 4378 621 4463; x_wconf 82' lang='grc' dir='ltr'><strong><em>συγγεγραφέναι,</em></strong></span> <span class='ocrx_word' id='word_1_333' title='bbox 652 4382 751 4449; x_wconf 83' lang='lat' dir='ltr'><strong>scribi</strong></span> <span class='ocrx_word' id='word_1_334' title='bbox 777 4388 933 4465; x_wconf 86' lang='lat' dir='ltr'><strong>oportere.</strong></span> <span class='ocrx_word' id='word_1_335' title='bbox 980 4376 1161 4445; x_wconf 87' lang='lat' dir='ltr'><strong>lliscrimen</strong></span> <span class='ocrx_word' id='word_1_336' title='bbox 1183 4384 1250 4445; x_wconf 87' lang='lat' dir='ltr'><strong>tam</strong></span> <span class='ocrx_word' id='word_1_337' title='bbox 1275 4392 1330 4445; x_wconf 83' lang='lat' dir='ltr'><strong>ao-</strong></span> 
     </span>
    </p>
   </div>
   <div class='ocr_carea' id='block_1_3' title="bbox 0 0 1475 5010">
    <p class='ocr_par' dir='ltr' id='par_1_6' title="bbox 0 0 1475 5010">
     <span class='ocr_line' id='line_1_40' title="bbox 0 0 1475 5010; baseline 0 0"><span class='ocrx_word' id='word_1_338' title='bbox 0 0 1475 5010; x_wconf 95' lang='lat' dir='ltr'><strong> </strong></span> 
     </span>
    </p>
   </div>
  </div>
 </body>
</html>
