2940 5010
656 348 674 412 'i

295 525 416 604 ἔγνωκα
439 526 465 590 δ’
489 521 538 593 οὖν
561 522 655 599 οὕτως
676 523 947 615 ἐπισκοπούμενος,
1065 603 1066 607 ¹

294 625 373 697 εἶναι
392 631 528 710 μανιώδη
551 630 661 698 πένποο
683 631 863 713 ποὶνέρῶπων
887 627 974 706 ὅλως.

67 732 273 804 Nausierates
296 736 411 804 Athen.
439 736 504 803 vll.
530 739 606 803 296.
631 736 667 803 Α.

563 841 613 908 δύο
634 842 692 922 μέν
715 841 834 909 οὶποιλοὶ
858 842 910 909 καὶ
935 844 1027 910 καλοέ

296 947 475 1036 [ἐπώνυμοι]
498 951 552 1014 σοῦ
576 948 745 1015 ναυτίλοισι
766 947 922 1024 πολλάκις

290 1054 345 1130 ἤδη
368 1053 521 1138 φανέντος
545 1054 712 1133 πελαγίοις
733 1055 764 1119 ἔν
785 1053 960 1133 οὶγκοέλοιις.

222 1171 257 1225 Β.
287 1158 428 1238 γλαυκὸν
449 1159 566 1238 λέγεις.
598 1171 637 1225 Α.
662 1158 813 1238 ἔγνωκας.

65 1261 121 1329 ubi
144 1264 295 1345 ἐπώνυμοι
321 1261 458 1330 feliciter
481 1274 530 1331 est
554 1285 572 1331 a
596 1265 736 1332 Persona
760 1274 937 1354 repertum.
984 1265 1044 1332 Hie
1067 1284 1195 1352 queque
1220 1272 1255 1332 ut

64 1370 183 1456 passim
208 1370 240 1436 in
264 1369 427 1437 Athenaeo
449 1369 602 1437 librarius
623 1372 750 1450 omisit,
772 1391 854 1459 quae
875 1373 941 1440 situ
963 1380 1020 1438 aut
1039 1368 1168 1439 madere
1187 1391 1255 1438 eor·

63 1482 159 1562 rupta
182 1483 239 1543 aut
259 1474 394 1542 evanida
417 1475 568 1563 expedire
592 1496 654 1542 non
680 1478 793 1564 potuit.
828 1476 991 1566 Aristoph.
1015 1477 1098 1544 Nub.
1122 1481 1208 1545 1094

245 1577 307 1664 οἷρα
328 1582 395 1658 δῆτ’
418 1581 425 1670 Ι
451 1581 590 1662 ἔγνωκας
612 1584 651 1658 ὥς
675 1583 757 1649 οὐδὲν
777 1582 904 1663 λέγειςς

62 1693 95 1754 et
127 1685 213 1753 aiibi.
269 1687 335 1753 Hae
371 1687 477 1774 ipsurn
514 1689 615 1774 igitur
648 1688 762 1778 Lysiae
794 1686 993 1755 reddendum
1027 1708 1141 1756 censeo
1168 1689 1254 1755 κατα

62 1795 240 1872 Θεομνήςον
252 1796 295 1860 α’.
321 1791 403 1882 §20
423 1794 455 1858 iu
473 1792 598 1860 verbis:
625 1795 701 1861 ἀλλ’
713 1795 740 1861 ei
757 1795 802 1874 peis
815 1794 951 1877 σιδηροῦς
965 1792 1028 1863 έςὶν
1046 1791 1146 1874 οἴομαι
1159 1792 1255 1860 αὐτὸν
1326 1811 1328 1813 ’

61 1896 424 1978 έννουνγεγονέναι
445 1895 492 1965 ἔοι
513 1897 557 1965 σοὶ
581 1900 638 1979 μὲν
662 1897 846 1981 πράγματα
869 1899 976 1966 καύτοὶ
996 1900 1042 1969 έςι
1067 1904 1119 1966 νῦν
1137 1923 1174 1965 πε
1199 1897 1252 1965 καὶ

62 2001 178 2081 παλαι,
190 2010 249 2070 τῶν
259 2005 286 2070 δ’
298 2003 454 2081 ὀνομάτων
467 2005 552 2078 ἔνέοις
565 2006 598 2070 οὐ
611 2011 675 2078 τοῖς
689 2007 795 2078 αὐτοῖς
806 2005 956 2086 χρώμεθα
968 2008 1020 2070 νῦν
1032 2028 1068 2070 σε
1080 2004 1132 2070 καὶ
1145 2002 1256 2086 πρέοε·

61 2131 120 2190 ρον.
145 2107 230 2174 Nihil
255 2109 341 2175 enim
360 2107 450 2174 atiud
466 2108 627 2194 signifieat
646 2107 745 2184 ἔννους
765 2110 913 2189 γίγνεται
937 2127 1034 2194 quani
1057 2107 1100 2172 ad
1122 2129 1155 2174 ιο
1172 2109 1255 2175 redit
1328 2194 1331 2199 Ι

62 2212 246 2300 diciturque
259 2211 298 2280 de
315 2214 437 2300 e0‚qui
460 2220 517 2281 aut
536 2213 645 2282 ebrius
659 2214 721 2281 iuit
743 2225 799 2283 aut
824 2214 974 2292 insaniit,
995 2213 1169 2290 antisse,
1195 2215 1254 2301 qui

61 2337 159 2405 quam
182 2317 334 2386 stolidum
352 2320 393 2386 sit
407 2319 491 2406 quod
504 2328 578 2406 agat
593 2320 774 2408 intelligens
788 2320 902 2388 melius
915 2318 1085 2387 eonsilium
1098 2320 1201 2406 capit,
1217 2328 1254 2387 ut

60 2421 145 2510 apud
157 2424 403 2492 Demosthenem
424 2427 497 2507 πρὸς
516 2427 669 2510 Ὀνιὶοορα
687 2446 757 2514 pag.
771 2431 848 2494 876.
880 2425 977 2501 ἔννους
990 2426 1253 2506 γίγνεται--

60 2529 113 2596 καὶ
133 2529 166 2596 σέ
184 2538 281 2606 ποιεῖ;
304 2532 374 2606 σοὺς
395 2526 476 2613 ὅρους
496 2532 559 2597 dari
579 2541 635 2611 σῆς
656 2533 754 2608 οἰκίας
781 2534 915 2617 ἀφαιρεῖ
931 2531 998 2597 κτέ.
1035 2531 1122 2598 Fieri
1141 2539 1250 2599 autem

61 2654 124 2701 nun
148 2642 308 2721 potestat
331 2635 429 2712 ἔννους
446 2636 560 2716 γέγονε
583 2637 745 2726 significet
766 2639 897 2718 ἔγνωκε.
932 2635 1113 2723 scripserat
1136 2635 1253 2704 Orator

57 2738 160 2820 οἴομαι
183 2741 277 2808 αὑτὸν
301 2745 352 2807 νῦν
370 2746 404 2820 γ’
424 2742 590 2820 ἐγνωκέναι
614 2741 660 2810 ἔτι
684 2745 751 2811 κσέ.
777 2742 833 2809 ubi
853 2748 904 2810 νῦν
923 2743 956 2809 in
977 2746 1044 2809 νοῦν
1068 2740 1148 2808 abiit
1171 2741 1253 2809 levis

59 2853 223 2913 eorreetor
250 2845 349 2913 ἔννουν
378 2848 542 2927 γεγονέναι
573 2847 613 2916 tle
645 2869 703 2916 suo
735 2846 833 2916 dedit.
881 2829 983 2915 iubet
1012 2846 1123 2914 eadem
1155 2866 1251 2934 opera

58 2960 155 3040 turpe
176 2953 291 3019 vitium
317 2970 357 3018 ex
379 2953 575 3041 Antiphoute
599 2953 711 3023 toliere
736 2955 770 3021 in
791 2954 935 3022 oratione
956 2953 1024 3037 περὶ
1046 2958 1100 3019 τοῦ
1121 2954 1251 3035 Ἡρώδου

55 3057 151 3143 φόνου
182 3056 207 3150 8
238 3063 294 3127 44.
332 3058 418 3126 Reus
449 3058 608 3128 Herodem
647 3060 734 3129 seius
761 3067 859 3129 uoetu
891 3060 924 3125 ia
955 3058 1063 3125 littore
1093 3056 1250 3127 occidisse
1318 3104 1321 3108 -

57 3163 187 3232 dieitur.
225 3163 316 3247 Quod
339 3163 408 3232 fieri
429 3184 492 3232 non
517 3167 659 3252 potuisse
678 3174 711 3234 et
734 3164 806 3232 aliis
828 3165 1030 3250 argumentis
1050 3162 1250 3230 demonstrat

56 3277 89 3337 ot
111 3271 176 3337 sic:
201 3269 260 3336 ὑπὸ
283 3270 314 3336 δέ
336 3271 399 3344 ἑνὸς
423 3272 621 3349 ἀποθνήσκων
640 3269 707 3337 οὔτ’
726 3269 898 3351 οὶνέκραγιν
916 3267 981 3334 οὔτ’
1003 3266 1143 3344 αἴσθησιν
1166 3269 1246 3336 οὐδε·

56 3376 134 3456 μίαν
159 3375 300 3452 έποέκσεν
326 3373 398 3442 οὔτε
417 3382 481 3449 τοῖς
502 3376 532 3440 ἔν
552 3386 591 3460 τῇ
611 3385 655 3460 γῇ
675 3374 746 3442 οὔτε
765 3381 830 3450 τοῖς
851 3373 881 3440 ἔν
903 3375 945 3458 τῷ
968 3375 1082 3458 πλοέῳς
1108 3375 1160 3441 καὶ
1183 3375 1247 3454 μὴν

56 3481 163 3563 πολλῷ
194 3479 290 3548 πλέον
320 3505 365 3560 γε
394 3479 623 3560 οὶγνοεῖνέςι
647 3480 763 3565 νύκτωρ
786 3481 804 3559 ἢ
825 3481 894 3561 μεθ’
919 3479 1053 3563 ἡμέραν,
1076 3480 1127 3545 ἐπ’
1143 3481 1244 3557 exeat

57 3591 75 3666 ἢ
98 3586 184 3652 κατὰ
206 3584 314 3653 πόλιν.
339 3585 373 3652 in
397 3578 451 3652 his'
470 3611 510 3667 γε
533 3589 658 3668 ἀγνοεῖν
685 3607 782 3656 sensu
805 3605 944 3654 vacuum
967 3593 1031 3652 est:
1063 3583 1148 3672 quod
1173 3604 1244 3653 sen·

56 3691 159 3760 tentia
180 3689 242 3757 loni
266 3690 406 3778 postulat
426 3689 590 3769 ἐξακουςον
614 3693 813 3780 φθέγγεσθαι
835 3690 900 3769 uei,
923 3698 960 3758 ut
981 3690 1065 3778 apud
1089 3689 1243 3778 Antipha·

55 3816 130 3865 nem
160 3795 301 3863 vidimus
319 3798 395 3877 βοὴν
419 3794 502 3874 isari
523 3799 677 3880 γεγωνόν,
702 3798 790 3866 nullo
811 3797 938 3885 negotio
959 3815 997 3863 ex
1020 3794 1167 3882 reliquiis
1190 3794 1243 3862 de·

55 3911 206 3993 pravatae
223 3903 403 3989 scripturae
421 3904 562 3993 exseaipi
582 3906 696 3993 potuit.
730 3905 831 3972 Vetus
851 3903 947 3982 liber,
972 3900 1056 3969 unde
1074 3901 1243 3968 deterrimi

55 4010 158 4078 nostri
190 4008 316 4077 codices
344 4018 536 4089 manarunt,
567 4009 651 4078 hana
681 4010 851 4079 lectionem
880 4007 1042 4076 servabat:
1073 4013 1241 4073 ΠΛΕΟΝ·

54 4123 295 4193 ΙῈΓΩΝΕΙΝ,
319 4114 471 4184 librarius
496 4116 551 4185 uhi
576 4116 670 4186 πλέω
693 4142 733 4198 γε
759 4115 891 4183 dederat
918 4115 951 4180 in
976 4119 1146 4178 mNEIN
1170 4109 1242 4178 hae·

54 4242 130 4290 rens
149 4220 273 4289 extudit
289 4221 448 4291 Graecum
470 4223 661 4291 vocabulum
674 4222 899 4312 quodcumque
911 4226 944 4287 et
953 4221 1077 4298 ἀγνοεῖν
1095 4217 1241 4304 scripsit,

55 4348 156 4416 quum
184 4333 300 4413 πολλιῖἔ
321 4329 416 4395 πλέον
441 4337 592 4409 γεγωνεῖν
615 4329 661 4401 ἔςι
682 4329 796 4411 νύκτωρ
820 4328 838 4405 ἢ
861 4327 930 4406 μεθ’
960 4324 1076 4408 ἡμέραν
1100 4323 1241 4391 seribere

54 4433 228 4504 debuisset.
276 4435 429 4505 Eiusdem
459 4435 600 4505 levitatis
631 4443 664 4527 et
691 4434 832 4523 stuporis
860 4431 1005 4519 exempla
1033 4433 1065 4498 in
1099 4427 1242 4516 antiquis
