2940 5010
726 267 790 332 6⁹25

127 438 280 535 Ιτιιεήιι
304 448 321 522 ἣ
345 451 445 526 τρεῖς,
470 440 555 528 quoti
577 440 812 508 emendantium
839 449 887 507 est
910 440 949 507 ad
974 440 1033 508 hoo
1059 443 1302 533 Aristophanis:

334 555 457 617 Πλεῖν
478 549 495 625 ή
519 546 666 630 τριάκονθ’
691 547 806 628 ήμέρας
827 548 832 637 Ι
852 552 906 612 τοῦ
929 550 1023 627 μηνὸς
1048 548 1169 618 exesso.

98 662 102 687 ·'
197 652 369 723 Praeterea
401 661 526 733 κνήσμα
560 654 712 720 vitiosum
745 661 805 719 est.
860 653 1016 719 Dicebant
1045 664 1168 722 veteres
1200 666 1271 734 κνήν
1307 667 1339 724 et

98 816 105 841 ,
151 763 279 837 ιινήοθαι
304 780 362 848 pro
393 758 475 836 ξύειν
511 768 544 825 et
568 758 715 836 ξύεσθαι,
739 758 850 824 rodere
881 767 914 825 et
945 758 1101 847 scalpere,
1137 762 1246 848 itaque
1269 767 1338 841 κνή-

98 852 105 913 l
151 888 267 946 οματα
290 874 368 931 sunt
387 874 540 931 ramento.
587 863 732 930 Indidem
758 870 860 938 αιήτις
884 866 1030 930 nascitur
1053 875 1085 933 et
1106 869 1280 949 τνροανηςις
1305 878 1338 935 ot

149 973 286 1054 κνήςήρ,
309 979 456 1047 θῑκνήσις
481 974 673 1049 elevando,
694 971 843 1054 ρινιινιῗιηο
867 969 1023 1056 palmaria
1044 972 1266 1040 emendatione
1289 994 1336 1040 re·

98 1126 106 1207 f
151 1077 296 1166 positum
320 1096 338 1143 a
362 1075 551 1142 iieioekio
542 1096 575 1141 m
601 1075 735 1141 Anaxila
760 1074 914 1142 Athenaei
940 1097 969 1164 p.
991 1082 1032 1144 95
1058 1077 1092 1143 Β.

424 1181 517 1247 δεινὸν
487 1183 597 1261 ὸμὲν
621 1181 684 1263 γὰρ
708 1181 848 1263 ἔήίιχον

423 1287 563 1370 ῥύγχος,
588 1284 732 1369 riquino,
759 1291 946 1377 κνήσιῖιν,

148 1411 210 1481 pro
231 1390 254 1459 ὦ
277 1392 356 1477 <plne
379 1393 527 1469 Κινησία,
552 1401 583 1458 et
608 1404 718 1458 uotum
740 1401 788 1458 est
810 1400 918 1467 ανήσαι
941 1412 1182 1480 nonnumquam
1205 1395 1237 1459 in
1258 1407 1341 1473 κινή·

149 1522 206 1567 σαι
230 1496 331 1565 abire.
378 1497 462 1563 Bene
493 1497 637 1583 reposuit
667 1496 942 1586 Wytteobaolrius
976 1501 1102 1576 κνήσαις
1133 1500 1165 1564 in
1197 1501 1343 1568 Platonis

149 1598 267 1695 Symp.
300 1622 332 1690 p.
358 1606 434 1670 185.
461 1603 496 1668 Ε.
529 1603 700 1682 ἀναλαβών
730 1629 760 1670 τι
794 1610 927 1670 τοιοῦτον
956 1601 1004 1686 οἵῳ
1032 1606 1191 1680 κνήσαις
1222 1606 1260 1672 ἂν
1284 1611 1341 1685 τήν

147 1714 218 1795 lira
239 1726 297 1795 pro
317 1709 475 1785 κινήσαις,
499 1707 553 1774 sed
575 1710 706 1794 requiro
725 1708 799 1791 ὅτῳ
825 1710 901 1798 (non
922 1707 982 1796 οἵῳ)
1007 1712 1134 1786 κνήσαις
1152 1710 1202 1777 οἷν.
1239 1713 1341 1779 Unus·

147 1814 290 1904 quisque
322 1811 363 1878 ad
395 1811 478 1877 liano
511 1812 615 1879 lucem
658 1814 768 1878 statim
802 1813 985 1879 emendabit
1016 1814 1198 1881 Aristotelis
1234 1816 1339 1884 locum
1372 1838 1399 1893 J

149 1920 185 1989 in
224 1917 382 1986 Pretium.
409 1916 538 1987 XXXV.
571 1924 602 1985 8.
643 1920 695 1985 δια
726 1918 759 1984 rl
793 1919 847 1983 εὀὶν
880 1944 927 1993 τις
965 1920 1017 1984 τὸν
1052 1921 1119 2000 περὶ
1155 1922 1337 2003 μασχάλας

146 2023 245 2093 clm
274 2027 404 2107 κινήσῃ
435 2024 626 2103 lentorem
656 2031 688 2090 et
711 2043 784 2089 mox
808 2025 860 2090 διαὶ
890 2024 923 2090 σι’
953 2027 1053 2106 πτερῷ
1077 2027 1136 2098 τας
1170 2030 1253 2108 ῥῖνας
1287 2053 1339 2094 κι-

146 2133 356 2209 νήσαντες
386 2128 597 2210 ττήρνννται;
636 2129 795 2215 Perpetuo
819 2149 893 2194 oum
920 2129 971 2194 his
995 2128 1240 2196 confunduntur
1263 2142 1338 2200 nata

146 2234 281 2319 οιινίζιο
304 2234 421 2313 κνίσμα
445 2242 476 2300 et
505 2233 632 2314 κνισμός
658 2243 690 2299 et
718 2234 908 2313 κνισμώδνρς,
942 2254 1016 2299 nam
1038 2235 1084 2300 sio
1111 2235 1246 2323 utique,
1274 2259 1337 2306 non

146 2339 286 2420 ιινιρσμός
319 2347 352 2405 et
382 2340 559 2419 ιιννισμώδας
595 2340 801 2407 scribendum
835 2359 904 2405 esse
934 2360 1069 2406 censeo:
1102 2341 1211 2407 eodem
1246 2345 1339 2410 modo

148 2444 236 2535 apud
269 2443 513 2531 Xenophontem
550 2455 696 2512 erratum
729 2466 797 2512 esse
828 2445 903 2510 olim
936 2445 1151 2513 Sclmeiderus
1177 2452 1340 2535 perspexit

147 2552 270 2632 ανίσρια
293 2551 414 2638 optimo
438 2551 549 2636 reponi
571 2551 696 2620 iubens.
735 2552 850 2616 Contra
873 2554 1062 2631 ιινήσματα,
1085 2565 1244 2633 ramento,
1268 2555 1338 2621 rod·
1390 2626 1394 2632 ,

147 2655 295 2727 (lentium
325 2655 452 2722 Platoni
475 2664 524 2721 est
549 2656 581 2720 in
615 2652 729 2743 Hippia
760 2659 878 2723 Maiore
906 2677 935 2743 p.
958 2662 1035 2724 504.
1059 2659 1097 2726 Α.
1133 2659 1187 2725 ubi
1209 2660 1338 2728 editur:

148 2763 218 2833 ttvl
224 2787 244 2830 ο
252 2762 368 2842 ματρὶ
391 2786 436 2828 τοι
462 2761 508 2831 ἔτι
532 2761 585 2828 καὶ
610 2766 838 2842 περιτμήματα
861 2771 920 2829 τῶν
943 2763 1055 2841 λόγον.

192 2868 288 2938 Nune
312 2867 442 2955 quidem
468 2870 626 2933 intactum
654 2870 755 2934 evasit
778 2874 871 2935 ταῦτ’
895 2868 978 2950 ἄρα,
1011 2869 1064 2934 ubi
1089 2868 1173 2956 quod
1202 2869 1338 2937 Solmei·

147 2975 248 3046 uerus
271 2975 437 3042 annotavit
459 2974 510 3040 διαὶ
532 2972 795 3058 intelligendum,
820 2975 904 3040 idem
928 2974 1004 3040 olim
1028 2975 1126 3040 sciolo
1148 2978 1250 3040 visum
1272 2986 1339 3056 est,

147 3082 205 3171 qui
225 3100 326 3168 quum
352 3081 385 3146 in
410 3079 551 3146 Platonis
581 3082 754 3164 Protagora
789 3101 817 3166 p.
839 3085 915 3146 341.
941 3079 973 3145 G.
1008 3080 1189 3146 rectissimo
1218 3079 1337 3165 legere-

146 3195 225 3255 tttr:
259 3188 353 3253 ταῦτ’
379 3184 441 3266 ἄρα
469 3186 521 3251 καὶ
556 3187 721 3267 μέμφεται
746 3188 798 3251 τὸν
829 3183 1006 3262 Πιττακόν,
1033 3184 1064 3248 in
1099 3204 1155 3250 ora
1188 3184 1261 3251 libri
1286 3188 1337 3253 διαὶ

147 3292 343 3379 adscripsit,
387 3290 473 3358 unde
509 3301 583 3356 nata
623 3299 671 3356 est
706 3290 837 3375 vulgata
872 3290 986 3356 leutio:
1023 3288 1103 3377 [διὰ]
1139 3294 1232 3356 ταῦτ’
1263 3292 1336 3376 ἄρα.

149 3396 280 3488 Optime
302 3396 519 3464 Sohrreitlerus
548 3398 580 3461 in
607 3397 718 3485 Syrnp.
738 3396 791 3461 lv.
818 3402 871 3463 οὔ.
897 3396 1064 3461 admonuit
1095 3415 1164 3461 esse
1196 3398 1339 3466 scriben-

150 3502 252 3573 tom:
275 3506 400 3570 ταῦτ’
424 3501 501 3583 ἄρα
524 3539 570 3553 --
593 3503 644 3567 καὶ
670 3503 768 3584 τρῴνρν
793 3503 855 3580 ἐγώ
879 3526 932 3566 σον
952 3502 1056 3578 ήιιονον
1079 3503 1247 3585 εὐχομένου
1271 3509 1336 3572 ατέ.

146 3630 209 3701 pro
230 3614 336 3676 ταῦτα
360 3608 441 3689 γάρ,
466 3606 522 3672 sed
546 3607 693 3672 Editores
715 3628 778 3672 non
803 3607 954 3676 audiunt.

195 3716 234 3783 ln
266 3713 376 3782 eadem
410 3716 505 3799 §aa
540 3714 571 3778 in
607 3713 667 3779 lino
698 3713 782 3799 quod
822 3713 941 3799 legitur
973 3710 1054 3779 οὗτοι
1086 3712 1144 3792 μὲν
1177 3711 1213 3788 δή
1244 3712 1338 3788 οὕτως

146 3819 271 3903 haul&
304 3818 496 3901 ἔσκωψοὶν
527 3843 563 3884 τε
601 3820 652 3884 καὶ
679 3821 897 3899 ἐσπούδασαν,
932 3819 1115 3884 luculenter
1138 3816 1339 3886 demonstrat

147 3929 304 3999 τιιῶττειν
327 3926 413 4012 apud
444 3927 568 3991 Atticos
598 3925 691 4011 plane
724 3925 808 3990 ilem
833 3945 903 3991 esse
927 3946 964 3990 ue
989 3923 1132 4003 παίζειν,
1168 3924 1231 3988 nisi
1254 3926 1339 4010 quod

144 4036 246 4105 νὀοοτί
277 4043 310 4100 ιιι
343 4033 445 4098 ioculo
477 4031 555 4118 quid
590 4037 696 4118 surore
731 4040 763 4097 et
786 4030 888 4096 dicere
923 4030 1104 4114 significat,
1135 4048 1198 4094 non
1232 4029 1339 4097 ludere

146 4142 274 4220 otiam,
309 4157 390 4225 quae
423 4147 561 4224 utraque
593 4140 680 4204 notio
717 4139 749 4201 in
785 4135 881 4202 verbo
917 4134 1038 4216 παίζειν
1072 4134 1245 4199 coniuncto
1277 4144 1337 4202 est.

145 4246 250 4317 lulla
283 4246 404 4333 passim
437 4242 535 4309 huius
567 4245 614 4308 rei
639 4243 781 4329 exempla
819 4250 996 4306 occurrunt
1032 4241 1221 4326 praesertim
1255 4240 1341 4328 apud

145 4350 393 4445 Xenophontem
422 4358 454 4418 et
490 4349 680 4429 Platonem,
717 4349 802 4418 unde
834 4346 924 4416 lmus
952 4346 1095 4433 perpluit
1130 4347 1163 4413 in
1199 4347 1341 4416 Platonis
