2940 5010
678 268 681 273 ¹
708 278 772 341 585

145 456 314 537 ειῖορκον
344 451 532 536 ἀμφοτέροις
557 448 654 527 εἶναι,
687 450 743 517 sod
774 451 888 533 ἔνορκον
914 450 1131 537 reponendum
1157 476 1226 523 osse
1256 458 1336 525 mihi

143 560 279 649 quidem
317 560 399 628 sutis
428 556 557 623 ridetur
590 558 807 643 perspicuum.
861 558 990 639 Εὕορκον
1026 560 1111 625 enim
1143 559 1175 626 id
1214 562 1336 631 dieitur

144 666 233 755 quod
266 666 324 755 qui
352 664 431 733 iuuit
463 662 675 730 iurisiurandi
710 662 805 729 iidem
838 670 949 729 sunote
981 674 1109 743 servat,
1143 685 1207 752 quo
1239 689 1335 738 sensu

144 792 243 861 nepe
262 770 388 839 iudiees
416 768 540 837 δικαίαν
567 769 620 834 καῖ
648 768 765 851 εὔορκον
787 775 894 852 ψῆφον
917 770 1020 853 φέρειν
1044 770 1218 851 dicuntur,
1250 776 1335 862 quod

144 876 233 947 idem
264 875 333 947 iere
360 886 411 945 est
440 882 540 961 etque
568 874 654 940 θσθαι
686 875 738 940 καὶ
766 874 888 940 δικαίαν
920 876 1022 957 Φθρειν
1050 879 1107 952 τῖρν
1137 883 1265 961 ψῆφον,
1298 892 1334 951 ut

143 1002 243 1073 nepe
271 982 452 1071 loquuntur
480 978 642 1047 Oratores.
691 978 846 1046 Proclivis
876 1000 968 1045 error
994 980 1079 1067 opud
1112 981 1334 1074 Thucydidem

142 1087 407 1157 describentibus
431 1086 493 1154 iuit
524 1094 557 1153 et
584 1085 714 1152 Critieis
743 1083 783 1150 ud
817 1082 1121 1172 deprehendendum
1152 1088 1335 1173 diffieilior,

143 1194 225 1283 quin
254 1192 305 1261 his
336 1196 368 1259 in
404 1192 523 1259 ricinis
556 1189 674 1271 εὔορκον
697 1186 776 1256 εἶναι
801 1191 833 1255 in
870 1210 907 1257 re
936 1191 1033 1257 simili
1069 1203 1157 1261 reete
1193 1199 1333 1282 positum

141 1300 311 1367 murrii:
345 1318 460 1385 nempe
478 1296 517 1363 V.
544 1301 595 1363 18.
630 1296 791 1378 εὔορκον
821 1291 898 1361 εἶναι
931 1297 1120 1379 ἀμφοτέροις
1142 1304 1244 1385 ταύτῃ
1273 1330 1333 1383 με.

139 1406 285 1473 ταθιῖνιιι
306 1400 367 1489 θη
388 1402 428 1469 δν
450 1403 522 1486 δοκῇ
545 1402 751 1486 ἀμφοτέροις,
775 1399 920 1487 adquae
944 1401 1041 1469 verba
1065 1406 1196 1491 respicit
1215 1407 1252 1473 V.
1280 1414 1333 1477 29.

140 1512 177 1579 ds
196 1518 272 1584 ταῖς
293 1509 533 1582 eminiensis
560 1510 724 1581 Ἀττικαῖς
748 1506 928 1586 ἐγέγραπτο
960 1508 1120 1591 εὔορκον
1139 1509 1217 1580 εἶναι
1241 1540 1334 1598 ιιροσ.

140 1618 242 1685 θεῖναι
264 1614 319 1681 καὶ
342 1616 478 1699 θφελεῖυ
500 1610 519 1679 ὅ
539 1638 569 1679 τι
593 1612 633 1679 θον
655 1616 777 1695 οἱμΦοῖι
799 1620 862 1677 τοῖυ
886 1611 1007 1679 οιθλεοιυ
1039 1616 1128 1700 δοκῇ,
1151 1638 1233 1706 quae
1262 1642 1335 1708 spe.

139 1722 196 1789 eie
220 1722 325 1807 mugio
347 1738 445 1807 quum
469 1738 504 1785 re
527 1728 637 1784 nostro
658 1718 726 1784 loeo
752 1725 829 1785 sunt
858 1718 999 1784 similia:
1030 1740 1144 1809 nempe
1175 1728 1211 1791 τὸ
1232 1751 1334 1806 μετον-

140 1828 245 1895 dome
267 1824 388 1913 optime
411 1822 533 1890 dieitur·
553 1820 631 1890 εἶναι
666 1824 845 1905 εὔορκοι,
870 1824 983 1890 sedni
1014 1830 1185 1905 μετατεθὲν
1215 1830 1334 1914 εὔορκον

138 1952 221 2001 esse
256 1950 320 1997 nou
353 1936 479 2017 potest,
512 1927 567 1995 sed
600 1928 756 2010 ἔνορκον
785 1935 844 1995 est.
900 1929 945 1996 De
979 1935 1143 1999 communi
1175 1956 1333 2005 consensu

141 2036 240 2105 minu
260 2034 467 2103 iurisiurandi
488 2032 640 2121 reiigione
663 2033 737 2101 eddi
767 2033 889 2122 ahquid
913 2046 969 2101 aut
999 2036 1083 2102 demi
1110 2048 1254 2125 poterat,
1278 2046 1335 2113 sed

139 2140 235 2231 quod
257 2148 420 2208 mutatum
441 2148 525 2206 esset
550 2138 682 2225 perinde
702 2160 742 2204 ee
760 2140 885 2226 foedere
906 2144 1012 2227 socero
1032 2144 1213 2211 tenebuntur
1239 2158 1336 2237 atque

141 2248 181 2315 id
205 2246 291 2335 quod
313 2255 408 2312 antee
433 2244 465 2309 in
493 2242 618 2310 foedere
642 2246 801 2330 seriptum
826 2264 863 2309 eo
887 2245 1040 2331 reiigione
1069 2252 1229 2319 sancitum
1258 2254 1334 2323 iuis-

141 2362 208 2421 set.
256 2348 532 2433 Quemadmodum
558 2349 660 2434 igitur
680 2360 767 2416 uerte
793 2347 854 2414 tide
877 2352 963 2437 opud
988 2354 1229 2442 Xenophontem
1258 2361 1335 2448 legi·

141 2460 267 2541 1111·τῷ
289 2458 335 2535 uio
356 2455 533 2536 βουλομένῳ
559 2456 604 2534 μὴ
623 2450 703 2520 εἶναι
730 2455 877 2537 ἔνορκον
907 2470 1110 2541 συμμαχεῖν,
1139 2464 1186 2529 sio
1207 2464 1336 2558 Thucy·

140 2562 239 2631 dides
264 2579 392 2649 quoque
414 2558 562 2625 dederat:
585 2557 653 2625 dri
683 2560 721 2626 θοι
746 2561 817 2643 δοκῇ
849 2560 1002 2643 ἔνορκον
1034 2568 1334 2649 indesinentium.

191 2668 325 2735 Tertius
338 2664 558 2751 Xenophontis
579 2663 667 2730 iocus
687 2672 755 2739 est,
780 2667 834 2751 qui
859 2666 891 2731 in
913 2665 1037 2735 duohus
1061 2671 1140 2738 iocis
1151 2674 1336 2746 Demosthe·

144 2774 232 2841 uicis
256 2790 351 2839 rerue
375 2770 521 2837 iectionis
544 2770 781 2837 restitutionem
810 2771 963 2839 adiuvare
987 2784 1100 2861 potest.
1148 2778 1280 2867 Legitur
1302 2788 1334 2851 in

143 2876 270 2949 fleiieu.
288 2875 357 2942 Vll.
381 2896 422 2942 11.
448 2880 501 2941 56.
534 2877 560 2941 οἱ
596 2877 653 2955 μὲν
688 2876 836 2957 Ἀρκάδες
860 2916 903 2927 -
928 2880 1186 2951 ἐδειπνοποιοῦντό
1216 2914 1251 2955 τε
1281 2894 1334 2957 καῖ

142 2986 331 3063 ἀθυμοῦντα
353 2980 407 3047 καὶ
439 2980 573 3053 σπουδὰς
597 2981 650 3046 καὶ
685 2988 867 3055 ταιῖονοοο
898 2985 1129 3067 ἐποιοῦντο,
1154 2993 1201 3057 sie
1224 3004 1333 3061 auteur

143 3092 179 3157 iu
216 3086 338 3157 laetitia
374 3085 502 3173 publiea
538 3093 607 3150 erut
639 3082 709 3149 iieri
743 3084 874 3152 solitum
910 3090 987 3154 θύειν
1021 3094 1074 3155 καὶ
1110 3097 1248 3163 σπένδειν
1281 3104 1334 3168 καῖ

142 3198 326 3269 rarione
356 3191 492 3277 ᾅδειν,
516 3192 610 3256 ouius
640 3190 687 3254 rei
713 3191 833 3255 mentio
856 3192 1037 3260 scribarum
1067 3200 1262 3285 negligentia
1287 3207 1336 3273 his

142 3296 233 3387 apud
254 3296 501 3365 Demosthenem
525 3295 696 3361 obscurata
716 3304 766 3360 est
787 3316 825 3361 oe
845 3296 958 3365 deletu.
1007 3300 1097 3367 hhor
1119 3304 1206 3371 iocus
1227 3319 1276 3376 est
1301 3314 1333 3377 in

143 3402 293 3471 oratione
315 3402 356 3469 de
377 3400 501 3467 Corona
525 3403 542 3486 §
565 3404 641 3467 217.
666 3398 718 3465 ὅτε
741 3441 784 3451 -
807 3402 901 3485 ζήλου
924 3406 977 3469 καὶ
1000 3412 1106 3488 χοοροῖο
1139 3414 1191 3477 καὶ
1224 3417 1334 3484 inat.

141 3512 258 3587 κοινοῖ
278 3508 369 3583 ndum
392 3505 428 3583 ἦν
450 3507 550 3584 nesti,
574 3506 629 3571 ubi
655 3525 715 3571 non
741 3509 872 3573 ἐπαίνων
896 3510 1103 3579 scribendum
1132 3536 1202 3583 esse
1231 3522 1331 3590 videri

144 3618 214 3683 inm
242 3621 319 3681 unte
348 3612 445 3682 verbo
474 3611 683 3689 monuimus,
718 3611 773 3678 sed
806 3614 985 3682 ιιιιιθνον
1019 3620 1149 3694 initia
1173 3621 1208 3699 ἦν
1226 3632 1331 3705 greg,

142 3719 335 3809 plenissime
358 3728 395 3785 ut
418 3717 503 3805 epod
523 3716 710 3804 Sophoclem
723 3717 779 3806 :est
802 3719 833 3783 in
858 3719 1038 3790 ‹lecantutis
1067 3725 1229 3794 versibus:

374 3825 464 3898 πόλις
487 3825 513 3889 δ’
536 3825 612 3903 θμοῡ
635 3826 692 3903 μὲν
715 3827 920 3905 θυμιαμάτων
943 3829 1053 3907 γέμει,

373 3930 448 4010 θμοῦ
473 3930 505 3996 δὲ
529 3929 697 3995 ταιοὶνονν
719 3955 755 3995 τε
779 3933 831 3998 καὶ
852 3934 1071 4015 ςεναγμοὶτοιν.

190 4032 256 4117 Qui
275 4032 356 4101 mihi
377 4032 436 4101 hoo
457 4034 601 4111 dederit,
625 4036 722 4099 otiam
745 4036 776 4099 in
798 4037 898 4104 attero
919 4040 987 4105 loco
1009 4041 1251 4124 Demosthenis,
1276 4055 1331 4136 qui

128 4138 268 4227 ”iegitur
290 4140 324 4206 iu
352 4138 441 4207 01111.
465 4142 532 4223 περὶ
556 4147 613 4213 τῆς
638 4143 894 4219 παραπρεσβείας
929 4151 946 4230 §
972 4149 1025 4209 86.
1061 4144 1145 4212 idem
1178 4153 1331 4225 mendum

142 4244 259 4313 ιοιιιΙιιιιι
283 4244 424 4311 remedio
447 4265 517 4312 esse
539 4242 719 4309 sanandum
744 4244 873 4312 videbit.
922 4248 1023 4315 Vorhs
1051 4250 1130 4317 hneo
1162 4266 1257 4323 sunt:
1281 4260 1332 4330 ὅτε

141 4352 204 4431 μὲν
225 4350 269 4417 τὰ
292 4350 387 4417 δέοντ’
410 4352 541 4417 ἐποιεῖτε
573 4352 679 4415 θυσιῶν
714 4350 767 4415 καὶ
800 4354 968 4419 ἕταίνοον
996 4356 1129 4431 ἠξιοῦσθε
1162 4370 1236 4444 παρ’
1260 4368 1337 4447 ὑμῖν
