2940 5010
704 272 767 333 tou

148 445 384 516 ὑποπεπωκότες
406 443 559 528 reposuit.
607 441 762 509 Conuiuae
786 442 905 509 hilares
924 443 1020 511 rerba
1043 443 1221 534 Euripiden
1240 462 1330 511 usur·

150 550 266 639 pahant
289 568 307 616 e
330 547 528 617 nobilissimo
555 547 754 635 fragmento:

329 657 381 723 τόν
402 657 429 721 δ’
452 651 493 722 αὑ
514 654 645 721 όανόντα
666 654 719 721 καὶ
743 654 839 721 πόνων
863 655 1060 736 πεπανμόννν

330 762 516 843 χαίροντας.
539 762 758 844 εὐφημοῦντας
782 759 953 839 ἕκπόμπεον
976 761 1097 841 δόμων,

152 865 237 954 quod
256 864 405 933 fefellisse
424 864 572 933 Editores
595 865 732 933 videtur.
779 866 818 933 lu
841 866 1044 933 Comicorum
1067 864 1247 935 festivitate
1268 884 1330 935 sse-

152 994 191 1060 pe
224 972 456 1039 ὑποπεπωκένκο
498 971 658 1047 recurrit,
702 990 795 1058 saepe
837 970 1037 1039 malesanum
1077 971 1329 1039 ὑποπεπτωκότες

151 1079 362 1145 substitutum
396 1078 497 1143 risum
522 1073 673 1142 movebit.
720 1076 757 1145 lu
788 1075 966 1166 lysistratu
990 1096 1035 1142 vs.
1059 1080 1137 1145 480.
1161 1078 1277 1165 optinui
1297 1074 1331 1145 li·

152 1183 202 1251 bri
225 1184 393 1251 Ravennae
415 1189 448 1249 et
479 1180 620 1247 Venetus
643 1183 828 1268 conspirant
853 1183 885 1249 in
909 1180 1049 1249 absurda
1070 1183 1257 1271 scripturn:

331 1288 480 1367 ἐπαίομεν
502 1285 688 1368 Βραυρῶνοόδ’
715 1287 1056 1362 ὑποπεπτωκότες.

198 1392 354 1461 Similiter
375 1392 406 1457 in
430 1391 605 1480 Lysistrata
632 1412 677 1459 vs.
701 1397 777 1461 595.
802 1396 836 1461 io
858 1392 1009 1461 omnihus
1032 1400 1102 1461 est:

331 1499 349 1573 ἦ
372 1498 398 1562 δ’
423 1499 709 1565 ὑποπεπωκυῖ’
733 1502 751 1576 οἱ
774 1500 852 1577 γυνὴ
875 1499 920 1565 ’τό
945 1504 1000 1567 τοὺ
1022 1499 1158 1578 τόμους,

151 1604 237 1671 solus
268 1604 435 1671 Ravenuas
467 1603 688 1668 ὑποπεπωκοῑο
711 1607 728 1680 ἦ
753 1606 832 1682 γονή
855 1605 1005 1671 serravit.
1051 1603 1203 1671 Caeteros
1223 1622 1330 1673 omnes

151 1730 213 1777 uon
245 1709 425 1785 sententia,
450 1727 511 1772 ooo
536 1716 676 1775 metrum
701 1711 818 1776 retinet
840 1711 1014 1795 quominus
1048 1728 1145 1779 suum
1180 1708 1329 1777 πέπωκε

152 1814 331 1884 inieroiant.
380 1813 416 1879 ln
440 1811 561 1881 Eocles.
586 1818 660 1880 140.
693 1813 836 1880 nonnulii
858 1814 1027 1882 exhibent:

330 1918 382 1985 καὶ
406 1920 609 2000 λοιδοροῦνταί
630 1921 664 1997 γ’
687 1917 786 2000 ὑτπερ
810 1920 1126 1998 ἐμπεπτωκότες.

194 2028 230 2094 ln
264 2023 486 2111 Aristophanis
520 2022 701 2110 irugmeuto
733 2024 818 2110 apud
848 2024 1048 2093 Athenaeum
1080 2046 1112 2112 p.
1137 2028 1204 2092 iil
1230 2024 1265 2094 p,
1298 2024 1328 2091 iu

151 2134 311 2199 llarciano
333 2129 447 2196 Codice
469 2138 501 2194 et
524 2130 556 2194 iu
582 2129 773 2216 apographis
796 2130 935 2216 legitur:

284 2236 554 2311 ὑποπεπώκαμεν
578 2234 612 2311 ⁴,
635 2231 758 2317 ὦνδρες,
784 2236 961 2308 salunensis
985 2236 1151 2316 idisenus,

148 2352 180 2409 ct
204 2341 288 2430 apud
310 2339 535 2427 Apollodorum
560 2338 741 2427 carystium
766 2339 882 2407 Athen.
906 2362 935 2427 p.
958 2343 1034 2407 280.
1058 2340 1095 2409 Ε.

285 2445 350 2522 ἐξόν
374 2447 518 2527 ἱλαροὺς,
545 2444 733 2527 παίζοντας,
757 2445 1092 2519 ὑποπεπτωκότας.

194 2554 279 2619 Haec
303 2550 411 2616 omnia
430 2548 612 2635 leopardus
634 2549 814 2617 emendavit
833 2553 967 2638 primus.
999 2551 1099 2619 idulio
1121 2552 1221 2619 etiam
1240 2551 1330 2639 plora

150 2659 241 2726 iaoiie
263 2654 391 2722 aliunde
412 2655 558 2740 conquiri
583 2664 727 2740 possent,
753 2665 788 2721 ut
811 2657 895 2744 apud
927 2656 1088 2725 Platonem
1121 2657 1154 2722 iu
1181 2655 1328 2746 Sympnn.

150 2769 215 2831 214
239 2763 271 2829 C.
308 2762 339 2826 in
361 2759 473 2826 multis
492 2758 583 2825 tibris
606 2767 655 2824 esi
677 2761 781 2837 ἐπειδὴ
806 2765 847 2828 ἐκ
857 2764 1073 2835 πέπτωκας
1108 2782 1167 2848 pro
1192 2763 1330 2830 ἐκτόπω-

151 2896 209 2944 κας
232 2878 265 2936 et
287 2868 319 2933 iu
344 2864 510 2952 Eupolidis
542 2863 722 2951 fragmento
747 2866 831 2953 apud
863 2868 978 2934 Athen.
1004 2888 1035 2954 p.
1060 2871 1126 2933 502
1151 2868 1185 2933 il.
1218 2867 1331 2935 Camu-

151 2977 253 3043 bonus
286 2981 374 3039 reate
401 2976 605 3054 superferentis
640 2972 808 3039 substituit
843 2992 900 3059 pro
932 2974 1190 3054 murmurando.
1241 2970 1335 3061 Apud.

151 3079 313 3149 Alexideur
342 3076 496 3144 Athenaei
529 3097 558 3163 p.
581 3080 646 3142 226
670 3078 705 3144 F.
740 3081 1008 3145 καταπεπτοὺκατ’
1031 3079 1138 3153 εὑόόως
1161 3078 1240 3145 olim
1263 3076 1358 3147 udu-

151 3189 247 3254 lratur
271 3183 585 3271 ρτοκατοοπεπὺκαο’
605 3182 722 3256 aeteus.
747 3184 975 3270 Aristophanes
996 3184 1027 3249 in
1052 3183 1189 3250 Behkeri
1215 3181 1355 3253 Aueed.

153 3300 214 3371 31,
234 3295 289 3358 27.
315 3290 347 3354 in
370 3288 465 3355 uuico
484 3287 598 3355 Codice
619 3287 739 3353 dixisse
763 3298 915 3355 narratur
937 3298 1042 3368 γκκῆο
1065 3288 1364 3365 καταπέπωκεν.

153 3406 185 3463 et
205 3395 355 3462 Cratinus
375 3392 459 3479 apud
486 3393 682 3482 hesychium
705 3413 734 3457 u.
758 3393 945 3475 Ματχὺκκκ
968 3394 1062 3475 atreo
1093 3394 1127 3463 iu
1159 3393 1354 3484 arcnsupv

152 3501 312 3567 llaroiauo
334 3497 448 3565 Codice
471 3497 609 3570 traditur
631 3498 815 3584 scripsisse:

332 3605 387 3678 riu
409 3602 586 3683 μασχάλην
607 3602 739 3683 αἵρωμεν
763 3603 1089 3682 ἐμπεπτωκότες.

198 3707 291 3797 Apud
324 3707 511 3794 harpocrat.
544 3727 575 3774 ν.
605 3710 847 3790 Προπεπωκότες
870 3707 1019 3776 inlibris
1041 3708 1235 3796 quibusdum
1266 3736 1335 3796 rpr-

151 3813 351 3888 πεπτωκότες
383 3813 558 3879 esaratum'
586 3820 645 3879 est.
694 3813 779 3880 Haec
809 3815 918 3880 omnia
952 3822 985 3882 et
1016 3814 1068 3881 his
1098 3814 1219 3883 similia
1248 3836 1334 3887 nune

153 3920 376 4007 unusquisque
406 3926 443 3986 ut
472 3915 593 3985 ridebit
623 3919 734 3985 statim
758 3918 941 3987 emendabit
973 3919 1055 3986 nihil
1080 3930 1220 3989 ueterum
1241 3942 1336 3990 meua-

154 4027 323 4095 tresorum
355 4023 451 4111 fidem
474 4023 651 4101 reveritus,
673 4044 769 4111 quam
801 4025 828 4089 si
857 4026 912 4111 qui
937 4027 1022 4093 tueri
1043 4024 1161 4093 vellent
1184 4027 1337 4099 omuibus

149 4133 247 4200 etiam
271 4128 551 4216 stultioresquam
576 4129 638 4214 ipsi
661 4129 785 4197 librarii
807 4131 925 4197 merito
946 4131 1147 4201 riderentur.

195 4234 325 4305 Serihae
346 4232 615 4322 quemadmodum
639 4236 770 4301 πόπωκοο
796 4238 828 4302 in
849 4237 1003 4305 πέπτωκα
1020 4237 1199 4324 depravare
1214 4240 1340 4309 assueti

147 4348 223 4409 sunl
243 4341 288 4408 sie
311 4340 458 4425 Δελφούς
471 4342 504 4407 in
517 4339 689 4424 ὑδελφοὺς,
708 4343 877 4422 Τυρρηνούς
900 4343 933 4409 in
946 4343 1107 4426 τνροόννουο
1119 4362 1251 4415 summu
1261 4364 1336 4415 ouu-
