2940 5010
701 301 765 364 755

139 478 224 549 dicit
256 477 429 565 Xenophon
454 474 585 543 senibus
617 474 667 540 ἐστὶ
700 475 742 556 τῷ
766 473 898 554 τέρματι
922 479 975 539 τοῦ
1006 472 1077 554 βίον
1109 473 1328 562 (seuupenorr'o

137 586 337 661 maioribus,
371 591 407 649 ut
439 603 456 649 e
482 581 653 648 Plutarcho
684 580 821 667 oollslal)
855 579 1026 644 instituisse
1053 580 1225 658 iodicium,
1256 581 1329 666 quis

138 711 257 761 eurum
282 689 495 775 dignissimus
526 696 610 753 esset
635 696 669 751 ut
700 685 862 770 legeretur
886 686 918 749 iu
948 685 1096 750 Senatum
1130 686 1197 775 (rio
1227 710 1328 767 νερον·

138 797 249 885 τόσον),
285 813 398 880 nempe
432 792 491 858 hoo
527 801 574 858 est
610 793 665 866 τὴν
702 792 797 871 κρίσιν
830 797 886 864 τῆς
922 792 1081 870 γεροντόοις
1114 793 1329 872 όΛνκοῶρνος

140 903 393 985 προῦθηκεν,
418 919 480 963 non
511 899 711 979 προσέθηκεν,
735 906 767 963 et
791 897 838 961 sie
862 895 968 962 elleeit
989 895 1021 961 id
1046 896 1130 982 quod
1153 896 1329 982 Xenophon

140 1006 325 1097 praedicat:
359 1006 482 1080 ἕτοόησε
514 1005 591 1083 μηδὲ
622 1006 653 1069 ἕν
677 1005 719 1084 τῷ
743 1005 825 1086 νηρορ
857 1005 1041 1081 ἀμελεῖσθαι
1065 1005 1120 1077 την
1146 1005 1331 1078 καλοκάγα-

141 1113 224 1181 θόιιν.
272 1111 354 1194 Quid
375 1120 484 1175 autem
506 1129 576 1175 esse
601 1119 704 1194 potest
722 1108 876 1173 disertius
897 1128 993 1193 (prtum
1017 1108 1101 1193 quod
1125 1109 1235 1173 statim
1257 1108 1330 1172 suh·

144 1217 238 1284 iieit:
268 1218 335 1283 όδέ
360 1215 504 1298 περὶτῆς
527 1216 686 1295 γεροντόας
709 1217 795 1290 ἀγῶν
819 1222 931 1296 ψυχῶν
963 1217 1088 1293 ἀγαθῶν
1119 1215 1213 1295 κρίσιν
1237 1213 1331 1294 ταρέ·

142 1321 225 1407 χειῖ
274 1321 373 1388 Senes
396 1329 507 1386 exacta
531 1329 636 1387 aetate
659 1319 697 1385 de
722 1319 914 1404 amplissimi
944 1318 1067 1386 ordinis
1086 1319 1206 1385 honore
1230 1319 1332 1384 animi

142 1425 325 1493 virtutihus
345 1428 430 1493 inter
450 1447 484 1491 se
504 1424 697 1491 contendere
719 1424 809 1490 dicit.
857 1425 1024 1490 Caeterum
1050 1444 1132 1510 quae
1157 1422 1331 1510 Xenophon

145 1530 294 1619 impense
316 1530 514 1609 admiratur,
545 1528 655 1597 eadem
677 1532 821 1616 graviter
850 1529 1057 1617 reprehendit
1084 1529 1273 1595 Aristoteles
1297 1529 1331 1594 iu

145 1636 296 1705 Polil.ll.
320 1642 351 1703 6.
385 1638 441 1722 qui
466 1634 549 1722 quotl
574 1635 672 1702 dicit:
695 1637 751 1711 rim
771 1634 883 1715 αἵρεσιν
912 1641 971 1701 τῶν
995 1634 1143 1717 γερόντων
1167 1636 1252 1700 κατά
1276 1638 1332 1710 την

146 1743 245 1825 κρίσιν
268 1739 346 1808 εἶναι
370 1743 575 1822 παιδαριώδη,
610 1761 704 1807 nemo
736 1741 910 1807 mirabitur
937 1741 993 1826 qni
1026 1739 1220 1825 quomodum
1253 1739 1333 1806 illud

144 1846 307 1915 iudicium
334 1845 432 1913 luerit
453 1846 639 1911 institutum
664 1845 780 1931 legerit
804 1846 888 1932 opud
914 1847 997 1911 Plut.
1023 1846 1161 1933 Lyeurg.
1186 1865 1255 1930 cup.
1277 1848 1332 1909 ⁶36.

144 1951 259 2040 Neque
283 1950 456 2039 Xenophon
483 1970 586 2038 neque
611 1951 803 2018 Plutarchus
824 1963 1077 2017 commemorant
1102 1949 1134 2015 id
1159 1950 1243 2035 quod
1261 1952 1332 2016 iore
1372 1949 1374 1953 ’

147 2057 338 2126 Arisloleles
358 2055 536 2144 improbat,
568 2058 603 2122 rit
628 2059 749 2123 αὐτόν
778 2060 989 2124 αἰτεῖσθαι
1021 2059 1074 2122 τὸν
1093 2055 1334 2136 ἀξιωθησόμενον

146 2170 207 2240 τῆς
229 2165 343 2245 ἀρχῆς.
390 2161 557 2248 Lyeurpus
583 2163 688 2238 enim,
723 2164 852 2248 inquit,
886 2163 1068 2245 φιλοτίμους
1091 2161 1334 2243 κατασκενάζων

148 2269 223 2343 τοὺς
246 2269 379 2342 τολότας
411 2268 530 2340 τούτοις
560 2268 712 2349 κέχρηται
748 2270 820 2351 πρὸς
853 2272 908 2345 την
938 2267 1054 2350 αἵρεσιν
1082 2275 1141 2333 τῶν
1172 2269 1332 2348 γερόντων.

146 2374 246 2447 οὐδεὶς
270 2376 333 2455 pop
364 2372 402 2439 ἀν
437 2372 545 2455 ἀρχειν
580 2376 744 2450 αἰτήσαιτο
775 2377 820 2453 μη
852 2375 1018 2456 Φιλότιμος
1051 2373 1099 2439 ῶν.
1156 2372 1262 2439 Redeo
1293 2371 1334 2438 ad

148 2478 370 2565 Xenophontis
394 2479 519 2555 locum,
551 2479 584 2542 iu
610 2498 673 2563 quo
697 2487 784 2545 recte
814 2479 998 2546 Diodorlius
1022 2480 1054 2543 in
1080 2478 1204 2545 verbis:
1240 2503 1333 2544 στου·

148 2583 280 2666 δάζεται
301 2586 315 2650 θ
338 2587 424 2664 ἀγὼν
442 2584 568 2664 μάλιτα
590 2587 659 2649 τῶν
683 2586 842 2666 ἀνθρώπων
864 2586 1084 2670 importunum
1106 2587 1165 2650 τῶν
1189 2604 1334 2650 resecan-

149 2687 230 2757 tlurn
251 2709 321 2757 esse
339 2690 431 2756 vidit.
467 2689 682 2755 Verissimum
703 2698 750 2756 est
774 2690 886 2769 μάλις’
907 2691 1087 2770 ἀνθρώπων,
1111 2690 1195 2776 quod
1219 2691 1335 2756 tritum

148 2800 184 2865 in
219 2799 340 2866 talibus
375 2802 483 2867 sciunt
522 2821 642 2866 omnes.
700 2800 869 2887 Scriptura
906 2808 997 2865 vetus
1030 2783 1335 2867 ΜΑΛΙΣΤΛῇἧΝ

149 2906 314 2992 peperisse
345 2904 474 2973 videtur
502 2906 629 2986 μάλιτα
660 2912 740 2982 τῶν,
773 2904 887 2971 deiude
911 2925 949 2970 ex
973 2904 1191 2991 dittographio
1223 2917 1336 2973 nutum

151 3017 203 3076 est
224 3007 351 3089 μάλισα
374 3018 432 3077 τῶν
460 3013 629 3092 ἀνθρώπων.

206 3113 325 3180 Gontra
358 3117 467 3181 minus
497 3125 586 3182 recte
609 3114 794 3183 llimlorlius
825 3113 898 3181 ότου
930 3116 1024 3182 eieoit
1055 3135 1093 3181 ex
1128 3119 1200 3200 §4.
1232 3117 1336 3191 ἐπειδη

150 3218 330 3299 κατέμαθεν
353 3217 399 3285 ότι
424 3218 528 3307 [ότον]
553 3224 578 3287 οἱ
600 3221 782 3302 βουλόμενοι
813 3223 1026 3298 ἐπιμελεῖσθαι
1057 3228 1113 3296 τῆς
1138 3224 1249 3302 ἀρετῆς
1277 3226 1337 3306 οὐχ

151 3326 252 3393 teorot
274 3325 332 3390 εἱσι
357 3326 418 3399 τοὶς
442 3329 594 3407 τατριδας
626 3327 740 3404 αὔξειν.
789 3328 842 3394 sic
875 3336 961 3392 oerle
985 3327 1125 3413 posilum
1148 3323 1338 3393 inov‘inlel·

150 3428 211 3516 ligi
236 3448 299 3494 non
323 3440 449 3517 polest,
474 3431 528 3498 sed
554 3440 589 3497 lu
611 3433 715 3498 sorihe
739 3434 802 3502 ἔςιν
825 3431 917 3508 irruo,
941 3431 974 3497 id
1000 3440 1048 3497 est
1071 3433 1102 3498 ἐν
1128 3433 1220 3507 ἔνόαις
1245 3435 1338 3500 πόλει

151 3558 212 3602 σιν.
261 3534 367 3601 Facile
391 3536 556 3604 intercidit
580 3536 642 3606 ἓτιν
667 3547 741 3604 noto
765 3536 983 3624 compendiolo
1007 3537 1178 3623 scriptum.

199 3639 236 3706 ln
269 3660 339 3726 cap.
362 3640 400 3707 Χ.
426 3649 456 3708 d.
489 3644 605 3708 ῖδιῶται
637 3644 759 3709 ἰδιωτῶν
783 3644 976 3725 διαφέρουσιν
1007 3645 1100 3725 ἀρετῇ
1124 3647 1150 3710 οἱ
1172 3647 1339 3722 ἀσκοῦντες

153 3752 214 3813 τῶν
225 3744 442 3825 ἀμελούντων,
464 3749 508 3810 ita
527 3746 655 3814 demum
681 3748 891 3815 heoeGraece
910 3747 1031 3813 dietum
1053 3749 1115 3813 erit
1139 3749 1193 3814 uhi
1216 3761 1341 3817 utrum·

154 3871 220 3939 que
243 3849 418 3918 articulum
440 3851 621 3919 sustuleris.
670 3854 775 3935 Quum
801 3852 974 3921 dicendum
1005 3862 1054 3919 est
1073 3855 1189 3921 ἰδιῶται
1213 3859 1342 3924 ἀσκοῦν·

153 3980 209 4030 τες
233 3959 343 4039 ἀρετῶν
373 3958 496 4025 ἰδιωτῶν
523 3962 634 4040 ἀρετῆς
652 3963 849 4039 ἀμελούντων
875 3959 1086 4042 διαφέρουσιν,
1110 3961 1166 4044 qui
1187 3959 1340 4029 Veterum

154 4060 296 4147 eleganti
320 4063 490 4129 verborum
512 4067 741 4151 compositione
763 4074 903 4131 utuntur
924 4083 962 4130 ea
985 4061 1080 4129 verbo
1105 4065 1152 4130 sio
1175 4065 1343 4153 disponere

155 4167 281 4236 nolent:
305 4169 422 4236 ἰδιῶται
451 4171 573 4235 ἰδιωτῶν
597 4171 790 4255 διαφέρουσιν
814 4175 909 4253 ἀρετῇ
933 4173 1100 4245 ἀσκοῦντες
1125 4172 1344 4255 ἀμελούντων,

156 4280 196 4340 nl
218 4273 303 4360 apud
328 4274 443 4342 Herod.
464 4276 517 4342 tv.
544 4280 619 4341 lut.
