2940 5010
707 278 770 344 715

139 448 230 539 apud
248 470 360 519 omnes
382 452 610 520 decantatum:
636 455 809 541 Xenophon
837 453 904 518 sic:
938 450 1078 532 νόμισμα
1107 458 1239 521 τοιοῦτον
1267 478 1323 520 κα·

141 559 318 635 τιτύσκετο,
350 558 464 626 totns
486 567 568 639 μνῶν
598 560 688 639 μόνον
710 559 750 626 ἂν
773 561 816 633 εἷς
848 559 945 625 οἰκίαν
967 559 1100 624 eluendis
1123 559 1194 626 οὔτε
1214 558 1323 627 δεσπά·

141 686 206 738 τιις
234 664 305 731 οὔτε
335 665 457 740 οἰκέτας
481 665 580 733 λάθοι.
615 666 667 732 καὶ
704 666 767 746 γάρ
797 664 901 747 χώρας
934 662 1082 743 μεγάλην
1113 663 1165 728 κά)
1197 663 1324 745 dadino

140 770 277 848 δγοινῦν
307 768 397 836 δέοιτ’
432 769 481 836 ἄν.
529 769 723 837 Plutarchus
745 772 791 835 sic
820 788 890 854 cap.
913 771 954 834 9:
989 768 1150 849 οὶκυρύσας
1180 773 1245 835 πῖον
1278 769 1324 836 νύ·

140 896 252 956 μοσμοο
271 881 405 958 χρυσοῦν
427 875 480 943 καὶ
503 878 652 958 ἀργυροῦν
674 876 756 957 μύνιρ
777 876 910 957 χρῆσθαι
940 875 983 955 τῷ
1008 874 1113 955 σιδηρῷ
1134 873 1326 955 προσέταξε·

140 978 196 1047 nat
219 981 319 1064 τούτῳ
339 982 371 1047 δὲ
393 983 458 1048 άπὸ
490 989 606 1047 πολλοῦ
631 985 750 1060 ςαύμοῦ
776 981 829 1046 καὶ
852 979 944 1058 ύγκου
970 979 1099 1057 δύναμιν
1122 980 1231 1058 ύλύγην
1254 981 1324 1049 ἔδει·

139 1108 217 1163 πον,
247 1085 306 1154 ὅτε
329 1086 404 1153 δέκα
426 1094 508 1167 μνῶν
539 1088 675 1166 ἀμοιβὴν
698 1088 853 1162 οὲπούηκης
877 1108 913 1151 τε
935 1083 1084 1164 μεγάλης
1107 1084 1137 1149 ἐν
1160 1086 1241 1170 rittiga
1264 1089 1324 1153 δεῖ·

139 1190 213 1257 udat
244 1189 298 1255 καὶ
329 1188 458 1273 ζεύγους
490 1190 632 1270 ἄγοντος.
679 1191 849 1276 Compoeui
881 1188 961 1255 haec
986 1197 1021 1255 ut
1052 1200 1221 1275 appareret
1252 1191 1324 1257 Plu·

139 1293 291 1361 tarohum
315 1316 375 1363 sua
396 1318 415 1363 a
439 1296 647 1384 Xenophonte
670 1296 836 1360 sumsisse.
884 1293 997 1362 licitus
1018 1303 1128 1361 autem
1150 1294 1324 1383 Xenophon

134 1398 336 1489 plaustrum,
359 1400 514 1481 ἅμαξαν,
537 1421 633 1488 quam
659 1399 853 1467 Plutarchus
877 1400 982 1486 br'gus,
1013 1399 1144 1481 ζεῦγος,
1168 1401 1201 1465 in
1229 1420 1265 1467 ea
1289 1422 1325 1470 re

137 1506 271 1595 posuit,
302 1506 358 1575 sed
392 1506 477 1593 quod
503 1506 556 1573 hic
585 1508 714 1589 ζεύγους
737 1506 867 1586 ἄγοντος
904 1504 1038 1582 scribit,
1072 1505 1218 1592 suspicor
1239 1509 1325 1595 apud

137 1608 385 1698 Xenophontem
408 1612 469 1678 real·
485 1610 612 1692 ιδμάξνο
643 1613 828 1691 άγούσης
852 1631 923 1679 esso
946 1609 1200 1681 rescribendum.
1249 1614 1322 1681 Per·

137 1716 199 1803 β’
212 1715 387 1803 Xenophon
412 1718 481 1784 sio:
512 1719 637 1800 χρυσίον
670 1742 710 1796 γε
733 1722 795 1798 μην
824 1718 876 1783 καὶ
908 1716 1050 1797 ἀργύριον
1078 1717 1239 1798 ἐρευνῖιτοοι
1269 1722 1322 1788 καὶ

136 1818 180 1888 h
201 1822 236 1889 τύ
256 1846 316 1889 που
347 1829 435 1906 Φακῇ
468 1824 482 1888 ὁ
512 1822 593 1906 ἔχων
624 1823 798 1904 ζημιοῦται.
846 1820 985 1906 Lepidus
1013 1828 1063 1886 esi
1088 1820 1238 1889 Nicolaus
1266 1826 1324 1892 lla·

138 1944 311 1995 nasoanus
340 1927 426 2016 apud
459 1927 546 1994 Stoh.
583 1928 778 2007 hierihoh,
804 1932 870 2002 to,
899 1925 956 2011 qui
987 1945 1086 2011 quum
1121 1926 1198 1994 haec
1226 1931 1324 2016 negli-

136 2032 270 2119 gentius
292 2052 311 2099 e
333 2032 416 2099 libro
437 2032 656 2120 Xenophontis
688 2041 872 2120 excerperet
903 2031 982 2098 haec
1012 2031 1120 2099 dedit:
1156 2035 1324 2115 νομίσματι

135 2138 171 2205 dl
192 2144 330 2221 χρῶνται
355 2140 551 2222 σκυτύνῳ·
576 2140 630 2204 ἐάν
652 2140 684 2205 δὲ
707 2138 793 2220 παρά
813 2163 871 2203 τινι
895 2139 997 2221 εὑρεθῇ
1020 2139 1134 2220 χρυσὸς
1155 2141 1172 2216 ἣ
1193 2139 1323 2225 άργνρος

137 2242 300 2328 θανάτῳ
329 2245 514 2327 ζημιοῦται,
538 2246 594 2331 qui
623 2244 703 2310 nihil
728 2244 815 2310 aliud
849 2245 910 2309 nisi
938 2244 1068 2326 σκυτύνςο
1090 2253 1123 2310 et
1144 2245 1266 2330 ύοονάτςο
1285 2248 1325 2316 de

139 2368 202 2417 ouo
231 2349 366 2417 addidit.
420 2351 553 2436 ltaque,
585 2358 667 2416 teste
696 2348 927 2436 Xenophonte,
963 2368 1057 2415 nemo
1090 2349 1224 2437 Spartae
1254 2373 1323 2422 rem

135 2452 244 2522 haere
265 2464 298 2522 et
321 2475 397 2542 opes
420 2454 572 2541 colligere
595 2454 761 2522 studebat:
795 2457 829 2521 τύ
850 2455 913 2536 γὰρ
944 2453 983 2520 ἄν
1012 2455 1080 2520 ἐκεῖ
1099 2462 1323 2540 χρηματισμὸς

135 2559 361 2644 σπουδάζοιτο,
393 2561 519 2647 inquit,
554 2561 623 2626 ἔνθα
651 2565 669 2638 ἡ
693 2567 801 2634 κτῆσις
832 2561 957 2634 πλείους
992 2561 1098 2634 λύποος
1120 2561 1138 2638 ἢ
1164 2565 1182 2639 ἡ
1211 2572 1323 2646 χρῆσις

134 2666 328 2751 ιύφροσύνας
353 2666 507 2748 παρέχεις
533 2666 601 2735 Vll.
626 2671 657 2732 6.
686 2667 745 2733 nst
771 2665 830 2731 hoc
852 2666 981 2753 quidem
1002 2667 1084 2732 scite
1106 2676 1139 2733 et
1159 2667 1324 2755 eleganter

135 2767 263 2837 dictum
286 2780 319 2839 et
346 2792 400 2838 res
428 2781 478 2838 est
503 2771 724 2846 admirabilis,
757 2772 812 2838 sed
846 2770 926 2837 nihil
950 2770 1135 2837 huiusmodi
1165 2792 1321 2861 uniquam

134 2874 313 2963 Xenophon
337 2877 479 2956 uiderat,
512 2877 588 2944 oliuu
614 2879 659 2943 ita
683 2876 781 2942 luisse
815 2877 911 2963 ραιιύυ
934 2888 1092 2963 acceperat
1115 2898 1215 2963 quum
1240 2884 1322 2948 auti·

133 2980 211 3069 guis
233 2980 380 3047 moribus
405 2983 578 3049 viveretur.
625 2983 732 3067 Longa
753 2980 822 3047 dies
845 2980 946 3046 multa
968 2982 1001 3046 in
1023 2983 1115 3066 peius
1139 2995 1322 3055 mutaverat

132 3092 194 3153 ant
214 3085 308 3174 plane
330 3087 363 3151 in
388 3089 588 3153 eontrarium
616 3095 756 3154 verterat
777 3105 860 3172 quae
882 3082 957 3150 ollru
985 3086 1148 3172 praeclara
1170 3088 1318 3165 luissent.

133 3190 301 3261 laudatur
331 3191 501 3280 Lycurgus
532 3191 617 3279 quod
653 3194 798 3257 omniurn
835 3190 982 3256 fortunas
1015 3204 1227 3279 aequaverat:
1261 3218 1320 3268 sua

131 3296 253 3383 cuique
277 3316 353 3385 pars
374 3299 444 3383 agri
469 3298 633 3383 assignata
658 3297 756 3364 luisse
786 3308 958 3376 narratur,
993 3299 1012 3374 η
1036 3304 1200 3378 Λακωνικὴ
1229 3306 1322 3387 ἐφύη.

130 3424 202 3471 uro
220 3408 314 3469 πάσα
337 3408 459 3469 πολλῶν
471 3405 618 3486 ἀδελφῶν
638 3401 716 3470 εἶναι
736 3404 823 3474 renel
847 3403 1074 3483 νενεμημένων,
1097 3406 1182 3477 Ptnt.
1197 3409 1271 3499 layo.
1286 3419 1318 3480 8.

131 3506 253 3577 Narrat
283 3506 368 3573 idern
405 3507 599 3574 Plutarchus
633 3511 647 3575 ὁ
684 3517 816 3592 χρυσοῦς
852 3509 1011 3575 neminem
1046 3509 1180 3598 Spartae
1220 3516 1321 3588 luisse

131 3614 282 3701 inopem:
308 3632 448 3699 namque
469 3623 505 3680 ut
534 3617 671 3702 quisque
697 3626 792 3682 natus
822 3621 907 3682 esset
930 3624 962 3680 et
985 3615 1158 3700 probatus,
1182 3623 1228 3690 ita
1251 3634 1319 3693 sta.

129 3718 194 3787 tim
217 3727 325 3802 κλῆρον
351 3720 517 3800 uirgineis
542 3723 776 3804 ἐννακισχιλίων
797 3721 995 3804 προσένεμον,
1030 3722 1061 3786 in
1094 3724 1233 3814 Lycurg.
1261 3738 1315 3804 16,

131 3820 256 3893 &ntra
286 3833 376 3890 erat:
407 3826 450 3897 εἰς
484 3826 607 3903 ὀλίγους
641 3824 711 3902 ἧκεν
743 3831 761 3903 η
790 3830 899 3910 χύρα,
935 3835 971 3892 ut
997 3825 1096 3894 neten
1130 3833 1318 3908 Aristoteles

133 3927 242 4021 (ttulit.
263 3929 304 3995 ll.
330 3929 387 4018 6),
419 3931 473 4014 qui
503 3931 610 3997 addit:
644 3934 689 4002 ἔςι
723 3935 754 3999 δὲ
778 3933 830 4000 καὶ
855 3940 915 3999 τῶν
945 3941 1098 4012 γυναικῶν
1119 3940 1232 4019 σχεδὸν
1262 3955 1320 4023 τῆς

129 4034 236 4109 πάσης
258 4036 363 4117 χύρας
389 4041 448 4100 τῶν
475 4037 568 4103 πέντε
589 4046 685 4119 μερῶν
706 4039 749 4104 τοὶ
778 4041 850 4117 δύο,
871 4026 911 4105 ἐι
935 4040 1088 4106 maiorem
1118 4055 1243 4128 partem
1271 4053 1318 4117 ci·

128 4138 221 4207 vium
246 4140 280 4204 iu
316 4159 351 4205 re
376 4141 465 4206 tenui
490 4141 614 4222 luisse,
653 4153 689 4209 ut
714 4146 766 4210 vix
790 4154 848 4211 τῶν
870 4145 1010 4228 φιδιτίων
1031 4147 1182 4231 μετέχειν
1206 4165 1316 4240 potue·

127 4244 199 4311 rint
225 4253 258 4311 et
282 4245 402 4311 siclus
430 4246 572 4314 civitatis
603 4250 754 4317 retinere.
802 4250 988 4318 Celebratur
1012 4252 1152 4342 Lycurgi
1175 4259 1211 4324 τδ
1232 4263 1317 4340 σιδη-

127 4356 196 4433 ροῦν
218 4350 372 4432 νόμισμα,
395 4362 425 4418 ct
449 4364 623 4439 paupertas
648 4357 680 4421 in
704 4355 823 4423 honore
856 4357 964 4427 hahita
989 4359 1020 4426 in
1044 4361 1189 4430 omniurn
1213 4370 1318 4434 conti·

1299 4548 1452 4720 A
