2940 5010
714 311 774 374 801

147 486 334 556 Aristoteles
356 504 376 552 a
405 481 601 553 Schneidero
624 481 773 550 laudatus
796 482 926 550 ilhetor.
950 483 1007 553 Ill.
1033 506 1062 552 ν.
1088 490 1128 555 4:
1152 487 1245 572 τύχοι
1271 491 1334 571 γὰρ

146 591 187 660 άν
210 617 258 667 τις
281 593 314 660 ἐν
335 599 399 667 τοῖς
421 593 604 673 άρτιοισριοῖς
634 587 728 670 άρτιοο
752 591 770 668 ἦ
795 589 927 671 περισσοὶ
954 591 1046 657 einim
1066 596 1189 672 μάλλον
1210 597 1227 673 ἢ
1251 594 1335 661 τόσοι

146 696 228 780 ἔχει.
274 697 396 765 [ladem
427 716 524 783 opera
552 695 712 781 corrigam
739 693 920 761 Aristotelis
951 693 1051 762 alium
1084 696 1190 766 locum
1221 698 1261 766 ab
1285 721 1336 767 eo·

146 801 221 870 dem
251 801 448 870 Schneidero
477 800 655 867 indicatum
685 801 724 867 de
756 800 944 866 divinatione
977 805 1167 870 somniorum
1199 825 1268 892 eap.
1295 810 1335 872 2:

145 907 199 975 διά
219 908 252 974 δὲ
274 909 311 976 τὸ
334 909 441 975 πολλοὶ
464 907 517 973 ool
540 906 730 973 reprotaret
764 907 910 973 κινεῒσάοοι
939 907 1203 990 ἐπιτυγχάνουσιν
1234 910 1334 994 άστερ

145 1011 217 1080 ἔνιοι
235 1010 329 1096 άρτιιι
351 1013 525 1096 μερίζοντες
547 1011 757 1094 άρνιάζουσιν·
780 1010 880 1094 deae
903 1012 967 1093 γάρ
987 1012 1140 1093 λέγεται,
1164 1013 1203 1082 ἂν
1227 1017 1335 1083 πολλοὶ

145 1117 253 1204 βάλῃς
285 1116 397 1186 ἄλλοτ’
427 1119 552 1184 daunino
583 1119 698 1198 βαλεῖς
724 1117 777 1183 καὶ
810 1118 861 1184 ἔτ)
891 1117 1007 1185 τούτων
1036 1124 1126 1187 τοῦτο
1154 1122 1333 1202 συμβαίνει.

146 1224 246 1291 Recte
270 1222 506 1291 Schneiderus:
541 1220 641 1304 άστερ
666 1221 733 1290 ἔνιοι
761 1221 958 1306 άρτιάζοντες
990 1233 1150 1311 expuncto
1181 1225 1333 1310 άροτάζου-

146 1352 206 1396 σιν.
264 1328 339 1395 Vidi
370 1348 613 1416 nonnumquam
647 1327 803 1412 άρτιάζειν
836 1337 869 1396 et
900 1327 1051 1412 άρτάζειν
1085 1328 1216 1397 confusa
1247 1352 1276 1398 v.
1306 1353 1333 1399 e.

146 1433 232 1522 apud
255 1434 389 1501 Dionem
412 1432 578 1523 Chrysost.
597 1432 712 1501 XXVI.
738 1453 768 1521 p.
791 1438 867 1501 526.
899 1433 937 1500 ll.
963 1439 1040 1502 351.
1062 1435 1213 1523 Emper:
1237 1436 1334 1505 lihra·

144 1539 188 1607 rii
210 1537 292 1606 nihil
311 1538 491 1625 cogitantes
512 1547 743 1606 ΛΡΤΙΛΖΕΙΝ
761 1546 794 1606 et
813 1547 1030 1608 ΑΡΠΛΖΕΙΝ
1048 1539 1247 1628 distinguere
1270 1562 1333 1608 non

145 1652 292 1734 possunt.
340 1642 401 1711 Sed
437 1642 516 1711 latet
549 1651 713 1731 praeterea
745 1643 830 1732 apud
858 1645 1063 1714 Aristotelem
1095 1648 1204 1714 neseio
1239 1649 1333 1715 euius

144 1750 313 1818 senarius:

276 1862 282 1873 ·
327 1853 367 1921 iao
390 1855 498 1921 ποινὰ
517 1853 645 1942 adauge
667 1852 780 1922 ἄλλοτ’
802 1856 927 1923 ianitor
947 1857 1073 1936 βοιεῑς.

145 1960 314 2048 exaliqua
339 1967 432 2048 poeta
456 1959 583 2027 Comieo
609 1969 747 2027 sumtus.

192 2071 331 2158 Reperta
354 2065 456 2154 igitur
479 2064 565 2153 apud
598 2063 840 2153 Xenophontem
871 2085 947 2133 vera
978 2065 1141 2154 scriptura
1170 2064 1265 2133 inire
1289 2089 1330 2146 γε

142 2175 198 2242 rael
224 2176 251 2242 al
283 2174 396 2247 τοῖδες
428 2168 504 2238 ὅσον
534 2171 667 2254 wolton
699 2171 869 2238 τοσίνδοι
899 2172 1046 2239 δυ’νοιντοιι
1076 2173 1231 2250 άτοοτάν,
1267 2193 1331 2241 uon

144 2279 261 2348 inutile
283 2279 346 2347 erit
365 2275 622 2345 animadvertere
640 2275 799 2365 quomodo
821 2275 936 2343 vitiosa
955 2276 1112 2345 librorum
1134 2276 1231 2344 lectio
1254 2287 1331 2346 nata

143 2385 198 2454 sit.
245 2383 366 2471 Nempe
389 2402 428 2450 ex
455 2367 622 2449 ΠοΣῑΔΑ
646 2381 772 2468 stipites
798 2380 939 2468 primum
963 2381 1034 2449 noel
1054 2382 1236 2463 dederunt,
1260 2393 1330 2451 turn

142 2490 229 2579 quod
254 2495 423 2578 supererat
446 2507 546 2575 quum
574 2489 601 2554 δ’
623 2485 646 2554 ά
670 2506 741 2554 esse
763 2493 915 2572 putarent
937 2486 1145 2575 expleverunt
1174 2488 1214 2556 de
1242 2510 1332 2556 more

142 2595 256 2664 elisam
279 2595 421 2662 vocalem
453 2601 485 2660 et
517 2595 565 2660 sie
598 2590 673 2660 iren
706 2591 839 2674 τσιζυσι
873 2592 958 2659 τισὶ
989 2594 1026 2660 δὲ
1056 2591 1080 2661 ά
1111 2594 1332 2682 Xenophontis

140 2700 242 2768 libros
262 2701 434 2788 inquinare
464 2699 591 2785 eoepit,
624 2692 710 2784 duod
734 2696 941 2765 memorabile
965 2699 1146 2786 exemplum
1174 2709 1224 2766 est
1247 2700 1331 2767 uude

140 2806 248 2874 diseas
269 2805 366 2872 simul
393 2824 491 2892 quam
522 2803 682 2871 absurdae
711 2802 893 2870 soriharum
923 2802 1190 2870 hallucinationes
1214 2824 1273 2871 nos
1296 2806 1330 2870 iu

141 2911 296 2978 Veterum
319 2908 412 2976 libris
432 2907 641 2975 ludificentur
664 2916 695 2974 et
715 2928 813 2996 quam
836 2915 926 2975 eerta
944 2908 1167 2975 emendatione
1190 2908 1224 2975 id
1244 2910 1329 2997 quod

141 3036 256 3085 verum
280 3016 323 3083 sit
346 3032 513 3099 emergere
535 3010 707 3098 aliquando
730 3015 843 3100 possit.

186 3122 247 3189 Kal
278 3120 464 3199 τοῦτομὲν
491 3118 541 3209 (ιιι
571 3117 790 3204 Xenophontis
813 3116 918 3184 verhis
942 3116 982 3184 de
1012 3117 1058 3184 lle
1089 3118 1242 3204 Equestri
1258 3119 1327 3186 ΧΠ.

142 3233 196 3296 14.
220 3224 422 3315 concludam)
447 3224 736 3303 autonomiam
755 3223 808 3289 καὶ
835 3223 1014 3305 prodigere
1037 3223 1091 3291 ιιοιὶ
1114 3225 1328 3306 marrignana

139 3334 312 3418 γεγράφθω
343 3335 426 3412 ἡμῖν.
