2940 5010
663 275 724 336 551

97 466 229 537 quoque
253 444 321 513 ioco
348 445 435 513 mdia
459 443 608 511 Codicum
642 446 767 511 ratione
799 444 908 512 iratrita
932 447 1139 513 constituere.
1187 448 1286 515 Simi·

98 554 179 623 liter
201 554 287 620 sitne
309 579 334 619 ει
359 573 400 619 au
424 578 461 619 ιει
492 550 698 618 scribendum
722 552 914 637 nobisipsis
937 553 1179 619 estrideudmu
1205 555 1286 621 iudi-

101 656 330 746 candumque,
353 659 504 745 quoniam
530 657 562 721 in
584 656 635 720 bis
657 676 784 743 quoque
813 657 934 722 Punica
958 657 1112 724 librorum
1138 659 1216 726 tides
1239 669 1289 727 est

102 764 297 850 etantiqua
321 763 431 850 lingua
455 762 495 828 ad
519 763 704 847 sequiorem
728 761 906 828 socordiam
943 787 979 828 ιει
1005 764 1036 827 in
1062 789 1087 830 ει
1112 764 1287 850 depravan-

101 868 189 937 tium
210 868 322 935 retiota
348 878 406 933 cst.
454 867 609 934 Dicebant
634 866 766 933 Veteres
792 866 918 944 ὑγίεια,
941 878 1103 947 ταμιεῖον,
1127 872 1286 949 Ὀλνμιιί-

102 998 187 1053 ειιι,
208 976 252 1042 τοὶ
271 975 411 1052 Ἃλίεια,
436 973 498 1039 alia
522 980 694 1049 sexcenta,
717 974 748 1037 in
770 972 887 1058 quibus
909 997 946 1039 ιει
973 994 1012 1037 ex
1031 982 1120 1039 certa
1141 974 1288 1061 analogia

104 1079 354 1147 concurrebant.
402 1079 572 1165 Sequiores
595 1087 702 1164 spreta
725 1084 758 1143 et
774 1077 920 1161 ignorata
938 1076 1083 1164 analogia
1107 1081 1199 1158 ὑγεία
1218 1100 1289 1149 coe·

102 1192 224 1273 parunt
242 1184 350 1251 dicere
373 1192 406 1249 ct
426 1192 553 1263 ταμεῖον
577 1193 673 1259 cett,
706 1183 821 1249 deinde
852 1182 1008 1248 librorum
1032 1191 1176 1250 veterum
1209 1188 1289 1252 scri·

105 1298 222 1377 pturas
249 1289 290 1356 ad
312 1308 371 1355 sua
399 1289 478 1354 vitia
510 1288 761 1355 accommodare.
809 1287 897 1368 Quod
922 1288 975 1353 ubi
1000 1288 1098 1355 senrei
1120 1290 1290 1359 manifesto

105 1394 343 1481 deprehensum
375 1396 437 1461 erit
462 1402 494 1461 et
524 1396 653 1460 invictis
681 1394 882 1479 argumentis
913 1394 1130 1481 exemptisque
1161 1396 1289 1463 demou-

103 1508 246 1569 sumtum
270 1499 349 1587 quid
378 1519 496 1585 quaeso
531 1500 671 1585 proderit
694 1500 813 1585 passim
849 1500 987 1585 singulis
1020 1499 1098 1566 locis
1130 1501 1290 1569 subiicere

104 1612 216 1673 cer-tm
237 1605 489 1690 emendataeque
509 1606 690 1690 scripturae
715 1613 806 1669 notos
829 1623 954 1671 errores
973 1613 1006 1670 et
1025 1606 1212 1692 pervulgata
1236 1608 1290 1673 ho·

105 1712 318 1779 nuncionum
342 1710 445 1776 vitia?
493 1710 557 1775 Fac
581 1709 760 1795 periculum
793 1709 847 1775 ubi
878 1718 915 1775 tu
945 1709 1051 1787 voles,
1080 1711 1203 1779 ridebis
1233 1734 1291 1800 pro

105 1842 145 1885 ιει
167 1836 208 1885 ex
229 1816 363 1902 scriptis
384 1814 474 1881 tibris
497 1840 523 1881 ει
545 1813 682 1881 absurde
707 1816 865 1901 scriptum
889 1814 996 1880 afferri
1030 1818 1061 1881 in
1086 1838 1291 1906 quocumque

106 1920 264 1989 vocabulo
296 1946 333 1987 ιει
364 1920 442 1987 olim
467 1922 623 2007 coniungi
647 1920 801 1987 sotebant.
847 1920 938 2001 Quod
973 1941 1077 2007 nrrper
1100 1944 1137 1989 eu
1173 1925 1285 1992 bemo-

106 2026 223 2095 amane
245 2024 416 2093 afferebam
439 2028 558 2093 διοικεῖν
579 2046 637 2113 pro
647 2026 777 2092 διοικιεῖν
800 2023 938 2091 absurde
962 2027 1119 2112 scriptum
1143 2049 1214 2115 pag.
1229 2036 1289 2110 to,

111 2131 386 2201 reccaredum
414 2130 616 2198 emendatam
640 2132 835 2216 scripturam
858 2132 987 2196 διοικιεῖν
1010 2134 1042 2197 in
1069 2134 1197 2219 egregio
1215 2135 1290 2202 Cod.

109 2236 143 2307 S.
167 2237 314 2305 Parisino
336 2246 481 2312 exstare,
505 2234 662 2321 sequebar
689 2235 909 2314 modoetiam,
933 2237 989 2322 qui
1016 2238 1049 2301 in
1076 2237 1216 2307 editione
1239 2241 1290 2308 bi·

105 2344 231 2433 peienei
252 2361 396 2410 errorem
420 2361 517 2408 suum
537 2342 702 2425 corrigens
726 2339 835 2407 docuit
860 2342 892 2406 in
918 2342 1039 2427 optimo
1066 2343 1181 2411 Codice
1204 2345 1291 2414 truud

105 2468 203 2517 aecus
225 2456 323 2535 etque
346 2447 378 2513 iu
402 2448 541 2533 pessimo
565 2465 692 2533 quoque
721 2446 870 2512 vitiosam
894 2456 926 2512 et
947 2446 1119 2515 absurdam
1151 2453 1290 2538 scriptu·

106 2572 180 2623 mm
207 2554 328 2621 διοικεῖν
358 2572 521 2640 apparere.
570 2550 632 2616 Sed
655 2550 733 2636 quid
763 2570 929 2616 moramur
958 2552 1089 2619 Codices
1109 2556 1142 2620 iu
1167 2577 1202 2623 re
1225 2577 1291 2625 ma·

106 2657 252 2729 reitesta?
299 2659 365 2725 Hoc
398 2668 564 2724 teneamus
600 2676 696 2742 penes
728 2675 785 2721 nos
818 2655 900 2721 solos
934 2677 1004 2723 esse
1039 2668 1181 2728 statuere
1218 2672 1291 2731 utra

106 2765 274 2853 scriptura
294 2763 413 2851 ubique
436 2783 512 2829 vera
536 2763 599 2840 sit,
624 2760 709 2827 unde
736 2764 947 2846 consequitur
970 2772 1080 2829 nostra
1105 2766 1148 2831 nit
1172 2767 1293 2837 referre

106 2868 268 2961 quidquid
300 2870 334 2935 in
358 2868 476 2935 talibus
497 2867 571 2933 libri
597 2875 629 2933 et
655 2865 780 2931 librarii
803 2864 998 2953 discrepant.
1047 2868 1293 2941 Subridebimus

106 2974 167 3043 ubi
197 2976 294 3055 ὑγεία
323 2975 481 3061 scriptum
512 2994 582 3040 esse
611 2971 791 3038 videbimus
814 2980 871 3037 aut
894 2981 1022 3051 ταμεῖον
1051 2985 1108 3042 aut
1136 2978 1294 3065 quidquid

106 3078 388 3158 antummodo,
410 3079 600 3166 praesertim
625 3076 681 3144 ubi
704 3076 744 3142 ob
765 3075 859 3142 tidem
891 3075 1045 3143 librorum
1076 3080 1155 3146 istas
1183 3083 1293 3151 sordes

107 3192 170 3255 eut
199 3182 417 3253 commendari
442 3183 623 3250 ridebimus
653 3191 710 3249 aut
733 3181 865 3247 retineri
890 3190 947 3247 aut
972 3184 1082 3272 recipi.
1128 3186 1164 3252 ln
1191 3190 1293 3275 poetis

10 3294 17 3311 '
106 3310 207 3361 nemo
237 3297 333 3357 curat
354 3288 513 3355 librarios.
562 3288 665 3370 Quam
694 3307 788 3373 saepe
812 3288 924 3353 critici
944 3290 1047 3367 ὑγίεια
1071 3290 1200 3359 iubente
1224 3314 1293 3362 me·

106 3406 164 3465 tro
177 3403 393 3483 reposuerunt
413 3413 469 3479 pro
491 3394 595 3471 ὑγεία.
622 3392 763 3460 Alexidis
782 3391 1000 3475 fragmentum
1021 3403 1071 3460 est
1086 3396 1172 3482 apud
1195 3398 1293 3467 Ctem.

105 3500 201 3571 Alex.
228 3499 422 3587 Paedug.11.
449 3518 478 3585 ρ.
503 3504 578 3565 179.
603 3501 685 3565 καὺὑ
707 3500 759 3564 καί
785 3500 959 3578 ὑΚιομικὺς
983 3502 1064 3582 φοραί
1085 3526 1164 3568 τον·
1188 3504 1292 3587 μύροις

106 3608 325 3691 ὑπαλείφεται
353 3606 413 3678 τὺς
432 3612 543 3686 χεῖρας
565 3605 674 3684 ὑγείας
698 3605 788 3685 μέρος
815 3606 945 3684 μέγιςον
975 3606 1073 3685 δὺμὺς
1104 3608 1294 3691 ἐγκεφάλοιο

103 3712 234 3799 medae
257 3720 363 3779 τοιείν.
410 3711 508 3796 Fugit
538 3708 591 3775 bic
617 3708 705 3775 docus
737 3710 930 3777 dicinekium
966 3731 1066 3798 quum
1091 3713 1174 3779 idom
1208 3714 1294 3801 frag-

104 3824 257 3888 mentum
277 3838 317 3885 ex
343 3815 498 3882 Athenaei
520 3813 645 3880 duobus
675 3813 752 3880 iocis
775 3836 805 3901 p.
829 3820 872 3881 46
896 3819 932 3881 A.
957 3826 989 3883 et
1012 3821 1076 3885 687
1102 3820 1138 3885 l).
1173 3819 1293 3887 ederet.

104 3924 332 3993 Exsstemente
349 3920 568 4007 recipiendum
590 3922 693 4002 μύροις
714 3922 947 4006 ὑπαλείφεται,
974 3922 1069 4012 (apud
1093 3923 1292 3991 Athenaeum

102 4030 215 4113 μὺροίς
236 4027 320 4095 mate
342 4028 497 4093 omissum
522 4036 571 4091 ost
592 4034 624 4091 ct
649 4025 767 4112 iegitur
795 4027 928 4093 verbum
958 4027 1051 4093 nihili
1077 4030 1293 4123 ἐναλείφεται)

102 4142 142 4205 et
164 4136 213 4203 sic
236 4132 463 4201 scribendum:

853 4237 957 4318 μὺροις

293 4343 507 4423 ὑπαλείφεται
531 4343 590 4415 ads
614 4348 719 4425 ῥίνας,
743 4345 862 4422 ὑγιείας
885 4344 974 4425 μέρος
