2940 5010
716 348 758 412 tt

328 520 443 588 πσθται
465 526 612 599 γυναῖκες
636 521 741 604 ἱέρειαι
764 529 804 605 πῖν’
828 523 882 608 θεᾷ
907 520 999 590 trel..

145 644 222 692 vora
237 624 333 691 leotio
349 634 398 692 est
413 634 453 709 σρῖ
473 626 549 709 θεῷ,
572 646 611 693 ex
632 626 748 693 vitiosa
764 625 994 695 Graeculorum
1014 618 1246 698 consuetudine
1269 649 1335 698 ma·

146 732 237 797 nevit
259 732 331 816 θερῖ,
355 729 471 798 deinde
491 740 629 818 utraque
648 732 811 819 scripture
835 733 880 800 ita
902 731 1042 802 conflata
1065 743 1114 803 est
1136 744 1173 804 ut
1195 737 1337 825 genuina

146 843 180 903 et
200 837 325 906 sincera
349 855 464 903 novam
484 835 588 902 lehem
609 836 824 904 contraheret
872 838 989 907 Poetae
1011 838 1129 909 redde:

326 943 441 1010 τούτων
460 941 607 1022 γυναῖκθς
625 943 682 1008 rio'
705 941 811 1024 ἱέρειαι
834 953 874 1028 πῇ
898 945 963 1029 θεῷ.

146 1045 259 1134 ltaque
284 1045 344 1115 hoo
372 1067 499 1134 quoque
523 1048 652 1114 nomine
673 1066 809 1134 pravum
834 1058 867 1115 et
888 1049 1041 1116 vitiosum
1061 1058 1111 1119 est
1131 1057 1204 1118 σαῖν
1227 1052 1332 1131 θεαῖν,

145 1151 231 1241 quod
255 1172 350 1241 saepe
370 1152 495 1220 tihrarii
519 1153 630 1219 invitis
651 1153 833 1221 Atticorum
856 1154 996 1222 Comiois
1016 1162 1049 1222 et
1069 1153 1260 1224 Oratoribus
1283 1155 1336 1223 oh·

145 1256 304 1337 trudunt,
332 1258 387 1346 qui
411 1262 451 1327 σῖι
482 1259 553 1337 θεώ,
584 1259 619 1334 νὴ
639 1260 681 1325 σὼ
704 1259 778 1337 teri,
808 1260 858 1341 ee
884 1262 927 1328 σθν
950 1262 1027 1341 troi,
1057 1262 1125 1345 περὶ
1154 1264 1196 1329 σὼ
1225 1262 1278 1328 θεώ
1303 1270 1336 1329 et

143 1364 217 1430 sim.
241 1363 364 1431 intaeta
384 1364 566 1452 relinquere
589 1363 709 1444 solent,
740 1365 805 1432 nisi
826 1365 912 1452 quod
933 1365 1087 1435 semotio
1109 1366 1244 1435 Platone
1263 1386 1335 1455 pee-

144 1477 263 1537 earunt
280 1470 315 1536 in
337 1469 507 1559 Symposio
529 1470 755 1558 pag.180.li.
779 1470 834 1538 uhi
857 1490 958 1558 quum
981 1473 1140 1561 seriptum
1159 1471 1236 1538 otim
1258 1471 1335 1539 iuis·

144 1583 212 1642 set:
236 1582 301 1650 σῶς
324 1576 350 1642 δ’
371 1579 404 1643 σθ
428 1576 479 1643 θύα
500 1579 542 1644 σὼ
571 1578 646 1655 θεώ,
676 1580 694 1654 ἦ
717 1576 776 1658 μὲν
805 1580 943 1661 οθρανσῖν
973 1576 1135 1660 θνννθσνρ,
1158 1580 1176 1655 ri
1202 1577 1233 1644 δὲ
1261 1578 1335 1653 Διὸς

145 1679 198 1745 καὶ
211 1682 346 1760 Διθννρ,
364 1682 421 1748 alii
442 1682 580 1769 pessime
591 1681 635 1748 σα
645 1681 702 1748 θειθ
714 1680 754 1748 de
770 1701 830 1748 suo
849 1691 1104 1771 supposuerunt,
1124 1680 1180 1749 alii
1199 1684 1243 1750 σὼ
1263 1682 1336 1763 θεθ,

145 1785 229 1873 qnod
249 1785 355 1854 adhue
376 1805 488 1854 omnes
505 1788 579 1854 sine
597 1788 781 1875 suspicione
799 1797 943 1856 servant:
960 1797 1073 1856 eontra
1086 1789 1119 1854 in
1138 1795 1211 1855 σαῖν
1232 1790 1336 1869 θεαῖν,

145 1911 341 1979 quamquam
363 1913 425 1959 non
453 1894 563 1959 minus
584 1912 720 1981 pravum
738 1900 802 1972 est,
820 1891 959 1980 'plurimi
983 1893 1192 1980 pertinaciter
1210 1897 1335 1982 eonspi·

144 2006 233 2076 rant,
257 2019 337 2084 quos
355 2017 465 2065 omnes
479 2006 663 2065 contemnet
682 1998 738 2085 q'ui
759 2017 871 2064 eorum
892 1999 926 2064 in
950 1995 1011 2065 hoo
1031 2018 1149 2085 genere
1170 2001 1334 2067 temerita-

144 2112 210 2171 tem
230 2104 264 2168 in
285 2101 396 2169 multis
416 2103 624 2190 perspexerit
661 2102 697 2167 ln
721 2101 947 2190 Aristophanis
966 2102 1147 2192 Lysistrata
1173 2108 1270 2171 1265.

324 2207 404 2288 μθῖιε
427 2208 511 2291 δεῦρο
534 2205 668 2290 παρσένε
690 2205 760 2287 otri,
785 2206 792 2298 Ι
816 2208 938 2282 πιστὰς
958 2207 1116 2285 σπονδάς,

142 2331 339 2401 quamquam
367 2313 423 2381 σιθ
447 2313 616 2400 Spartanis
646 2331 708 2378 non
732 2312 928 2400 eripuerim,
959 2313 1093 2397 παρσένε
1123 2314 1195 2381 σιθα
1220 2316 1336 2383 rosori-

142 2418 283 2487 henduur
307 2438 377 2488 esse
400 2417 546 2486 ridetur:
571 2426 605 2485 at
626 2416 706 2484 iliud
725 2418 832 2507 ipsum
854 2420 931 2493 θεῖσι
955 2418 1041 2487 mele
1064 2420 1233 2508 irrepsisse
1256 2429 1335 2508 puto

142 2526 176 2591 in
200 2526 342 2594 iocosum
365 2525 488 2593 Cratini
512 2523 619 2590 locum
645 2520 731 2609 apud
751 2522 922 2611 Hephaest.
945 2544 977 2612 p.
992 2528 1047 2591 tr.

368 2631 464 2712 σιγθν
484 2654 535 2698 roa
558 2626 646 2704 θὶπας
669 2627 727 2712 ἔχε
748 2629 865 2710 cayeu,

367 2739 421 2804 eret
445 2736 554 2803 πθνσα
574 2734 668 2815 λόγον
691 2733 785 2816 enixa
808 2734 937 2803 πεύσει.

367 2847 441 2924 sipia
462 2843 489 2909 δ’
508 2840 612 2917 ’tiniam
637 2840 750 2923 παπρθρ
774 2839 854 2916 ἕσιν,

367 2949 504 3031 europe
521 2947 548 3013 δ’
571 2943 631 3026 ἅμ’
653 2944 803 3012 Ὀδυσσέϊ
823 2946 911 3030 trip.

141 3073 280 3142 namque
301 3056 368 3139 θεθνρ
386 3056 465 3122 nitio
488 3060 601 3121 notum
624 3051 737 3139 opinor
758 3070 797 3117 ex
816 3061 943 3119 ΔΕΙΩΙ
966 3049 1069 3119 idest
1092 3050 1161 3136 tto,
1184 3050 1269 3140 quod
1291 3070 1331 3118 ox

142 3162 281 3229 Homero
304 3163 458 3249 arripuit,
481 3159 571 3226 utin
592 3156 704 3224 eadem
723 3154 831 3222 iahuta
851 3155 927 3245 (σοῖς
944 3156 1159 3246 Ὀδυσσεῦσιν)
1182 3165 1215 3224 et
1235 3155 1328 3222 haee:

140 3266 276 3350 θρῶριαι,
299 3268 417 3351 θρθνρρας
442 3265 602 3348 tratrem,
625 3271 664 3338 πιῖ
689 3265 741 3326 νῦν
763 3261 833 3327 ries
853 3261 918 3327 πῖθι
941 3261 1072 3340 λαβών,
1096 3259 1151 3327 ubi
1168 3260 1272 3328 scribe
1290 3271 1330 3340 πῆ

141 3398 207 3453 νυν,
228 3381 262 3440 et
283 3373 403 3440 similia
426 3370 513 3437 alihi.
561 3368 623 3435 Sed
651 3364 729 3455 quid
758 3385 876 3453 quaeso
902 3374 966 3445 est,
990 3384 1050 3433 our
1072 3366 1129 3454 qui
1152 3367 1329 3435 Homerum

140 3479 188 3544 sio
213 3480 362 3565 sequitur
382 3483 514 3564 repente
536 3472 672 3558 δαρθζειθ
697 3470 776 3559 quid
799 3470 862 3537 sihi
883 3469 953 3536 vult
972 3475 1068 3553 σινθν
1085 3497 1137 3540 ννν
1160 3470 1249 3550 ἅπας
1269 3472 1328 3557 ἔχε

140 3583 255 3664 σιρθνθ
288 3593 354 3649 tam
383 3602 461 3648 sane
488 3581 567 3649 heae
597 3585 676 3647 sunt
700 3588 797 3665 atque
826 3574 915 3652 θπασ
945 3596 1004 3665 pro
1031 3582 1097 3655 mie
1128 3578 1329 3667 ineptissime

141 3688 277 3756 dietum.
316 3684 400 3770 Quid
426 3685 554 3755 multat
579 3683 678 3754 redde
698 3684 846 3753 Cratino:
872 3685 953 3764 σῖγα
971 3708 1023 3751 ννν
1044 3688 1132 3766 παῖς,
1155 3684 1213 3769 ἔχε
1237 3694 1328 3765 σῖγα.

140 3792 286 3863 totidem
315 3793 458 3860 manavit
481 3799 519 3859 ut
542 3790 706 3859 diceretur
727 3791 784 3859 θινὶ
808 3787 927 3865 odorae
951 3790 1005 3857 καὶ
1028 3794 1154 3871 πῖνσαι,
1177 3787 1327 3874 εὔχεσθαι

139 3903 216 3977 θεαῖς
237 3903 318 3968 πῖναι
342 3897 395 3965 καὶ
418 3896 556 3977 πθσαις,
585 3898 619 3963 in
643 3916 706 3983 quo
733 3896 858 3963 iooatur
881 3894 1114 3985 Aristophanes
1135 3895 1228 3963 Avih.
1250 3901 1328 3964 865.

140 4007 273 4090 εὔχεσθε
296 4044 340 4055 -
363 4003 470 4088 θρνισιν
495 4003 684 4085 Ὀλνριπθσιρ
711 4001 764 4070 καὶ
785 4002 981 4089 Ὀλυμπίῃσι
1005 4007 1085 4069 πᾶσι
1114 4001 1167 4068 καὶ
1190 3998 1329 4087 πθσρσι,

139 4112 225 4202 quod
248 4109 475 4180 Demosthenis
502 4129 599 4177 eausa
622 4127 860 4188 commemoro,
888 4109 923 4174 in
942 4109 1037 4176 euius
1057 4106 1256 4174 nobilissimo
1274 4127 1327 4175 ex·

140 4217 231 4287 ordio
250 4217 335 4305 apud
358 4235 471 4285 omnes
493 4213 629 4304 legitur:
659 4222 723 4291 σοῖς
746 4217 823 4291 θεαῖς
846 4215 983 4299 sixtum
1006 4217 1086 4281 πᾶσι
1109 4213 1162 4280 καὶ
1183 4211 1304 4290 πάσαις
1316 4259 1327 4294 ,

139 4341 334 4413 quamquem
359 4320 518 4413 quomodo
539 4331 603 4399 τοῖς
624 4322 757 4389 retineri
780 4323 882 4411 possit
904 4339 999 4389 nonno
1014 4308 1111 4387 troile
1133 4316 1231 4386 dieat.

142 4465 150 4482 ·
183 4431 230 4500 Ite
245 4432 384 4502 eruens
400 4429 480 4499 loeis
499 4427 737 4516 Aristophanis,
761 4427 817 4498 uhi
833 4444 1048 4519 personmum
1067 4425 1155 4496 risen
1177 4422 1327 4497 turbatae
