2940 5010
694 293 759 358 689

127 484 233 555 aeque
254 467 474 549 doxodrroc
498 465 620 544 ilerdam
643 476 731 536 reale
753 457 910 534 dicuntur
936 473 962 539 ol
983 469 1090 538 πολλὰ
1115 470 1166 537 θτί
1189 470 1307 547 τούτοιν

125 573 445 657 πραγματευόμενοι,
479 573 534 659 qui
564 573 763 640 immodicam
793 571 986 660 voluptatem
1019 592 1091 643 aera
1113 576 1309 661 poenitentia

125 676 231 747 nolent
254 697 371 745 emere.
420 679 558 745 liemare
582 679 804 766 importunum
827 687 858 745 et
875 680 1043 747 molestum
1066 680 1253 760 θμκιθντοτ,
1277 691 1310 749 et

125 800 207 850 nana
230 802 268 848 ac
295 784 462 870 perspicua
486 793 582 850 eruut
613 787 739 852 omnia:
764 787 846 852 οὐδὲν
875 781 964 861 ἦττον
988 788 1110 866 iareim
1133 825 1178 838 -
1199 799 1309 857 λντεῖ-

125 890 197 957 otae
222 890 254 957 di
276 889 356 954 πολὺ
380 888 521 956 ἔλαττον.

170 993 210 1063 ln
235 993 340 1060 verbis
362 993 386 1060 l.
411 1015 453 1061 tr.
481 1001 533 1062 10.
561 993 619 1077 dap
640 996 950 1078 μεηαλοτρετθςεμον
973 996 1057 1075 ἀξιοῖ
1075 1022 1110 1064 σε
1134 1000 1310 1081 θεματεθειν

124 1100 261 1182 armiro
280 1102 404 1179 μᾶλλον
425 1101 569 1180 τιμητέον
594 1101 673 1167 adri
685 1152 694 1179 ,
724 1101 844 1167 excidit
871 1103 1079 1190 participium
1106 1103 1154 1180 θν,
1179 1123 1312 1190 prorsus

124 1206 344 1273 manerium
377 1203 417 1270 ad
450 1207 641 1273 sententiam
680 1204 741 1289 θσῳ
774 1210 1085 1292 μεγαλοτρεσέτερον
1118 1211 1174 1300 (ὃν)
1206 1211 1309 1290 ἀξιοῖ,

124 1308 214 1399 quod
248 1308 324 1376 olim
359 1309 631 1399 Wyttenbaohiue
661 1320 693 1377 et
719 1310 935 1379 Schneiderua
965 1313 1223 1392 admonuerunt,
1255 1316 1312 1384 sed

124 1424 222 1485 nemo
253 1415 399 1502 praelruit
424 1435 547 1482 aurem.
595 1415 760 1484 Facillime
790 1415 821 1482 θν
845 1417 993 1486 excidere
1018 1419 1129 1487 multis
1155 1421 1312 1509 exemplis

123 1528 263 1591 mestar.
312 1520 353 1586 Ut
373 1539 437 1586 una
454 1519 599 1608 exemplo
621 1531 713 1600 utar,
735 1521 766 1587 θν
787 1521 906 1588 excidit
928 1525 961 1589 in
987 1525 1211 1593 Demosthenis
1235 1526 1312 1613 Lep·

124 1624 218 1695 linea
248 1627 267 1711 §
295 1629 345 1692 13.
370 1628 406 1692 τὸ
436 1627 494 1706 μὲν
525 1628 623 1692 τοίνυν
647 1632 703 1700 τῆς
727 1626 846 1700 πόλεως
871 1622 936 1702 ἦθος
960 1629 1012 1695 καί
1036 1633 1087 1697 ἐτ’
1106 1629 1212 1698 ἄλλων
1236 1647 1312 1699 πολ·

124 1736 190 1801 Αὕι
213 1731 268 1798 ider
289 1754 337 1803 τις
361 1729 400 1796 θον
423 1736 576 1806 τοιοῦτον,
603 1732 668 1797 into
691 1751 766 1797 vero
788 1737 923 1797 τοιοῦτον
946 1732 993 1799 θν.
1409 1819 1410 1822 ¹

171 1837 310 1905 Prorsus
333 1836 491 1902 assentior
516 1834 702 1924 Pluygersio
723 1835 748 1904 1.
768 1857 810 1902 rr.
830 1841 880 1902 13.
906 1837 924 1913 ἣ
948 1836 992 1903 ὅτ’
1016 1839 1055 1906 θιν
1075 1843 1191 1924 ιὶιιιύση
1216 1842 1234 1917 θ
1263 1841 1312 1928 ap

123 1942 145 2022 ἢ
172 1941 259 2026 μέθη
294 1941 476 2030 [ίιιανοοτέοα
506 1939 566 2027 tot]
604 1943 855 2020 διαμεμνῆσθαι,
888 1939 1043 2029 frigidam
1072 1943 1241 2012 emblema
1258 1966 1311 2014 ex·

123 2047 296 2139 pungenti.
663 2037 666 2045 ’

170 2154 209 2223 ln
243 2156 337 2240 517.
369 2151 482 2219 οίεσθαι
515 2149 564 2218 οὗν
592 2152 654 2232 xri
681 2151 733 2217 καί
757 2152 814 2227 την
844 2152 875 2216 io
902 2153 945 2234 τῷ
974 2154 1068 2220 τοιντί
1099 2155 1243 2237 φρθνησιν
1266 2157 1310 2223 τὸ

123 2258 236 2329 πάντα
258 2255 395 2332 θ’τοιςθν
417 2259 499 2339 αὐτῇ
521 2257 586 2332 idio
609 2255 626 2337 ᾖ
647 2254 723 2322 οὕτω
746 2258 898 2333 τίθεσθαι,
919 2257 1089 2343 persuadet
1113 2260 1192 2326 milri
1214 2261 1311 2350 Pluy-

122 2364 254 2453 gmina
286 2383 344 2450 pro
374 2364 427 2440 ἡδὺ
456 2359 731 2443 demandandum
767 2381 836 2427 esse
866 2363 947 2446 δοκῇ.
995 2363 1064 2429 llioi
1097 2375 1201 2451 potest
1229 2364 1310 2442 θτιιι

122 2468 167 2539 ὃν
188 2472 271 2553 aare
295 2469 428 2552 θιέσκη,
462 2466 510 2533 vel
541 2469 634 2547 Φίλαν
657 2464 697 2548 ᾖ,
729 2465 785 2532 sed
811 2467 865 2543 ηδθ
889 2476 922 2533 el
944 2471 1047 2546 γλυκύ
1071 2479 1104 2535 el
1128 2470 1249 2538 similia
1271 2470 1312 2539 ab

123 2576 314 2645 reiectura
339 2573 441 2648 aliena
466 2593 536 2640 esse
560 2571 713 2656 intelligo.

169 2680 209 2751 111
232 2682 364 2748 Memor.
382 2679 404 2744 1.
434 2700 462 2743 v.
493 2684 519 2743 l.
552 2678 604 2742 καί
626 2684 689 2751 τῶς
710 2677 750 2743 ἂν
772 2677 941 2754 οἰηθείημεν
961 2679 1014 2744 τθν
1031 2685 1165 2747 τοιοῦτον
1187 2683 1204 2758 ἣ
1226 2685 1311 2762 ἡμᾶς

122 2794 244 2859 cavom
268 2790 286 2865 e
310 2786 381 2858 τοὺς
415 2785 581 2862 πολεμίους
615 2790 821 2867 κρατῆσαι,
855 2783 1006 2868 quoniam
1031 2787 1238 2872 perspicuum
1262 2797 1313 2855 est

122 2892 165 2965 Ιν
187 2912 264 2961 eam
288 2891 473 2970 vindalonio,
498 2908 561 2952 non
583 2904 656 2953 cunt
683 2887 853 2952 infinitivis
872 2895 968 2955 σῶσαι
989 2898 1021 2955 el
1041 2900 1216 2971 κρατῆσαι,
1241 2913 1313 2960 esse

121 2995 405 3084 miungcndum,
430 2994 542 3060 aorisli
558 3012 636 3057 usus
660 2991 700 3057 ab
723 2990 783 3057 lool
809 2995 967 3059 sententia
992 2994 1117 3061 alienus
1140 3004 1208 3075 est,
1229 3017 1311 3083 quae

121 3104 271 3175 laturum
296 3104 402 3169 σώσειν
426 3107 458 3166 et
483 3100 646 3179 κρατήσειν
669 3098 818 3183 requirit.
867 3097 1094 3183 Perrulgatum
1125 3099 1184 3166 hoe
1207 3122 1311 3187 genus

121 3206 233 3279 mendi
257 3215 327 3284 est,
359 3226 452 3291 saepe
477 3224 494 3271 e
517 3203 626 3279 libris,
658 3222 751 3288 saepe
774 3223 814 3269 ex
838 3204 967 3288 ingenio
990 3204 1074 3291 apud
1100 3205 1218 3272 multos
1242 3227 1311 3275 cor·

121 3315 218 3389 mli.
264 3313 359 3383 Nulla
382 3311 534 3380 Codicum
564 3311 742 3375 auctoritas
767 3308 893 3375 officere
921 3329 1075 3394 umquam
1111 3314 1250 3398 poterit,
1275 3322 1312 3381 ut

121 3418 212 3507 οῐμαι
234 3421 287 3488 τθν
309 3424 443 3487 τοιοῦτον
467 3423 593 3483 σῶσαι
629 3414 811 3499 significare
837 3434 928 3502 posse
950 3414 1121 3483 credamus
1145 3417 1229 3485 idern
1258 3427 1310 3486 at·

121 3546 186 3621 11⁸0
207 3528 260 3595 τθν
282 3532 416 3593 τοιοῦτον
449 3522 596 3589 σώσειν.
646 3519 778 3587 Veleres
802 3527 858 3586 aul
882 3520 921 3587 oto
950 3519 1108 3587 atldeltanl
1134 3534 1190 3590 aul
1221 3524 1310 3593 lulu-

121 3652 198 3705 mm
230 3631 408 3720 ponebant:
445 3629 609 3714 aequiores
646 3627 693 3691 sic
724 3645 857 3714 peccare
890 3626 969 3692 satis
1002 3639 1205 3714 compertum
1238 3641 1308 3711 est,

120 3737 330 3831 quamohrem
361 3735 452 3802 nobis
483 3731 661 3800 carendum
693 3742 742 3799 est
773 3753 812 3800 ne
847 3731 982 3797 istorum
1017 3752 1144 3800 errores
1176 3735 1308 3823 impune

120 3844 340 3931 Antiquarum
365 3841 485 3928 scripta
511 3838 691 3923 inquinent.

165 3948 206 4019 lu
228 3947 253 4016 Ι.
279 3968 310 4016 t.
335 3952 367 4014 2.
400 3949 426 4014 εί
446 3983 492 3996 -
514 3943 722 4025 βουλοίμεθα,
751 3938 801 4025 οἶμ’
825 3941 983 4020 οὶξιθτιςον
1004 3943 1048 4015 είς
1079 3950 1185 4012 ταῦτα
1214 3949 1305 4025 ἥγη-

120 4054 277 4138 σθμεθα
300 4055 352 4121 τον
375 4056 517 4136 decursu
541 4049 634 4135 longe
657 4049 762 4135 potior
792 4057 841 4114 est
865 4047 959 4114 lectio
982 4067 1000 4113 a
1025 4047 1159 4116 Stobera
1180 4061 1305 4120 serrata

120 4161 312 4245 mcoelmrd'
337 4157 397 4238 ἄν,
420 4166 450 4224 el
476 4165 547 4245 post
572 4173 673 4241 pauca
697 4154 792 4234 ἔργον
824 4153 980 4224 ἕσιςοισί
987 4178 1031 4219 αν
1064 4156 1307 4240 pruiniacum,

120 4276 156 4339 nl
177 4266 212 4335 iu
240 4267 260 4354 §
285 4271 328 4342 (1,
350 4263 470 4339 ταύτην
499 4262 653 4343 τοιθτην
678 4261 709 4325 ἐν
726 4269 766 4343 τῇ
790 4266 881 4342 ψυχῇ
909 4259 1227 4339 κατασκευάσασθαι,
1250 4281 1306 4349 pro

120 4372 247 4448 ταύτην
279 4378 423 4455 πρῶτον
458 4377 490 4437 el
524 4368 556 4432 in
591 4367 608 4450 §
638 4370 667 4432 5.
702 4365 921 4433 δονλεθοντι
956 4366 989 4434 δὲ
1017 4403 1063 4416 -—
1088 4366 1305 4436 ίιιετειιτὲον

1039 4477 1065 4518 ιι
