2940 5010
717 260 782 323 506

153 435 349 521 scriptores,
381 434 436 520 qui
468 452 506 501 ex
536 434 702 498 communi
733 432 929 499 Litterarum
960 431 1128 519 oeulrspio
1155 438 1337 501 evaserunt.

154 538 372 627 Xenophontis
394 538 558 605 codicibus
588 538 712 605 utimur
735 536 949 605 deterioribus
979 556 1084 624 neque
1111 537 1259 624 antiquis
1290 556 1337 603 ne·

151 666 214 733 que
245 646 401 730 integris;
436 642 636 732 Thucydidis
665 642 829 728 eliquanto
861 641 1049 711 meliorihns
1079 650 1114 711 et
1143 641 1337 729 quibusdam

150 751 366 838 pervetustis,
396 755 650 836 quemquamst
681 747 727 814 itti
752 756 878 815 scatent
907 748 996 815 vitiis
1018 746 1074 815 sed
1104 746 1289 819 levioribus
1310 756 1337 821 et

150 876 234 943 quac
258 857 366 922 sanari
390 856 536 942 possint:
563 851 714 921 Herodoti
735 861 767 920 et
790 853 981 920 veterrimos
999 862 1032 920 et
1054 853 1288 938 integerrimos
1307 852 1337 921 li·

151 961 226 1028 hros
249 960 405 1028 hahemus
427 960 636 1047 superstites:
662 959 773 1026 insunt
793 960 826 1025 iu
843 958 885 1025 iis
903 977 1030 1045 quoque
1051 957 1204 1026 omnihus
1223 957 1337 1027 menda

10 1094 14 1104 ·
150 1065 317 1153 complura
341 1074 374 1132 et
400 1064 556 1153 quaedem
589 1063 750 1141 foediora,
783 1061 839 1131 sed
871 1083 1046 1150 permagna
1076 1084 1153 1153 pers
1186 1063 1337 1133 Hemdotr

151 1169 412 1239 emendatissima
444 1170 572 1256 legitur.
620 1168 819 1236 [imhlematn
848 1175 881 1236 et
911 1167 1131 1237 additamenta
1157 1178 1194 1237 et
1222 1168 1337 1257 glosse-

150 1285 238 1344 rnatu
258 1277 291 1342 io
314 1276 465 1342 omnibus
486 1276 630 1340 omnium
651 1273 743 1339 libris
763 1284 857 1350 suut,
879 1283 1022 1360 suntque
1043 1276 1228 1361 pervetusti
1253 1273 1337 1341 nullo

148 1402 213 1448 nou
241 1380 352 1447 codiee
377 1380 471 1466 longe
500 1379 656 1465 longeque
682 1380 883 1466 antiquiora,
919 1380 951 1447 io
986 1379 1104 1467 quihus
1131 1387 1211 1447 suut
1241 1399 1334 1467 quse

151 1485 225 1552 dam
250 1494 317 1552 tam
347 1483 517 1552 manifeste
542 1494 578 1551 ut
602 1505 699 1551 usuro
728 1482 878 1551 dubitare
907 1484 1010 1572 possit
1038 1493 1168 1572 praetor
1196 1502 1254 1551 eos
1283 1486 1335 1572 qui

149 1591 266 1659 harum
291 1610 399 1658 rerum
431 1608 563 1676 prorsus
583 1590 686 1675 ignari
712 1599 745 1657 et
773 1588 973 1676 intedigeodi
1000 1587 1155 1657 facultate
1187 1589 1333 1659 destituti

150 1707 259 1763 tamen
285 1697 384 1762 inrita
409 1702 525 1761 natura
555 1704 587 1762 et
610 1695 710 1761 Husis
733 1695 826 1762 iratis
856 1694 896 1762 de
927 1696 1007 1763 artis
1030 1694 1164 1763 critices
1197 1696 1336 1765 inventis

149 1803 304 1870 iudicant.
351 1804 456 1888 Atque
479 1799 513 1865 hi
535 1799 665 1886 quidem
690 1798 841 1867 truantur
864 1800 949 1887 quod
972 1808 1098 1879 ament,
1120 1801 1157 1869 ri
1181 1801 1209 1870 δ’
1229 1798 1268 1868 οἶν
1295 1825 1334 1869 νι-

147 1908 247 1976 κίσυ.
294 1908 331 1973 lu
354 1904 512 1974 Herodoto
534 1914 585 1972 sat
605 1904 707 1972 multa
730 1906 921 1992 interpolata
942 1914 1037 1973 sunt:
1062 1905 1156 1993 plura
1177 1907 1279 1975 etiam
1301 1908 1334 1973 in

147 2012 357 2102 Xenophonte
376 2021 408 2079 ct
424 2011 616 2097 insigniora,
637 2010 697 2077 sed
720 2011 858 2097 pessirue
880 2011 1011 2078 hahitus
1032 2020 1082 2079 est
1106 2010 1334 2102 Thucydides.

148 2120 181 2185 in
208 2120 305 2185 cuius
336 2119 479 2183 oratioue
506 2115 614 2182 sobria
644 2123 676 2182 ct
704 2118 832 2183 concisa
865 2116 992 2184 intincta
1016 2115 1210 2185 ernhlemattt
1233 2117 1336 2187 ntultc

147 2233 225 2290 sunt
244 2223 427 2288 molestiora
448 2241 548 2309 qnam
571 2222 605 2287 in
630 2219 851 2308 Xenophontis
881 2224 989 2289 natira
1011 2220 1221 2310 simplicitate
1242 2231 1277 2291 et
1298 2224 1335 2291 ιἰι

146 2330 248 2396 lactea
270 2327 416 2394 ubertate
437 2326 598 2394 Herodoti.
645 2327 775 2393 Faciam
794 2326 836 2393 eh
854 2327 1025 2395 Helleuicis
1046 2328 1196 2405 initium.
1219 2326 1337 2397 deinde

146 2433 368 2524 Thucydidem
401 2452 588 2519 percurram
612 2443 645 2498 et
666 2432 699 2497 iu
728 2431 887 2499 Herodoto
915 2432 1073 2500 desinam.
1117 2432 1238 2501 tentus
1268 2435 1333 2503 inm

145 2550 240 2607 antea
265 2538 483 2624 Xenophontis
504 2537 588 2603 locos
609 2556 646 2604 ea
670 2537 741 2604 labe
762 2536 895 2605 inlectos
914 2537 1052 2605 subinde
1071 2541 1222 2607 tractavi:
1249 2560 1335 2607 nunc

145 2645 308 2713 Helleniea
341 2642 452 2710 ordine
485 2642 657 2729 diligenter
690 2642 831 2729 relegam
865 2652 898 2710 et
928 2652 965 2711 ttl
996 2644 1148 2732 quotque
1182 2644 1335 2714 inciderit

145 2748 269 2817 fraudis
293 2748 450 2815 indicium
474 2756 531 2813 aut
549 2749 691 2835 suspicio
714 2769 813 2837 quam
837 2757 946 2836 potero
968 2749 1158 2819 hrerissitse
1175 2749 1305 2819 metello.

189 2853 422 2942 lnterpolatum
447 2862 494 2919 est
515 2873 630 2920 nomen
651 2856 818 2942 proprium
839 2856 872 2920 iu
888 2854 1012 2922 Hellen.
1028 2856 1054 2922 l.
1071 2875 1091 2921 ι.
1116 2858 1172 2923 et.
1221 2862 1334 2940 Ἑῳμο·

144 2960 260 3044 κιοίτην
283 2999 328 3009 -
351 2958 464 3037 εὐδίξει
496 2959 602 3037 λέγειν
633 2985 668 3025 τε
700 2962 792 3027 δοκῶν
823 2961 879 3028 καὶ
912 2960 1073 3040 βουλεύειν
1103 2961 1147 3027 τοὶ
1176 2960 1334 3042 κρασιςα,

144 3068 361 3149 κατηγορήσας
383 3066 415 3131 δὲ
438 3064 671 3148 Τισσαφέρνους
693 3068 724 3131 ἐν
747 3066 961 3145 Λακεδαίμονι
991 3065 1230 3155 [Ἑρμοκράτης]
1245 3118 1259 3145 ,
1282 3066 1334 3135 ni-

143 3172 188 3239 hil
211 3180 261 3239 est
289 3170 473 3237 istiusmodi
499 3170 624 3236 mendis
654 3170 856 3257 frequentius
883 3179 915 3237 et
946 3172 999 3237 vis
1022 3172 1170 3257 cepimus
1197 3172 1333 3241 tardila·

145 3288 209 3344 tem
234 3286 266 3343 et
289 3276 472 3343 fatuitatem
504 3295 637 3353 eorum,
670 3276 788 3362 quihus
812 3275 1004 3343 emblemata
1038 3276 1070 3343 id
1098 3297 1202 3364 genus
1226 3278 1333 3367 impu·

143 3383 241 3449 landa
263 3390 350 3448 sunl.
397 3380 467 3446 thid
489 3382 515 3447 l.
541 3402 561 3447 1.
584 3385 639 3448 33.
664 3380 751 3462 sapei
781 3382 817 3447 τί
844 3381 974 3449 Λύκειον
1001 3381 1226 3471 [γυμνασιον],
1250 3382 1332 3452 mttl·

144 3490 188 3555 tis
211 3487 342 3553 demum
366 3487 460 3553 annis
483 3495 554 3573 post
577 3485 798 3572 Xenophontis
825 3494 964 3554 aetatem
991 3495 1057 3555 tam
1084 3497 1198 3554 notum
1220 3496 1255 3555 et
1278 3508 1331 3555 no·

142 3591 207 3660 hile
234 3612 349 3658 nomen
374 3593 478 3677 potuit
510 3593 604 3658 istem
640 3592 938 3679 interpretationem
968 3593 1095 3660 elicere.
1142 3593 1256 3661 Eresit
1276 3592 1331 3661 tv.

141 3721 185 3767 ιιι.
211 3704 241 3765 4.
265 3699 296 3762 ἐν
319 3699 361 3779 τῷ
385 3697 534 3779 Κρανείῳ.
562 3696 616 3762 uhi
630 3697 731 3764 miror
753 3716 817 3764 uon
842 3718 912 3765 esse
929 3696 1131 3786 adscriptum
1150 3701 1332 3785 γυμνασίῳ,

144 3813 201 3873 aui
224 3801 299 3871 οὕτω
324 3802 501 3885 καλουμένῳ
524 3805 697 3886 γυμνασίῳ.
745 3801 807 3870 Sed
831 3803 1031 3890 adscriptum
1058 3811 1107 3871 esl
1129 3805 1334 3891 ineptissime

142 3913 184 3978 tt.
195 3931 230 3976 ιι.
244 3914 275 3976 8.
297 3907 352 3974 uhi
377 3927 477 3974 uuum
491 3909 636 3974 omniurn
653 3907 888 3975 nobilissimum
902 3911 1108 3998 gymnasium
1121 3910 1331 3981 nominetur:

141 4014 397 4099 ἒςῳατοσέδευσεν
415 4015 445 4079 ἐν
465 4023 504 4097 τῇ
516 4014 712 4098 Ἀκαδημείᾳ
738 4013 795 4102 [spi
817 4016 996 4099 καλουμένῳ
1015 4014 1216 4105 ῳυμνασίῳ],
1239 4015 1334 4087 haec·

43 4176 50 4191 .
142 4125 216 4191 ciue
235 4132 271 4188 tu
296 4119 536 4207 Xenophontem
562 4120 668 4205 ipsum
690 4120 859 4207 scripsisse
877 4121 986 4210 putasl
1017 4121 1129 4189 Evasit
1150 4120 1203 4189 vt.
1222 4143 1252 4189 r.
1277 4128 1333 4193 hd.

142 4230 174 4293 ἐν
193 4226 390 4312 ’Λκαδκμείῳι
413 4227 676 4293 δειπνοποιεῖσθαι.
709 4224 884 4314 Utrobique
906 4235 1098 4316 perpetuum
1124 4226 1191 4295 lero
1214 4228 1335 4299 citium

145 4335 178 4399 in
207 4333 267 4401 hoc
299 4333 429 4401 nominc
459 4331 639 4415 ’λκαδνμίῳ
670 4331 806 4399 Hindorl
833 4333 977 4402 sustulit.
1032 4333 1069 4402 ln
1093 4333 1118 4402 1.
1142 4354 1175 4401 u.
1208 4338 1242 4403 i.
1274 4338 1337 4407 διε·
