2940 5010
650 284 713 348 453

90 460 294 539 adcendere
321 462 480 547 potuisse,
515 469 551 526 ut
580 459 675 526 urbes
707 462 913 545 cognomines
944 461 1167 547 distingueret.
1214 464 1273 531 Ne·

91 586 157 655 qne
178 566 266 633 enim
297 574 367 633 erat
390 585 487 653 opos,
520 585 623 653 neque
654 566 701 632 sie
726 565 937 633 Athenienses
956 569 989 634 in
1016 567 1071 633 tati
1103 588 1137 635 re
1166 568 1272 656 ioque·

91 672 234 750 huntur,
266 670 323 738 sed
347 673 461 753 Ἀρκὰς
485 673 519 737 ἐκ
541 670 708 754 Μεθυδρίου
740 670 787 736 tel
810 672 993 753 Μεύυδρνεὺς
1017 674 1051 738 ἐκ
1080 683 1135 750 τῆς
1157 676 1271 757 Ἀρκα·

89 776 161 853 δίας
192 776 362 854 dicebant,
394 786 430 844 ut
451 777 588 856 Μοίχννς
610 779 644 842 ἐκ
667 784 723 851 τῆς
749 778 860 851 Ἀσίας
885 786 941 843 aut
963 781 1131 859 Μεγαρεὺς
1154 788 1213 846 τῶν
1241 784 1274 848 ἐν

92 884 234 967 Σικελία.
290 880 425 949 Omnem
457 883 644 970 serupntom
676 881 789 948 evellet
821 880 880 948 tibi
915 881 1004 948 iocus
1036 883 1205 951 Aeschinis
1240 887 1273 952 in

89 986 317 1076 ctesiphonten
347 992 364 1073 ἓ
393 992 467 1054 158.
499 987 593 1075 plane
627 987 737 1055 eodem
770 985 864 1053 motio
897 987 1108 1074 interpolatus
1149 992 1273 1067 πολλὰς

92 1095 264 1177 πρεσβείας
288 1093 500 1176 ἐπρέσβευσαν
522 1094 566 1167 είς
593 1095 705 1174 Θήβας
728 1095 754 1159 οἱ
776 1092 888 1173 aare·
911 1095 1025 1168 οίκείυς
1054 1095 1175 1170 ἐκείνοις
1207 1097 1271 1162 δια·

94 1200 247 1281 κείμενον,
279 1206 394 1283 πρῶτος
417 1200 475 1280 ρεέν
509 1196 608 1287 [ούτος
642 1197 811 1286 ςρατνχίς]
851 1198 1070 1280 Θρασύβουλος
1101 1202 1116 1266 ὁ
1149 1212 1271 1268 Κολλυ-

89 1305 166 1381 τεύς
187 1342 256 1383 ·-,
275 1304 453 1384 Λευδοίμας
476 1306 490 1370 ί
513 1304 685 1386 ’Λχαρνεύς
715 1306 777 1385 ούχ
804 1300 893 1378 ἦττον
926 1305 1134 1384 Δημοσθένους
1165 1308 1271 1387 λέγειν

90 1408 258 1491 δυκύραενος
284 1413 360 1477 ἀλλ’
384 1410 491 1491 ἔμοιγε
514 1411 567 1477 καί
599 1409 708 1487 ἡδίων,
735 1409 841 1497 [petron
866 1408 917 1474 καί
946 1407 1050 1496 οὗτος]
1080 1414 1271 1495 Ἀρχέδημος

91 1514 241 1595 lilino?
270 1516 323 1583 καί
347 1517 474 1590 δυνατδς
496 1517 594 1582 steen
623 1514 675 1580 καί
708 1514 815 1581 πολλοὶ
846 1516 1074 1592 κεκινδυνευκὼς
1100 1520 1131 1585 ἐν
1157 1530 1196 1603 τῇ
1219 1544 1272 1586 το·

89 1622 196 1707 λετεία
225 1622 278 1689 aa
313 1621 493 1702 Θηβαίους,
531 1619 749 1711 [δκμαχυχίς]
782 1625 953 1703 Ἀρνςοφύν
984 1622 999 1686 ί
1026 1621 1184 1705 Ἀζηνιεύς
1205 1664 1272 1704 -,

94 1726 220 1815 [ίιίτυρ]
250 1726 435 1809 Πύρρανδρος
462 1727 476 1792 ὅ
505 1726 716 1810 Ἀναφλύςνος
746 1728 812 1792 κτέ.
858 1724 958 1792 Nemo
981 1734 1174 1812 potestesse
1206 1738 1271 1798 tam

92 1830 208 1899 tarum
228 1840 261 1899 et
284 1831 403 1899 hardm
432 1839 469 1897 ut
492 1832 554 1898 ista
582 1831 666 1898 terre
686 1832 809 1917 possit,
839 1838 872 1897 et
903 1838 1009 1897 tamen
1039 1832 1073 1896 in
1093 1836 1270 1901 vetustissi-

91 1938 158 2005 mis
185 1936 381 2004 membranis
411 1936 532 2004 saecuti
562 1936 606 2002 lX
627 1955 666 2001 an
693 1936 743 2011 X,
768 1934 944 2022 multisque
970 1933 1042 2002 attis
1074 1947 1270 2025 comparent.

91 2042 170 2111 sine
201 2041 317 2111 mendo
347 2042 544 2129 legiturIV.
570 2044 691 2109 v1.20.
738 2042 940 2122 Ἀρντύνυμος
971 2044 1154 2124 Μεθυδριεύς
1185 2043 1273 2126 ἐρχε·

90 2172 168 2227 ταν,
198 2148 443 2215 etIV.vr1.8.
489 2148 701 2229 Καλλίμαχος
722 2146 914 2227 Παρρύονος,
945 2155 978 2212 et
1001 2150 1020 2233 §
1041 2153 1073 2214 9.
1113 2151 1271 2227 Ἀγασίας

90 2254 123 2321 δέ
146 2254 356 2338 Στυμφαλίας
379 2254 431 2321 καί
454 2256 656 2335 Ἀρνςύνυροος
685 2251 890 2332 Μεθυδριεύς,
914 2260 946 2317 et
969 2249 993 2341 S
1022 2258 1072 2319 ll.
1095 2255 1272 2338 Εὐρύλοχον

88 2360 145 2429 τὸν
173 2360 310 2427 Λουυνέα
344 2358 507 2449 (Λουσία),
539 2367 572 2425 et
604 2356 672 2423 vii.
696 2376 737 2421 tt.
772 2360 824 2421 16.
856 2358 987 2429 Σνλανδς
1019 2360 1197 2437 Μακέςνος,
1230 2360 1270 2427 ad

89 2482 188 2551 quam
210 2467 369 2533 rationem
397 2464 567 2552 expunctis
591 2460 844 2548 magisteliorum
874 2464 1149 2531 annotatinnouhs
1182 2486 1271 2533 reno·

87 2568 186 2637 matti
208 2578 284 2637 sunt
307 2570 391 2650 loci,
414 2590 495 2657 quos
517 2587 615 2656 supra
643 2569 863 2655 apposuimus.

133 2676 246 2765 Ipsum
259 2694 375 2742 nomen
390 2676 567 2755 Ἀγασίας,
591 2691 787 2759 quamquam
801 2670 935 2739 tinentiis
947 2681 1014 2752 est,
1034 2674 1163 2742 vitietur
1175 2677 1270 2766 Spar·

88 2788 243 2849 tenorum
267 2800 357 2848 more
377 2801 415 2848 ax
438 2777 557 2858 ἀχαίίς
582 2796 652 2844 esse
680 2776 935 2856 formaremus,
966 2787 1002 2845 ut
1024 2800 1063 2845 ex
1088 2781 1190 2850 torma
1213 2784 1269 2851 La·

86 2886 203 2955 eunica
234 2887 358 2964 ύχαοίς
390 2885 623 2973 produceretur
655 2884 814 2962 Ἀγασίας
848 2892 880 2950 et
909 2887 1121 2964 Ἀχαυνοίδας.
1177 2891 1268 2975 Apud

87 2990 266 3061 Diodorum
289 2990 434 3058 Sioutom
456 2989 542 3058 viti.
567 2993 620 3055 tt.
652 2998 924 3055 commemorator
942 2990 1136 3068 Ἀχαίνύδας
1159 2995 1269 3075 ipsein

84 3098 225 3179 γεγονὸς
246 3102 301 3163 τοῦ
325 3095 506 3171 Φαλύνίου,
538 3094 594 3181 qui
618 3091 774 3159 coloniam
796 3094 970 3159 Tarentum
995 3092 1137 3163 deduxit.
1184 3100 1268 3169 Vera

85 3202 192 3271 forma
216 3202 371 3269 Laconica
395 3208 465 3267 erat
495 3198 715 3279 Μασάδας,
748 3218 843 3285 quam
872 3200 901 3264 si
933 3218 995 3264 non
1029 3202 1165 3268 retinuit
1200 3206 1268 3292 ipse

84 3306 263 3387 merome,
285 3314 320 3373 at
340 3313 427 3374 eerte
449 3303 598 3392 Ephorus
623 3306 819 3382 retinuerat,
844 3323 939 3390 quem
961 3304 1014 3371 ille
1036 3306 1068 3371 in
1093 3306 1153 3374 hae
1177 3320 1267 3398 parte

82 3412 242 3481 historiae
264 3412 355 3499 sequi
377 3410 468 3478 solet.

131 3518 170 3587 lu
181 3516 234 3585 IV.
249 3537 281 3583 ti.
296 3522 327 3583 t.
351 3519 418 3583 ἐπεὶ
442 3518 473 3582 δέ
494 3516 583 3599 ᾤοντο
601 3517 736 3598 οίφανεΐς
756 3510 833 3582 εἶναι
845 3514 1008 3595 οίτνύντες,
1032 3518 1154 3586 inserta
1165 3525 1266 3609 parti·

83 3620 163 3691 ttulit
187 3621 293 3689 scribe
316 3624 451 3703 οίΦανεῖς
471 3621 509 3688 ἂν
532 3618 627 3699 εἶναι,
652 3621 751 3687 idest
773 3620 862 3703 ᾤοντο
885 3623 990 3689 λαίεῖν
1009 3621 1049 3689 ύν
1072 3626 1140 3692 sive
1162 3631 1267 3706 λύτενν

81 3726 254 3808 holme,
282 3736 316 3793 et
346 3730 379 3793 in
409 3726 487 3816 §a
523 3725 615 3793 ἄλλον
643 3727 674 3792 δὲ
697 3764 742 3775 -
765 3726 938 3808 ἐπορεύοντο
968 3725 987 3810 ᾗ
1016 3728 1127 3811 ἔτυχον
1161 3731 1266 3804 ἐκαςον

80 3834 170 3909 ἐντος
197 3834 250 3901 καί
281 3834 460 3915 οίναβοίντες
483 3834 521 3906 cte
544 3832 686 3898 ἐδύναντο
710 3832 826 3910 οίνίροων
852 3835 1009 3909 ἀλλήλους
1040 3846 1105 3910 τοῖς
1128 3826 1265 3920 δίραυνν,

82 3958 106 4007 a
130 3936 341 4028 Xenophonte
369 3938 418 4005 sio
449 3956 520 4003 esse
547 3938 704 4022 seriptum
729 3936 889 4005 arbitror:
919 3939 1092 4020 ἐπορεύοντο
1112 3940 1132 4024 ᾖ
1153 3942 1265 4027 ἔτυχεν

83 4042 198 4119 ἕκαστος
221 4046 275 4111 καί
305 4043 485 4123 ἀναβάντες
509 4045 573 4109 κτέ.
606 4043 653 4108 sie
676 4049 708 4107 et
733 4043 764 4107 in
798 4040 897 4131 §12
934 4043 1003 4129 tege
1037 4047 1266 4127 ἀναβαίνοντας

83 4148 148 4237 ύη
169 4150 296 4217 ἐδύνατο
326 4148 436 4223 ἐκαςος
470 4168 528 4235 pro
558 4148 711 4214 ἐδύναντο.
757 4146 912 4234 Compara
935 4148 990 4214 iii.
1013 4170 1034 4214 r.
1059 4156 1092 4217 5.
1128 4154 1266 4225 α’νεταύ-

82 4280 153 4325 οντα
188 4256 221 4323 δὲ
254 4254 329 4323 ύτου
358 4254 536 4337 ἐτύγχανεν
570 4252 700 4329 ἐκαςος,
736 4262 768 4319 et
802 4253 852 4319 Vl.
887 4274 928 4319 rr.
965 4259 1018 4321 18.
1056 4256 1196 4338 ούζονούί
1226 4260 1266 4329 τυ
1342 4312 1346 4319 .

81 4360 330 4447 lapenheim
355 4362 433 4431 ίέλεν
457 4358 577 4434 ἐκατος.
624 4360 672 4425 Ex
696 4356 747 4425 his
774 4358 867 4425 inoile
896 4368 945 4427 est
968 4288 1400 4722 ονιοιίυτοἉ
