2940 5010
716 283 781 345 otto

153 472 211 540 pra
232 451 385 518 nouuuiiu
408 450 554 539 exempta
573 450 734 520 dedimus.
784 454 877 541 Apud
902 452 1150 525 Demosthenem
1175 478 1247 549 pag.
1264 465 1335 540 too,

154 562 207 624 12.
232 556 427 639 πρῶτονμὲν
459 557 494 632 δὴ
523 563 613 625 τοῦτο
645 557 695 624 δεῖ
714 558 821 626 Codex
853 559 957 640 ὃμὲν
987 559 1027 627 άν
1061 562 1214 644 exhibet,
1244 566 1334 633 sicuti

151 684 183 751 p.
208 668 292 739 otc,
319 667 370 729 14.
397 684 453 749 pro
475 666 514 737 de
539 664 573 740 dh
597 665 713 738 δίιοαιος
736 666 774 730 dv
798 663 887 732 dedii
908 670 948 742 άς
973 666 1033 749 ἄν,
1057 688 1229 757 perperam
1255 679 1335 738 uiro·

150 769 258 856 bique.
305 769 403 835 Recte
431 766 515 835 idem
553 790 581 856 p.
607 775 715 849 1147,
751 774 803 837 16.
835 790 892 857 pro
923 771 982 843 άςε
1005 782 1164 853 τολμῆσαι
1195 776 1234 853 dri
1263 800 1334 845 τοτε

151 877 291 942 servas-it
315 874 354 941 άν
373 899 460 941 τοτε.
508 875 555 941 Ex
581 875 631 941 his
655 874 748 942 iaciie
767 885 817 944 esi
844 877 885 944 ed
911 878 1157 966 intelligendum
1180 880 1259 969 quid
1289 900 1335 951 re·

151 983 310 1069 scriptum
342 989 486 1067 oporteat
519 983 551 1046 in
588 981 727 1048 Midiaua
758 1003 788 1070 p.
813 988 899 1062 585,
923 988 978 1052 26.
1014 986 1070 1052 ἐάν
1100 1010 1138 1053 τε
1170 989 1335 1063 διακοσίους

151 1087 204 1154 ἐάν
228 1112 264 1154 τε
286 1089 408 1170 χιλίους
438 1086 493 1153 ἐάν
516 1089 541 1152 θ’
564 1089 691 1162 άτθοους
721 1087 760 1154 άν
789 1091 920 1167 ἡπθλις
952 1092 1083 1176 καθίσῃ,
1119 1111 1237 1182 nempe
1270 1096 1334 1161 tue·

151 1194 270 1270 οουςδά.

196 1299 232 1364 lu
259 1301 324 1385 §h
348 1299 400 1364 καί
428 1298 510 1364 maie
529 1298 671 1365 abundat
691 1300 725 1366 in
750 1300 872 1369 verbis:
897 1304 976 1378 είκθς
1000 1301 1205 1392 οὗν-[καί]
1230 1304 1335 1372 είδένιιι

150 1430 186 1471 σε
198 1410 323 1485 μάλλον
347 1406 432 1484 ἐμοῦ.
459 1403 617 1470 Similiter
637 1403 779 1472 abundet
803 1407 879 1474 ibid.
905 1409 1017 1475 vocula
1037 1434 1074 1475 τε
1088 1411 1119 1474 in
1133 1419 1178 1494 τῇ
1200 1410 1335 1495 διαφέρει

150 1513 164 1577 θ
187 1513 361 1595 τυραννικὸς
389 1510 451 1599 [τε]
478 1510 530 1576 καί
555 1513 700 1586 ἰδιωτικὸς
723 1514 813 1592 βίος,
837 1522 869 1579 ei
896 1515 971 1581 item
1007 1525 1077 1601 posi
1100 1534 1205 1601 pauca
1227 1518 1285 1585 καί
1305 1525 1336 1584 ri

149 1643 190 1698 γε
211 1620 243 1683 iu
274 1617 383 1683 bisce:
417 1618 450 1683 τί
472 1614 521 1684 οὖν
553 1619 625 1698 οὐχί
653 1617 734 1706 [καὶ]
761 1621 799 1685 ου’
824 1630 855 1686 et
881 1622 948 1687 ἐπεὶ
975 1626 1026 1687 νῦν
1054 1621 1124 1709 [γε]
1147 1620 1194 1687 ἔτι
1219 1622 1334 1698 ίδιάννις

151 1721 187 1791 εί.
235 1723 328 1812 Apud
357 1722 528 1790 stobaeum
558 1742 636 1789 sane
659 1733 736 1790 sunt
760 1727 886 1791 omnia:
919 1728 952 1792 in
981 1728 1102 1814 optimo
1130 1727 1248 1795 Codice
1283 1727 1335 1794 ra·

151 1833 250 1899 risino
276 1831 302 1896 h
325 1854 361 1897 τε
385 1837 417 1896 ei
439 1831 495 1896 καί
518 1839 550 1896 et
572 1854 612 1907 νε
643 1849 704 1895 non
736 1840 932 1917 crunrparent.
980 1831 1105 1898 Codicis
1132 1834 1272 1900 Parisini
1295 1833 1336 1911 it,

151 1940 207 2025 qui
232 1937 351 2023 ubique
377 1935 499 2001 frivolis
522 1935 670 2002 Graeculi
706 1937 974 2003 correctiunculis
1007 1940 1196 2024 inquinatus
1225 1947 1276 2006 est
1305 1949 1336 2007 et

149 2046 183 2110 in
207 2044 267 2110 hac
303 2052 392 2129 parte
426 2044 544 2129 passim
570 2063 587 2108 e
611 2043 829 2129 Xenophontis
861 2043 952 2109 libris
979 2044 1215 2130 interpolatus,
1249 2044 1335 2113 nulle

149 2153 233 2218 ratio
268 2147 413 2215 habenda
445 2157 504 2214 est.
554 2149 588 2214 ln
623 2152 640 2234 §
668 2155 698 2214 5.
732 2169 841 2216 verum
868 2158 916 2215 est
942 2148 1027 2236 quod
1052 2149 1210 2217 Stobaeus
1242 2151 1335 2219 habet

149 2261 187 2325 δι’
208 2260 306 2331 αὐτῆς
338 2263 394 2329 τῆς
426 2261 534 2336 ψυχῆς
564 2279 616 2334 μοι
647 2256 792 2334 δοκοῦμεν
816 2256 940 2333 ίίδεοθαί
969 2280 1005 2321 τε
1029 2257 1081 2321 καί
1114 2259 1283 2324 λυπεῖσθαι
1306 2267 1337 2324 et

149 2371 221 2450 post
247 2381 346 2447 pauca
370 2370 451 2442 κοινῇ
475 2360 525 2425 διά
548 2387 583 2426 τε
605 2370 660 2437 τῆς
684 2368 793 2442 ψυχῆς
818 2361 870 2427 καί
895 2367 949 2427 τοῦ
973 2362 1137 2441 σώματος,
1165 2363 1228 2427 nisi
1252 2362 1336 2451 qued

148 2495 184 2536 τε
208 2467 291 2533 male
315 2466 415 2531 altesi.
463 2465 499 2531 ln
532 2470 602 2551 §Z
634 2472 687 2534 οὐκ
711 2464 778 2533 οίδα
801 2471 832 2533 εί
857 2493 914 2533 τινι
947 2468 1085 2549 διαφέρει
1119 2469 1134 2533 θ
1161 2472 1337 2550 τυραννικδς

148 2576 216 2656 βίος
240 2579 293 2639 τοῦ
325 2572 474 2637 ἰδιωτικοῦ
502 2573 573 2651 βίον
602 2593 657 2658 pro
681 2574 710 2638 εί
741 2598 799 2639 τινι
832 2572 1050 2659 reponendum
1080 2583 1130 2638 esi
1161 2571 1181 2639 ά
1201 2599 1253 2651 τι,
1285 2578 1336 2642 οὐκ

147 2679 201 2748 οἷδ’
224 2679 242 2746 ί
262 2705 292 2745 τι
314 2678 467 2761 διαφέρει,
498 2678 583 2763 quod
615 2678 770 2743 Stobaeus
791 2680 981 2756 conlirmat,
1005 2688 1038 2744 et
1057 2680 1128 2758 βίον
1152 2700 1337 2766 expungen-

148 2788 238 2854 dum.
286 2783 441 2850 Stobaeus
464 2803 630 2869 perperam
655 2785 723 2863 βίος
757 2787 889 2850 omittit.
937 2785 1074 2851 Gravius
1108 2796 1282 2873 peccatum
1305 2788 1336 2853 iu

149 2899 167 2981 §
192 2899 223 2960 8.
261 2894 292 2957 έν
324 2891 425 2956 τοῖσδε
457 2890 616 2972 διαφέρει,
654 2890 885 2957 πολλαπλάσια
919 2893 975 2971 μὲν
1006 2893 1043 2957 δι’
1077 2892 1190 2962 έιιοίεου
1221 2894 1339 2959 τούτων

149 3000 348 3084 εὐφραίνεται
378 2997 443 3061 xri.
493 2995 668 3062 Stobeeus:
698 2999 728 3061 ἐν
749 3000 806 3076 μὲν
835 2998 936 3063 τοῖσδε
971 2998 1106 3080 διαφέροι
1138 2998 1177 3063 άν
1209 3000 1236 3064 εί
1260 3014 1339 3065 πολ·

148 3105 318 3173 λασλάσια
341 3104 406 3169 xri.
432 3103 463 3167 in
489 3102 606 3188 quibus
634 3100 733 3168 latere
762 3103 906 3188 suspicor
938 3102 1019 3168 hene
1050 3104 1272 3189 scripturam:
1308 3102 1338 3170 ἓν

148 3215 251 3294 μέντοι
275 3210 344 3276 τάδε
368 3208 504 3289 διαφέροι
527 3206 576 3274 άν.
626 3206 807 3274 insanabile
831 3208 924 3274 ulcus
956 3217 1006 3274 esi
1034 3209 1066 3273 in
1093 3211 1110 3294 §
1139 3216 1190 3274 li.
1215 3211 1249 3276 έν
1274 3218 1338 3287 τοῖς

147 3323 199 3388 διά
222 3328 277 3395 τῆς
306 3316 404 3398 ὅψεως
428 3314 585 3394 θεάμασι,
610 3317 701 3399 quasi
728 3333 801 3380 vero
829 3323 957 3400 praeter
985 3314 1062 3380 haec
1089 3314 1152 3379 ulia
1177 3315 1338 3400 quaedam

147 3425 295 3504 θεάματα
321 3441 390 3487 esse
416 3429 564 3507 possent,
601 3424 703 3506 neque
739 3421 848 3484 tniuus
882 3420 1057 3485 absurdum
1090 3428 1139 3485 est
1170 3422 1341 3501 θεαμάτων

147 3531 238 3598 ἕνεκα
268 3527 413 3594 additum
444 3525 550 3592 verbis
584 3527 634 3591 ert
659 3527 690 3592 δὲ
722 3527 837 3593 τούτων
869 3524 991 3603 exesa,
1027 3537 1059 3591 ei
1089 3525 1339 3595 mendosissime

147 3645 224 3705 suni
253 3636 284 3700 in
317 3632 428 3698 eadem
461 3635 479 3717 §
562 3631 631 3697 ἔνθα
657 3633 700 3697 τά
733 3632 981 3710 άξιοθεατθτοιτοο
1009 3632 1093 3697 δοκεῖ
1112 3629 1191 3698 εἶναι
1223 3636 1340 3717 ἀνθρά-

147 3770 213 3818 σοις
234 3740 489 3821 συναγείρεσθαι,
523 3737 575 3802 ubi
601 3738 765 3823 complura
788 3738 945 3804 excidisse
964 3739 1121 3824 suspicor.
1169 3739 1205 3804 ln
1232 3742 1252 3825 §
1282 3746 1337 3807 15.

145 3853 221 3918 ἄλλ’
245 3846 306 3930 ἄρα
330 3844 458 3927 ἔρχεται
482 3844 588 3916 αὐτοῖς
618 3843 661 3907 τά
690 3850 823 3909 τοιαῦτα
855 3844 907 3909 καί
941 3843 1012 3909 οίιιοι
1044 3843 1184 3921 μένουσιν
1220 3846 1340 3913 vocula

147 3957 208 4041 άρα
232 3949 454 4021 concludentis
478 3957 526 4014 est
555 3956 586 4013 ei
611 3968 744 4034 prorsus
768 3949 807 4015 eh
830 3948 928 4014 huius
950 3949 1011 4013 loci
1035 3950 1196 4015 sententia
1220 3949 1339 4017 abhor-

146 4071 205 4130 ret.
253 4059 301 4124 Ex
331 4054 548 4140 dittographia
582 4062 692 4119 natum
724 4055 864 4120 arbitror
889 4064 922 4121 et
946 4053 1187 4133 inducendum,
1221 4064 1259 4122 ut
1289 4056 1340 4123 Si·

146 4165 292 4234 monides
316 4162 450 4228 dixerit:
473 4160 551 4225 ἀλλ’
576 4160 702 4242 ἔρχεται
725 4165 829 4234 αὐτοῖς
852 4161 893 4226 τά
915 4166 1057 4227 τοιαῦτα.
1105 4161 1224 4226 Gottlra
1248 4164 1339 4230 exei-

146 4273 201 4338 dii‘
217 4270 279 4355 άρα
308 4270 341 4333 in
368 4269 461 4353 §dih
486 4266 724 4347 noviomensem,
748 4267 810 4350 ἔφη
834 4269 848 4333 i
874 4270 1063 4347 Σιμωνίδης,
1089 4270 1123 4333 αἱ
1150 4274 1210 4333 τῶν
1236 4270 1342 4353 άφρο·

146 4379 245 4447 δισίων
265 4377 354 4457 μάνου
379 4375 451 4453 ὑμῖν
480 4374 672 4448 άτολαύοεις
701 4381 754 4442 τοῦ
778 4382 933 4455 τυραννεῖν
961 4374 1021 4449 τάς
1049 4373 1212 4454 ἐπιθυμίας
1238 4378 1339 4460 παρέ·
