2940 5010
823 313 853 358 lv

258 477 318 546 bus
343 499 457 548 sanare
481 479 562 548 bono
588 481 706 548 Critico
730 478 823 548 facile
850 489 919 559 est,
944 481 1105 549 Theocriti
1129 483 1240 573 ldyllia

256 619 332 667 nam
363 602 533 668 sanitatem
561 620 710 668 revocare
742 621 836 668 uerno
860 600 927 669 lere
950 610 1007 669 aut
1033 602 1109 669 olim
1139 606 1245 691 potuit

257 728 372 807 potest.
427 721 547 809 Nempe
579 721 732 789 Codicum
755 722 812 809 qui
845 729 973 788 exstant
1003 722 1219 789 diversissima
1255 745 1265 789 1

256 861 339 928 quae
359 862 422 909 uon
439 861 477 910 ex
496 852 600 910 aetate
618 850 675 910 aut
694 845 874 930 scripturae
897 841 999 911 forma
1023 844 1204 930 colligitur,
1228 867 1266 912 se.

256 970 354 1030 turna
378 963 599 1031 observatione
621 965 817 1042 lectionum,
847 984 927 1051 quas
953 965 1089 1052 quisque
1113 965 1194 1032 liber
1219 968 1252 1031 ιἰι

255 1086 368 1171 ut'sccto
392 1088 546 1172 corruptis
568 1084 727 1153 exhibeat.
775 1086 810 1152 ln
838 1086 910 1152 aliis
938 1087 1043 1165 enim,
1075 1107 1265 1174 quamquam

255 1212 291 1270 et
313 1212 461 1291 portenta
484 1205 681 1293 loquuntur,
706 1205 788 1273 levia
813 1213 945 1272 suntet
974 1208 1124 1283 ἐπιπολῆς
1159 1212 1259 1296 script

256 1344 352 1402 nera,
376 1325 486 1392 subest
510 1334 602 1393 uetus
632 1332 664 1393 et
693 1325 792 1413 proba
823 1325 936 1403 lectio,
966 1334 999 1392 et
1022 1326 1159 1413 pellucet
1183 1331 1251 1414 ipsa

256 1464 393 1524 manus,
427 1465 522 1533 quam
548 1447 576 1511 si
597 1446 709 1513 sollers
739 1455 772 1514 et
795 1455 911 1513 acutus
942 1448 986 1514 sis
1012 1446 1127 1515 elicere
1155 1451 1265 1536 possis.

255 1564 751 1661 libraQemlidumuer,
784 1567 917 1654 antiqua
950 1567 1111 1634 scribendi
1143 1590 1262 1636 consue

255 1685 481 1773 coniungenda
504 1685 602 1753 stulte
625 1686 844 1755 distraherent
868 1696 924 1755 aut
950 1690 1183 1776 coniungerent
1207 1691 1265 1756 dist

255 1806 437 1874 fefellerunt
468 1806 595 1873 eosdem
628 1807 811 1874 litterarum
848 1807 970 1895 ligurae
999 1829 1100 1896 paene
1132 1810 1254 1876 similes

255 1927 395 1994 multum
417 1926 607 2005 dissimiles,
627 1934 660 1994 et
681 1936 860 1995 nascuntur
879 1929 927 1994 sic
946 1937 1147 2015 portentosae
1160 1932 1260 2016 script

256 2048 310 2116 ubi
341 2047 400 2114 boc
431 2067 509 2132 agas
539 2057 571 2114 et
597 2047 675 2115 bene
709 2047 830 2115 Graece
862 2048 946 2116 scias
972 2056 1006 2116 et
1034 2058 1121 2116 recte
1148 2052 1264 2136 cogitat

255 2188 329 2237 ecce
353 2169 470 2234 emicat
491 2176 579 2235 certa
603 2177 635 2234 et
663 2166 832 2234 manifesta
857 2167 1058 2247 emendatio,
1095 2189 1177 2255 quae
1211 2191 1261 2234 om

253 2291 363 2376 ginenr
388 2286 536 2374 dispellat
557 2295 590 2354 et
614 2286 803 2374 scrupulum
826 2308 954 2355 omnem
977 2291 1076 2355 etiam
1109 2289 1264 2355 infirmior

257 2411 359 2491 Quam
384 2409 451 2473 sint
473 2406 624 2474 (lodicum
649 2405 802 2473 lectiones
820 2407 978 2474 absurdae
1001 2408 1097 2494 periti
1122 2428 1160 2475 ex
1183 2411 1261 2496 ipsis

253 2529 425 2615 telllgunt,
456 2527 598 2613 imperiti
626 2526 670 2592 ita
693 2525 824 2593 demunr
857 2527 967 2594 uident
998 2546 1098 2614 quum
1130 2549 1224 2597 verae
1256 2552 1264 2596 s

254 2652 309 2719 lux
334 2647 501 2716 affulserit.
542 2646 679 2734 lntelligi
698 2667 759 2714 non
786 2658 918 2734 possunt
935 2647 1033 2715 verba
1053 2649 1219 2719 Strabonis
1232 2653 1264 2720 XI

254 2769 390 2839 Gasaub.
415 2768 468 2835 καὶ
495 2771 550 2844 cbo
583 2771 797 2840 ὑποτᾶσαν
827 2770 909 2852 όρει
932 2808 977 2825 -
996 2776 1195 2854 Βακτριανήν.
1242 2775 1264 2840 R

254 2895 316 2961 bus
337 2888 507 2957 manifesta
531 2910 617 2956 nune
630 2899 676 2956 est
697 2900 866 2979 postquam
881 2891 1036 2978 palmaria
1057 2894 1263 2961 emendation

256 3013 423 3082 Strabonis
448 3030 578 3077 manum
601 3011 810 3079 uttutlerus.
857 3011 989 3080 Latebat
1013 3014 1046 3080 in
1070 3014 1208 3082 absurda
1229 3014 1263 3083 let

254 3154 348 3222 quem
376 3133 407 3198 in
438 3131 534 3221 Cypri
556 3131 772 3219 descriptione
796 3142 1026 3200 commemorat
1055 3132 1169 3201 Strabo
1189 3136 1263 3202 xlv*

254 3251 325 3322 εἶτα
350 3253 439 3319 Σόλοι
470 3253 561 3326 πόλις
585 3256 679 3319 -oi
703 3255 729 3319 δ’
759 3255 940 3327 ἐνοικοῦντες
964 3253 1067 3320 Σόλιοι
1098 3259 1253 3320 καλοῦντα

255 3374 290 3451 ἦν
315 3372 485 3453 Στασοόνοιρ
508 3380 566 3438 τῶν
590 3372 792 3454 Ἀλεξάνδρον
816 3375 940 3457 ἑταίρων
972 3377 1045 3458 οόνόνρ
1069 3376 1238 3456 ἡγεμονίας

253 3501 358 3585 Ipsam
386 3495 589 3560 Bactrianam
621 3492 705 3559 banc
726 3493 906 3562 Stasanoris
930 3499 1097 3577 ἡγεμονίαν
1121 3495 1220 3565 luisse

254 3619 392 3686 Arriano
423 3614 507 3702 apud
531 3613 681 3680 Plrotiurn
706 3615 740 3681 iu
771 3614 920 3682 Ribliotb.
954 3615 1031 3684 (lod.
1052 3616 1145 3684 xctt.
1168 3637 1202 3704 p.
1224 3623 1242 3683 7

253 3739 347 3815 leri,
369 3735 425 3802 ubi
448 3734 588 3822 legitur:
621 3735 743 3816 Ἀρείων
768 3736 799 3802 δὲ
829 3737 882 3803 καὶ
914 3741 970 3811 τῆς
999 3743 1192 3820 Δραγγκνῶν
1213 3762 1249 3820 χι

252 3860 377 3940 σανδρον
399 3857 508 3931 notter
534 3855 693 3935 ἡγεμόνα,
717 3864 772 3932 τῆς
795 3856 826 3922 δὲ
850 3866 1039 3940 Βακτριανῆς
1071 3858 1124 3924 καὶ
1157 3859 1250 3938 Σογδι

253 3981 366 4060 πόνοιο
383 3978 435 4043 τὸν
457 3977 587 4054 Σόλιοι,
611 3974 822 4042 etelliodoro
846 3975 953 4042 Siculo
966 3976 1079 4045 xvllt.
1102 3982 1165 4044 59:
1189 3981 1227 4044 Ἀ

253 4100 444 4184 Δραγγηνὴν
470 4098 658 4187 (προσώρισε)
696 4096 882 4180 Στασάνδρῳ
910 4099 952 4180 τῷ
975 4098 1117 4182 Κνπρόιρ,
1140 4101 1195 4176 τὴν

252 4225 302 4298 νὶιν
340 4223 391 4288 καὶ
426 4220 595 4298 Σογδιανὴν
632 4218 802 4301 Στασάνορι
837 4221 879 4302 τῷ
916 4221 1014 4303 Σολίῳ
1053 4221 1117 4287 eiad
1151 4229 1207 4298 τῆς

253 4346 352 4418 νόσον.
401 4342 480 4422 Quis
505 4341 605 4426 igitur
629 4350 694 4408 tarn
719 4340 888 4429 plumbeus
917 4349 1024 4410 estut
1048 4360 1111 4409 non
1137 4344 1220 4410 stati
