2940 5010
698 301 762 365 780

147 474 219 541 lieri
248 494 306 562 pro
327 477 489 559 ἀποροῦσιν
510 474 653 563 optimus
684 475 852 542 Ravenuas
880 472 1060 556 ἀπαθρονσιι
1091 473 1226 544 exhihet
1256 477 1316 547 ciue

141 598 246 647 sensu
269 589 301 646 et
324 588 436 648 contro
458 588 612 649 metrum.
656 578 750 666 Apud
774 576 994 666 Thucydidem
1014 579 1040 647 l.
1066 582 1143 647 tat.
1166 600 1228 670 pro
1249 585 1317 651 tra·

147 690 246 767 ρούσιν
275 686 307 753 in
339 686 411 754 aliis
439 695 488 753 est
517 684 709 768 ἀπαίρουσιν.
756 683 792 750 ln
823 682 965 751 Platonis
999 683 1133 753 Philebo
1163 706 1195 776 p.
1216 688 1318 755 GU.

146 788 378 859 Stallhaumius
410 792 528 860 edidit:
562 795 595 858 ού
636 791 700 871 νάρ
731 791 827 867 δήπου
858 789 939 868 σύγε
976 791 1157 875 ἀπαροῖσ
1189 792 1319 877 utrem

147 897 248 975 ἀμύνοι
272 896 305 963 in
330 896 422 964 libris
445 906 494 964 est
526 895 689 978 ἀπαίρεις,
712 895 837 976 ἀπορεῖς
862 902 895 961 et
917 896 1065 976 ἀπορεῖς,
1099 895 1189 964 anda
1211 894 1321 966 11111111-

147 1020 222 1066 mus
256 1003 436 1070 rectissime
472 1005 597 1083 ἀπερεῖν
631 1001 763 1086 recepit.
818 998 881 1067 Sol
919 1000 988 1087 ipse
1022 1008 1208 1084 προαπερῶ,
1241 1001 1321 1090 prins

147 1124 244 1192 quam
268 1107 374 1172 omnia
399 1125 602 1194 expromam:
621 1105 655 1172 in
680 1103 740 1172 hoo
764 1104 833 1191 ipso
856 1105 958 1190 igitur
980 1103 1077 1172 tinem
1099 1104 1232 1174 inciam.
1274 1106 1322 1175 hs

147 1209 283 1296 gebatur
315 1210 399 1297 apud
433 1211 602 1280 Aelianum
637 1211 672 1277 in
704 1209 743 1276 ll.
769 1209 805 1276 h.
831 1208 913 1276 xlv,
940 1215 992 1277 11.
1023 1210 1322 1294 προσαπαθριιι

147 1318 233 1398 αύτῷ
255 1314 360 1398 ἵππῳ,
384 1314 439 1382 uhi
462 1322 643 1398 epaunensis
664 1333 777 1382 rerum
800 1333 871 1382 esse
891 1312 968 1401 quid
992 1332 1073 1401 opus
1095 1322 1146 1382 est
1169 1313 1297 1385 diceret

192 1421 280 1487 Inter
312 1439 346 1487 se
367 1420 566 1508 negligenter
589 1419 777 1507 permisceri
805 1421 915 1487 cratein
940 1427 973 1487 et
1002 1420 1134 1499 μαθεῖν,
1165 1421 1204 1489 πθ
1229 1422 1323 1489 ron

147 1533 181 1592 et
202 1526 235 1592 πθ
256 1526 376 1605 μαθών,
398 1528 521 1604 ἀπαθιίρ
542 1533 575 1591 et
597 1525 721 1604 ἀμαθές
745 1523 857 1591 multis
876 1522 1030 1611 exemplis
1050 1532 1192 1593 constat.
1238 1526 1322 1595 Eius·

146 1630 307 1698 demmorli
340 1629 494 1698 mendum
526 1630 676 1717 inquinat
711 1629 819 1696 locum
853 1627 1072 1716 Xenophontis
1107 1631 1141 1697 in
1177 1630 1321 1721 Gpuoget

147 1736 215 1803 vn.
243 1743 300 1804 1οε
331 1739 376 1816 μὴ
396 1741 586 1803 τελευτῶσαι
608 1735 779 1815 γίγνωνται
813 1732 950 1813 ἔκκυνοι,
981 1737 1105 1817 πονηρὸν
1133 1735 1320 1818 μάθνιμα,

144 1843 310 1908 imovero
337 1841 492 1922 πάθιιμα,
526 1860 600 1907 nam
625 1839 718 1908 facile
752 1840 868 1907 sentiet
899 1845 1122 1928 unusquisqne
1151 1862 1252 1910 canes
1272 1842 1322 1910 hcc

146 1947 268 2014 malum
293 1945 432 2029 πάσχειν
456 1946 559 2031 magis
583 1965 678 2033 quam
703 1947 878 2026 μανθάνειν.
926 1946 1026 2033 Saepe
1048 1945 1184 2014 Veteres
1205 1947 1320 2034 elegam

149 2063 199 2120 ter
222 2053 396 2131 παθήματα
417 2059 449 2119 et
472 2053 650 2131 μοθιὶμαπα
671 2059 884 2138 componunt,
907 2058 965 2117 out
984 2051 1070 2117 inter
1088 2071 1123 2118 se
1144 2060 1320 2140 opponunt,

146 2166 184 2225 ut
207 2158 276 2246 ipse
306 2156 478 2245 Xenophon
511 2158 543 2223 in
575 2155 750 2245 Cyropaerl.
773 2155 830 2224 lll.
855 2177 876 2221 1.
904 2160 957 2222 17.
1005 2154 1106 2242 Saepe
1133 2175 1173 2223 eo
1201 2159 1321 2226 nomine

147 2262 322 2350 Xenophon
353 2264 476 2341 utitur,
512 2269 549 2328 nt
580 2261 619 2329 de
651 2261 697 2328 lte
731 2261 882 2346 Equestri
904 2261 957 2327 lX.
983 2266 1024 2327 t:
1059 2263 1202 2341 θυμοειδῆ
1234 2262 1319 2331 ἀπα

145 2368 246 2451 ὥσπερ
269 2367 420 2451 ἀνθραπον
442 2366 592 2449 παράππει
622 2369 664 2433 πά
694 2364 863 2443 ἕξαπιναῒα
891 2367 944 2432 καὶ
968 2365 1115 2448 ὁράμασα
1139 2368 1195 2435 καὶ
1219 2371 1320 2437 ἀαούσ·

144 2499 237 2554 μαπα
260 2475 312 2541 καὶ
344 2474 575 2552 παθήματα,
607 2470 640 2539 nt
670 2480 719 2538 cst
742 2467 812 2538 ύπι
836 2471 875 2537 ἀν
897 2469 1047 2556 ἐξαίφνης
1077 2475 1131 2540 καὶ
1165 2474 1251 2543 nac:
1270 2476 1318 2542 καθ

143 2583 295 2649 ἀκούσωσι
319 2580 371 2645 καὶ
396 2578 589 2645 πάθασιν.

198 2684 323 2751 Novum
352 2684 471 2749 veteris
502 2682 698 2750 contusionis
730 2682 910 2770 exemplum
943 2684 1142 2771 conspicitur
1165 2687 1236 2754 XII.
1264 2691 1318 2755 lt:

144 2793 299 2873 αἱροῦνται
330 2787 381 2855 tea
411 2789 466 2863 σὴν
500 2790 600 2854 αὐτῶν
633 2790 745 2854 κακίαν
778 2789 986 2855 ἀπολέσθαι
1018 2794 1187 2870 μάλλουῆ
1221 2793 1318 2874 ἐπέροιο

141 2899 236 2980 ἀρετῇ
261 2895 430 2978 σώζεσθαι,
456 2891 510 2958 ubi
533 2892 730 2960 ἀπόλλυσθαι
758 2892 976 2982 reponendum
1005 2902 1064 2960 est.
1111 2895 1245 2966 Poterat
1266 2898 1319 2966 Χθ-

142 3002 270 3088 nophon
300 2999 470 3067 ἀπολέσθαι
499 3007 533 3064 et
563 3002 691 3075 σωθιῑναι
724 3000 808 3065 inter
841 3018 876 3065 sc
904 3017 1114 3084 componere,
1148 3001 1207 3068 sed
1240 3001 1319 3091 qnod

141 3108 289 3191 σώζεσθαι
314 3107 422 3192 posuit
444 3102 562 3170 indicio
584 3112 633 3169 est
653 3105 866 3189 praecessisse
884 3103 1091 3169 ἀπόλλυσθαι.
1138 3105 1210 3173 Nou
1233 3106 1319 3173 duhi·

141 3212 225 3279 tahis
248 3210 304 3277 uhi
325 3210 515 3295 cognoveris
539 3206 725 3293 frequenter
747 3206 899 3273 conlundi
921 3207 1119 3275 ἀπόλλυσθαι
1143 3247 1191 3262 -
1212 3212 1348 3293 ἀπολύῃ

141 3322 211 3387 σθαι
235 3326 267 3383 et
289 3316 453 3382 ἀπολέσαι.
501 3311 640 3380 hihrarii
664 3313 720 3398 qui
748 3315 920 3380 ἀπολέσθαι
945 3324 1151 3401 corneoqunnt
1175 3316 1231 3384 uhi
1254 3338 1319 3385 sen·

139 3425 242 3490 tentia
266 3421 383 3487 elamat
405 3420 560 3487 ἀπολέσαι
582 3438 803 3496 commosse,
831 3420 932 3486 multo
959 3419 1085 3488 lucilius
1102 3423 1202 3488 etium
1226 3426 1320 3490 ἀπθ·

121 3531 251 3615 1λυσθαι
277 3534 307 3592 et
331 3527 501 3593 ἀπολέσθαι
534 3527 620 3592 inter
646 3545 680 3591 se
704 3534 899 3612 permutant.
945 3528 1134 3595 ’Λπολέσύαι
1161 3548 1221 3614 pro
1247 3532 1319 3596 ἀπο·

140 3635 260 3701 λεῖσθαι
284 3632 412 3718 irrepsit
434 3630 520 3719 apud
543 3629 788 3697 Demosthenem
818 3650 848 3716 p.
873 3634 955 3708 761,
982 3637 1041 3696 itt:
1065 3636 1098 3699 ού
1128 3633 1225 3711 δήπου
1247 3634 1319 3715 μέλ·

140 3755 201 3806 λων
225 3736 450 3803 καταλύειν
481 3738 564 3816 ύμάς
587 3735 677 3802 ἀλλά
707 3737 880 3803 τούναντίον
904 3738 997 3809 αύσθο
1026 3737 1057 3801 έν
1078 3738 1151 3815 ύμῖν
1180 3738 1319 3806 ἀπολέ·

139 3846 254 3921 σθαι,
278 3840 333 3907 nhi
361 3840 545 3927 recipienda
581 3848 657 3905 suot
683 3859 723 3906 ex
757 3840 849 3906 lihris
876 3840 913 3907 h.
936 3841 975 3908 Y.
999 3838 1034 3907 0.
1068 3846 1262 3912 καταλύσειν
1289 3850 1319 3912 et

138 3951 332 4017 ἀπολεῖσθαι.
381 3947 418 4012 ln
444 3946 592 4011 Hecataei
614 3944 793 4031 fragmento
816 3945 900 4033 apud
925 3946 1105 4032 longinum
1124 3949 1181 4034 qni
1205 3950 1320 4017 «licitur

138 4057 206 4139 περὶ
236 4053 329 4135 ὕψους
360 4072 428 4139 cap.
453 4056 516 4118 m:
544 4055 583 4125 ὡς
606 4054 651 4131 μέν
675 4049 713 4117 ὧν
744 4053 832 4118 αύσοθ
852 4077 889 4118 πε
923 4053 1121 4119 ἀπύλεσύε
1146 4056 1232 4135 κάμέ
1251 4058 1318 4138 πρύ·

136 4186 209 4229 cere
229 4161 260 4233 ές
284 4157 382 4225 ἀλλον
403 4157 474 4223 πινά
502 4159 596 4237 δῆμον
619 4159 828 4239 ἀποθχεσθαι,
861 4156 1098 4225 emendandum
1122 4168 1192 4228 est:
1229 4159 1318 4236 ύκυς

138 4268 183 4347 μὴ
206 4263 244 4332 ὧν
268 4262 552 4329 -ἀπολέεσθε
576 4301 619 4312 -
643 4263 824 4345 ἀποίχεσύε.

181 4370 325 4440 httionm
354 4367 505 4454 loquendi
535 4387 637 4454 genus
665 4389 737 4436 sero
761 4368 828 4436 nati
851 4368 999 4454 magistri
1023 4370 1262 4460 interpolarent
1282 4373 1316 4441 V.
