2940 5010
715 282 779 343 748

156 453 303 538 suspicor
342 449 558 537 reponendum
590 471 674 517 csse:
699 490 744 502 -
764 451 950 534 διαδικάζειν
981 450 1127 519 ἕπουσιν.
1174 457 1331 537 ’Λνσερεῑ

156 557 232 638 γὰρ
260 559 323 631 τίς
355 555 402 623 ὅτι
424 562 457 623 οὐ
493 564 571 639 χρῆν
605 559 671 624 οπέ.
720 558 802 624 'l'um
827 578 867 624 ex
894 556 991 624 Godd.
1016 559 1219 645 receperim:
1251 560 1327 625 ἆλλὶ

156 665 279 746 <prio-er
302 690 349 737 πις
373 673 485 746 χρῆναι
511 682 567 749 pro
589 664 679 745 φησί.

201 767 429 854 Pervulgutom
454 762 713 836 et'truluticium
748 768 901 835 mendum
937 768 1071 837 inoierit
1104 771 1137 837 iu
1176 773 1260 856 §¹1:
1287 770 1330 837 usi

159 874 415 941 herenrvoiunodas
439 875 572 958 ῥᾴδιον
593 873 661 942 ἔςοοι
683 876 756 954 πρὸς
779 876 902 954 ὀλίγους
923 877 1056 951 tiamne
1075 875 1130 941 κοοί
1150 874 1332 943 συνδεκάσας

158 979 261 1046 Nimis
292 978 352 1046 hoc
385 979 492 1045 odiose
522 990 554 1046 et
588 979 817 1047 contumeliose
843 983 876 1046 in
908 983 1033 1048 Atticos
1063 981 1192 1049 iudices
1223 981 1331 1049 dietum

157 1094 228 1162 est,
252 1084 307 1152 sed
331 1085 510 1151 scribarum
536 1086 651 1151 vitium
677 1084 708 1149 id
732 1092 802 1163 est,
827 1104 889 1150 non
913 1086 1153 1174 Xenophontis,
1177 1088 1235 1174 qui
1260 1087 1333 1155 dixe

157 1199 209 1257 rot
233 1192 360 1279 facilins
394 1210 465 1256 esse
499 1192 667 1276 pauciores
703 1190 826 1256 indices
857 1210 1067 1278 corrumpere
1097 1212 1198 1279 quam
1229 1191 1334 1280 plum

156 1297 281 1362 Passim
315 1297 347 1362 in
376 1296 520 1362 omnium
553 1294 645 1361 tihris
678 1297 777 1380 ῥᾴδιον
809 1304 842 1362 et
871 1302 940 1381 ῥᾷον
971 1298 1057 1362 inter
1089 1316 1124 1364 se
1157 1300 1336 1385 permisceri
1373 1318 1375 1363 ε

157 1401 301 1481 videbis,
335 1399 542 1489 quamohrem
580 1403 675 1467 etiam
712 1401 772 1466 hoc
805 1400 873 1466 loco
904 1400 1104 1468 confidenter
1137 1402 1335 1470 emenduhis:

156 1507 419 1574 διοοσκευοίσοοσίοιι
443 1511 530 1590 ῥᾷον
554 1504 622 1574 isar
644 1507 716 1586 πρὸς
738 1506 861 1583 ίλίγους
889 1505 1031 1579 diseede.
1080 1505 1186 1588 Quam
1211 1510 1335 1575 onitin

154 1621 205 1680 ter
241 1612 364 1678 iihrarii
400 1614 497 1696 ῥᾴδιον
534 1620 564 1676 et
601 1616 670 1694 ῥᾷον
704 1610 903 1677 confundunt
939 1609 1065 1677 docebit
1101 1611 1270 1679 Heindorf.
1300 1612 1335 1679 ud

153 1719 276 1785 Platon.
301 1716 417 1783 Phaed.
444 1736 472 1802 p.
495 1721 547 1781 70.
566 1715 602 1781 Ι).
627 1718 653 1781 εί
673 1717 782 1796 βούλει
807 1718 941 1800 ῥᾴδιον
965 1718 1076 1795 μσίεῖν
1095 1720 1220 1803 optime
1239 1738 1334 1786 emen

154 1823 235 1891 dans
258 1828 346 1908 ῥᾷον,
371 1830 403 1887 et
427 1822 458 1885 in
484 1821 616 1887 hierone
639 1842 670 1907 p.
692 1826 746 1887 94.
778 1821 815 1886 Ε.
839 1821 978 1904 ῥᾴδιόν
1003 1823 1049 1891 tsi
1081 1828 1334 1902 aasumensi

153 1928 205 2007 εὖ,
229 1937 262 1995 et
284 1928 324 1994 de
345 1927 423 2012 hep.
448 1945 477 2011 p.
492 1930 568 1991 570.
591 1929 627 1992 A.
652 1924 728 1993 οὕτω
748 1929 886 2011 ῥᾴδιον
907 1930 924 2004 ἢ
946 1929 1075 2002 ἐκείνως.
1123 1928 1247 1995 Eadem
1266 1950 1335 1995 con·

157 2035 241 2103 fusio
264 2033 463 2119 conspicitur
485 2030 571 2118 opud
596 2032 675 2097 utar.
701 2032 739 2099 de
773 2036 850 2120 Rep.
882 2054 913 2119 p.
936 2037 1012 2100 548.
1038 2032 1075 2098 E.
1109 2042 1141 2098 et
1166 2031 1333 2101 isocrateu

153 2141 189 2206 iu
213 2139 359 2224 Phiiippo
392 2140 410 2222 §
439 2142 525 2215 tto,
549 2146 582 2202 et
612 2137 857 2204 Demosthenem
886 2160 916 2224 p.
939 2143 1027 2214 614,
1053 2141 1084 2203 9.
1121 2144 1155 2202 et
1179 2158 1210 2225 p.
1234 2144 1335 2216 ntor,

156 2251 216 2313 ut:
240 2244 333 2310 πέντε
357 2242 504 2308 ποίλοιυτοο
525 2243 550 2307 δ’
571 2243 710 2324 ίΦλίντοο
734 2243 858 2327 ῥοίδιον
886 2243 1046 2320 deriuari?
1068 2242 1164 2309 πέντε
1191 2244 1332 2327 δοιοχμὶς

151 2352 312 2434 πρίπερον,
335 2356 367 2414 et
390 2347 465 2412 utihi
490 2368 552 2412 non
577 2367 660 2412 roro.

196 2454 414 2522 Miserrimum
444 2453 476 2516 in
511 2451 642 2518 mudum
672 2462 824 2539 corrupta
847 2461 880 2521 et
903 2453 1054 2521 mutilata
1080 2462 1158 2519 sunt
1190 2473 1227 2520 eo
1260 2475 1333 2542 quae

153 2566 327 2648 supersunt
346 2558 400 2623 lii.
429 2563 489 2623 11:
522 2558 668 2633 ίποσοίκις
692 2560 718 2624 δ’
742 2561 948 2642 ἐπιχείρησον
979 2562 1130 2641 οἱςεῒοίοοι
1161 2560 1234 2633 τοὺς
1262 2563 1331 2640 βελ-

149 2669 274 2743 σίςσυς,
298 2665 424 2749 inquit,
453 2666 485 2728 ni
514 2666 697 2742 συνήνεγκεν
722 2668 837 2737 αὐτοῖς.
886 2665 971 2730 Haec
1002 2663 1133 2750 quidem
1166 2667 1331 2732 sanissima

149 2781 226 2839 sunt
254 2781 285 2838 et
316 2769 434 2854 optime
459 2768 658 2853 procedunt,
695 2769 749 2834 sed
775 2771 860 2856 quod
883 2771 1037 2836 continuo
1061 2771 1232 2856 sequitur:
1262 2773 1331 2837 ἀλλ’

150 2880 232 2951 ε’νπὸς
266 2875 372 2953 ὀλίγου
405 2874 512 2955 χρόνου
537 2875 550 2938 ί
572 2876 666 2952 δῆμος
692 2876 868 2940 ἐδούλευσεν
901 2875 1078 2940 absurdum
1110 2885 1169 2940 est.
1217 2877 1331 2962 Nempe

149 2981 297 3048 tranuito
333 2987 516 3063 comparatu
547 2986 624 3045 sunt
651 2989 683 3045 et
708 2981 904 3065 composito,
938 2982 1008 3045 uti
1034 2982 1129 3058 δῆμος
1154 2981 1332 3065 siguificare

150 3087 263 3154 debeat
288 3086 301 3148 ὁ
325 3085 454 3163 heinmo
484 3086 659 3159 Ἀθηναίων
710 3084 770 3149 Sed
798 3084 856 3150 hoc
889 3085 1018 3171 quidem
1051 3087 1258 3170 perspicuum
1288 3095 1331 3153 est

146 3196 198 3262 rho
221 3195 315 3270 δῆμον
341 3189 404 3253 dici
439 3208 500 3253 non
536 3188 803 3267 Atheniensium,
834 3190 887 3256 sed
921 3210 1030 3255 eurum
1065 3191 1251 3258 civitatium
1281 3190 1330 3258 uhi

149 3299 360 3365 Athenienses
392 3294 461 3365 τοὺς
495 3295 660 3373 βελιίςους
696 3293 821 3360 εἵλοντο.
864 3295 1037 3380 Xenophon
1065 3294 1191 3361 dixerut
1216 3299 1331 3381 igitur:

149 3407 201 3470 »in
225 3402 337 3488 quibus
359 3399 535 3464 ciuitatibus
558 3399 759 3464 Athenienses
784 3401 853 3472 ποὺς
881 3402 1047 3479 βελπίςους
1075 3397 1210 3477 εἴλοντο,
1243 3404 1276 3466 in
1296 3403 1331 3467 ι’ἰο

147 3514 267 3598 sentino
294 3516 338 3571 est
369 3514 403 3568 nt
428 3504 511 3567 leand
539 3504 584 3568 ito
611 3504 711 3567 multo
733 3515 802 3588 port
826 3509 840 3570 ι’
868 3508 961 3584 δῆμος
985 3508 1018 3569 in
1046 3506 1228 3570 servitutem
1256 3508 1331 3572 redi-

145 3613 304 3703 peretnr.''
351 3611 464 3694 itaquo
483 3609 648 3694 complura
670 3609 868 3676 exciderunt.
905 3609 1077 3695 Xenophon
1103 3611 1191 3675 itlius
1214 3615 1261 3678 rei
1279 3614 1331 3677 tri·

144 3721 216 3807 plex
237 3715 419 3801 exemplum
445 3714 616 3793 attulerat,
641 3715 696 3780 sed
722 3717 862 3799 primum
888 3725 1016 3801 praeter
1040 3716 1102 3779 tria
1127 3715 1225 3781 verha
1251 3718 1267 3749 ⁴
1288 3718 1330 3749 ⁴*

143 3825 238 3903 ὃμὲν
272 3829 409 3892 Βοιωτοῖς
437 3822 452 3851 *
475 3822 490 3851 *
513 3823 528 3852 ⁴
562 3821 654 3906 piune
679 3818 865 3896 intercidit,
901 3820 984 3905 qnod
1021 3840 1058 3884 eo
1090 3820 1197 3904 magis
1227 3821 1330 3890 doleo·

143 3929 220 3995 dum
245 3934 310 3999 est,
337 3927 487 4012 quonium
513 3925 551 3989 de
571 3945 607 3989 eu
633 3944 666 3988 re
688 3921 767 3989 nihil
794 3925 925 3988 omniuo
946 3924 1075 3990 aliunde
1098 3935 1247 4003 constat,
1272 3930 1331 3995 nisi

145 4032 356 4101 Athenienses
382 4032 412 4095 in
440 4030 494 4095 itta
517 4029 718 4113 expeditione
742 4029 782 4094 ad
814 4030 987 4096 Coroneam
1017 4049 1035 4093 a
1059 4029 1251 4099 Boeotorum
1283 4054 1332 4101 ex·

142 4137 266 4206 solibus
290 4135 454 4203 occidione
478 4135 599 4200 occisos
622 4154 692 4200 esse
715 4154 799 4199 anno
820 4141 896 4202 447.
946 4135 1035 4216 Quod
1061 4135 1092 4199 iu
1114 4136 1179 4203 fine
1200 4138 1263 4206 toci
1288 4141 1332 4207 le·

140 4246 248 4331 gitur:
281 4239 343 4323 ίτε,
365 4239 479 4306 εἵλοντο
507 4242 767 4320 Λοοκεδοοιμονίους
799 4244 868 4307 uinci
902 4241 1083 4316 Mercurium
1108 4244 1194 4315 ἐντὸς
1224 4247 1330 4324 ὀλίγου

138 4349 246 4434 χρόνον
269 4348 506 4428 Λυκεδοοιμίνιοι
530 4347 804 4428 κυτυςρεψοίμενοι
829 4350 1018 4423 Μεσσηνίους
1043 4347 1216 4430 ἐπολέμουν
1240 4353 1330 4426 ’Λίνο-
