2940 5010
714 296 777 357 475

140 466 244 555 spuit.
291 464 457 535 Onittunl
487 473 520 533 et
538 473 604 532 tres
626 466 739 552 optimi
768 474 888 545 testes,
911 464 966 532 sul
989 484 1043 533 res
1072 466 1142 554 ipsa
1173 475 1239 534 tam
1259 486 1330 553 per·

139 570 258 659 spicue
279 580 329 639 est
350 581 387 639 ut
416 569 497 638 nihil
524 569 660 637 testibus
684 572 726 637 sit
756 591 847 660 opus.
891 570 971 638 Ἕνα
995 573 1152 648 Ἀθηναῖον
1177 574 1225 640 sic
1251 572 1331 639 uici-

139 678 316 766 torqueri
341 679 451 745 minus
483 676 617 743 molesta
650 697 702 745 res
725 676 836 745 lutura
868 676 1003 757 luisset,
1037 679 1065 745 si
1092 678 1201 766 plores
1232 676 1330 745 Athe-

140 781 273 851 nicnses
302 802 377 850 cum
398 784 533 871 imperio
557 790 675 850 essent.
721 783 789 849 Non
820 784 967 850 sentiunt
989 782 1049 851 hoc
1071 783 1235 862 Graeculi,
1258 783 1331 870 qui·

142 886 208 955 hus
231 884 274 963 sle
298 907 356 976 pro
380 913 427 963 πις
458 891 614 956 usitatum
638 896 708 953 erat
730 887 848 955 dicere.

190 992 333 1081 Turpius
361 994 459 1060 etiam
489 995 603 1060 uitium
634 993 668 1058 in
700 991 811 1059 eadem
843 997 937 1081 §to
969 992 1129 1062 delitescit
1158 994 1193 1060 in
1225 992 1334 1061 uerbis

140 1098 200 1167 nal
218 1100 290 1173 τοὺς
308 1100 367 1178 μὲν
388 1098 494 1173 πόνους
518 1103 606 1183 σφοῖς
626 1098 729 1181 ἔχειν,
753 1100 796 1164 σοὶ
817 1100 849 1165 δὲ
873 1098 960 1180 κέρδη
982 1098 1110 1176 ἄλλους.
1158 1099 1331 1186 Xenophon

140 1204 323 1291 scripserat
346 1211 460 1289 σφεῖς
484 1203 570 1287 ἔχειν
594 1204 686 1290 quasi
717 1205 937 1290 praemisisset
970 1206 996 1271 ol
1025 1206 1057 1271 ll
1080 1204 1189 1285 ἔλεγον
1221 1226 1278 1292 pro
1307 1206 1334 1271 ri

138 1308 177 1377 δὲ
198 1310 287 1389 λόγοι
312 1308 391 1388 ἦσαν
419 1312 548 1385 αὐτοῖς,
584 1311 631 1375 sic
662 1310 748 1375 enim
782 1310 815 1375 in
839 1309 896 1376 tali
921 1330 956 1375 re
991 1308 1242 1379 Atheniensibus
1264 1329 1334 1377 mos

141 1421 198 1483 est
225 1414 343 1481 dicere.
397 1412 509 1481 llirari
535 1414 613 1481 haec
643 1413 791 1481 Graeculi
824 1412 984 1493 assolent,
1017 1421 1051 1481 et
1083 1434 1147 1479 non
1181 1416 1335 1503 capiunt,

140 1518 233 1587 nole
260 1520 452 1587 temerariae
475 1528 655 1589 nascuntur
683 1520 956 1602 παραδιορθώσεις,
988 1518 1027 1586 cle
1059 1518 1177 1606 quibus
1209 1520 1336 1607 saepius

141 1622 302 1693 unimur.

193 1727 275 1797 lbitl.
300 1732 334 1795 in
359 1732 377 1815 ς
403 1734 454 1795 to.
479 1748 542 1795 non
567 1737 685 1815 exputo
708 1727 786 1814 quid
811 1731 854 1794 sit
886 1732 1023 1810 Ξενοφῶν
1056 1730 1087 1796 δὲ
1111 1728 1157 1796 ἔπι
1183 1732 1241 1810 μὲν
1263 1732 1337 1796 ἐπε-

141 1834 291 1919 χείρησεν
313 1834 521 1915 ἀπαλλαγεὶς
545 1843 602 1910 τῆς
634 1838 764 1915 sparteis
798 1836 990 1912 ἐκπλεῦσαι,
1021 1833 1101 1900 nihil
1126 1835 1212 1902 onim
1233 1821 1336 1920 'signi-

144 1938 224 2007 flcat
243 1938 290 2005 ἔτι
313 1938 372 2020 μέν
395 1949 428 2006 et
451 1941 650 2022 ἐπεχείρησεν
685 1940 858 2005 ἐκπλεῦσαι
881 1959 994 2005 uerum
1025 1959 1089 2005 non
1116 1948 1175 2005 cst.
1223 1940 1337 2026 Suspi-

143 2064 205 2113 cor
227 2044 395 2132 antiquam
418 2047 614 2133 scripturam
637 2043 756 2111 luisse:
781 2051 919 2128 Ξενοφῶν
939 2046 965 2110 δ’
985 2044 1130 2124 ἐπεθύμει
1151 2045 1209 2125 μὲν
1230 2048 1336 2111 οὶπαλ-

143 2150 263 2230 aurete
287 2151 549 2228 -ἐκπλεῦσαι,
572 2148 687 2217 deinde
715 2148 830 2217 Codice
857 2150 962 2217 lacero
994 2158 1051 2217 aut
1081 2169 1211 2236 perroso
1234 2170 1334 2237 quum

145 2264 264 2323 ΔΕΠΕ
289 2254 307 2287 ⁴
320 2254 337 2287 ⁴
351 2254 366 2287 ³*
379 2264 476 2322 ΜΕΝ
500 2263 684 2341 superesset
700 2254 801 2320 leuem
824 2262 1038 2322 correctorem
1065 2255 1228 2340 vulgatam
1250 2274 1335 2321 com-

146 2370 296 2429 mentum
326 2380 397 2428 csse
420 2360 460 2428 tle
490 2382 558 2428 suo.
607 2362 643 2428 ln
664 2361 705 2426 iis
728 2379 810 2445 quae
839 2361 949 2426 statim
975 2368 1172 2447 sequuntur:
1206 2361 1336 2443 θυομένῳ

144 2466 179 2535 ’l
198 2468 285 2549 αὐτῷ
308 2468 353 2549 τῷ
382 2466 511 2546 ἡγεμόνι
536 2474 687 2548 Ἡρακλεῖ
715 2464 781 2552 [καὶ
813 2466 1002 2555 κοινουμένῳ]
1038 2466 1154 2548 κότερα
1184 2468 1261 2548 λῷον
1283 2466 1335 2532 καὶ

145 2570 272 2655 lurum
298 2570 345 2647 εἵκ
374 2573 575 2655 onocrocolon
597 2573 663 2637 κτὲ.
688 2572 744 2658 qui
767 2570 806 2637 de
836 2590 895 2636 suo
921 2572 1059 2640 inseruit
1082 2571 1134 2637 καὶ
1159 2573 1336 2656 κοινουμένῳ

145 2678 267 2747 rotulos
287 2696 392 2763 neque
419 2677 550 2760 ονορένῳ
573 2675 650 2763 quid
674 2683 759 2743 esset
783 2686 871 2742 recte
894 2679 980 2764 cepit
1003 2697 1106 2765 neque
1130 2698 1226 2763 qoam
1248 2678 1334 2763 inep-

146 2794 219 2853 lnm
241 2793 328 2850 osset
347 2784 380 2849 in
404 2782 459 2849 loll
485 2802 520 2848 re
542 2785 708 2849 κοινοῦσθαι
732 2783 810 2848 salis
832 2782 999 2850 intellexit.

188 2890 228 2957 ln
253 2888 307 2956 Vl.
332 2908 376 2954 ru.
402 2892 433 2955 λ.
467 2896 631 2974 receptum
654 2889 796 2973 oportuit
820 2887 896 2967 ἦγεν
919 2886 1029 2961 ἕααεος
1053 2890 1067 2952 ὁ
1090 2888 1245 2970 ςραπννὸς
1270 2888 1336 2952 σὸν

149 2996 260 3065 terrm
291 2994 337 3061 nl
343 3017 416 3077 χον
452 3013 508 3079 pro
532 2995 567 3059 πὸ
599 2995 708 3060 ἑαυτοῦ
739 2995 857 3077 λάχος,
892 2992 988 3079 idque
1018 3012 1106 3057 nunc
1134 2990 1333 3058 Diodorlium

145 3098 263 3171 iecisse
292 3098 396 3166 rideo.
451 3098 486 3163 ln
516 3104 534 3186 §
560 3102 611 3164 ll.
643 3099 818 3165 articulum
855 3098 988 3165 restitue
1015 3094 1092 3164 οὔπω
1124 3099 1182 3176 μὲν
1213 3102 1336 3162 πολλῶν

143 3208 239 3275 ὄντων
264 3204 348 3294 (τῶν)
373 3205 545 3282 πολεμίων,
570 3202 646 3270 οὕτω
672 3205 703 3270 δὲ
730 3204 963 3286 τεθαρρηκότων.
1011 3201 1132 3268 Eodem
1162 3200 1255 3267 modo
1277 3202 1335 3281 μέν

141 3308 269 3381 oxoitlil
292 3313 312 3397 §
335 3314 386 3377 to.
411 3311 480 3383 τοὺς
506 3308 589 3398 (μὲν)
619 3311 946 3390 μεγαληγορήσαντας
972 3310 1010 3381 ὥς
1034 3307 1127 3373 πλέον
1148 3313 1335 3391 Φρονοῡντας

138 3420 338 3485 ταπεινῶσαι
360 3415 532 3495 βούλεται,
559 3414 611 3480 ιιΙοί
633 3414 716 3500 quod
742 3413 899 3479 fideliores
919 3422 1017 3479 testes
1039 3413 1096 3483 cire
1121 3422 1227 3480 πλεῖον
1249 3413 1335 3480 exhi·

138 3518 225 3591 hunt
248 3520 414 3587 continere
438 3519 568 3586 videtur
591 3540 699 3585 veram
720 3519 889 3586 lectionem
910 3518 948 3593 ὥς
969 3543 1000 3586 σι
1024 3520 1117 3586 πλέον
1137 3526 1334 3603 φρονοῦντας.

139 3624 217 3695 Non
245 3633 416 3693 contemno
445 3625 477 3691 in
503 3631 519 3712 §
544 3629 594 3690 19.
619 3627 645 3690 οἱ
668 3626 699 3690 δὲ
724 3628 830 3699 ἱππεῖς
851 3626 1091 3708 διασπειρόμειοι
1115 3628 1167 3710 ἐφ’
1189 3623 1256 3692 ὅσον
1280 3650 1334 3691 κα·

136 3740 208 3807 nuic
228 3727 317 3815 εἶχεν
342 3729 440 3797 ἔκαιον
465 3728 484 3813 ᾖ
506 3729 648 3812 ἐβάδιζον
675 3730 832 3797 indicium
858 3731 1114 3817 interpolationis
1138 3751 1177 3796 ox
1198 3731 1271 3796 [lod.
1297 3730 1335 3795 ll.

139 3836 203 3905 uhi
226 3835 326 3904 recha
349 3834 369 3920 ᾇ
393 3835 535 3918 ἐβάδιζον
567 3837 684 3901 omissa
714 3845 812 3902 sunt:
846 3838 1036 3905 rectissime.
1091 3836 1194 3918 Quam
1229 3837 1336 3920 inepte

140 3941 275 4033 equites
296 3940 452 4009 dicontur
473 3942 623 4024 βαδίζειν.

194 4048 296 4117 necte
325 4046 510 4113 llinrlnrlios
545 4048 578 4113 in
609 4052 627 4134 §
653 4050 705 4111 ll.
737 4047 868 4135 scripsit
899 4048 1023 4132 γρᾴδια.
1071 4046 1158 4112 niori
1190 4066 1229 4113 ex
1252 4047 1336 4112 anti-

146 4172 214 4243 qua
237 4152 399 4240 scriptura
420 4160 590 4220 ΓΡΑΙΔΙΛ
613 4160 670 4217 aut
690 4153 816 4233 νραιδια
838 4151 989 4220 exhibent
1006 4160 1063 4217 ant
1089 4152 1228 4233 νραΐδια.
1275 4152 1335 4218 lla-

147 4256 226 4327 lrant
249 4258 358 4325 omnia
389 4257 584 4341 ὑποαοριςιαοί
608 4258 640 4323 in
664 4258 737 4323 -διον
772 4261 922 4326 exeuntia
946 4259 979 4323 in
1004 4256 1207 4344 praecedenti
1237 4256 1334 4346 sylla-

146 4362 246 4444 hal,
278 4362 364 4451 qnotl
394 4382 467 4431 cum
493 4361 697 4450 praecedenti
722 4364 822 4430 vocali
855 4364 1004 4431 coalescit
1032 4364 1064 4428 in
1088 4382 1200 4430 untrm.
1248 4362 1288 4429 Et.
1313 4388 1333 4428 ιι

1055 4476 1081 4514 25
1094 4474 1108 4503 Ψ
