<?xml version="1.0" encoding="UTF-8"?>
<!DOCTYPE html PUBLIC "-//W3C//DTD XHTML 1.0 Transitional//EN"
    "http://www.w3.org/TR/xhtml1/DTD/xhtml1-transitional.dtd">
<html xmlns="http://www.w3.org/1999/xhtml" xml:lang="en" lang="en">
 <head>
  <title>
</title>
<meta http-equiv="Content-Type" content="text/html;charset=utf-8" />
  <meta name='ocr-system' content='tesseract 3.04.00' />
  <meta name='ocr-capabilities' content='ocr_page ocr_carea ocr_par ocr_line ocrx_word'/>
</head>
<body>
  <div class='ocr_page' id='page_1' title='image "./novaelectionesq00cobegoog/novaelectionesq00cobegoog_0627.png"; bbox 0 0 2940 5010; ppageno 0'>
   <div class='ocr_carea' id='block_1_1' title="bbox 700 272 764 337">
    <p class='ocr_par' dir='ltr' id='par_1_1' title="bbox 700 272 764 337">
     <span class='ocr_line' id='line_1_1' title="bbox 700 272 764 337; baseline -0.047 1"><span class='ocrx_word' id='word_1_1' title='bbox 700 272 764 337; x_wconf 68' lang='grc' dir='ltr'><strong>ὅθ’]</strong></span> 
     </span>
    </p>
   </div>
   <div class='ocr_carea' id='block_1_2' title="bbox 136 445 1331 4407">
    <p class='ocr_par' dir='ltr' id='par_1_2' title="bbox 136 445 1324 737">
     <span class='ocr_line' id='line_1_2' title="bbox 136 445 1324 533; baseline 0.004 -19"><span class='ocrx_word' id='word_1_2' title='bbox 136 470 243 529; x_wconf 81' lang='grc' dir='ltr'><strong><em>μενοι,</em></strong></span> <span class='ocrx_word' id='word_1_3' title='bbox 270 455 307 513; x_wconf 91' lang='lat' dir='ltr'><strong>ul</strong></span> <span class='ocrx_word' id='word_1_4' title='bbox 327 447 358 512; x_wconf 89' lang='lat' dir='ltr'><strong>in</strong></span> <span class='ocrx_word' id='word_1_5' title='bbox 379 466 449 533; x_wconf 83' lang='lat' dir='ltr'><strong>cap.</strong></span> <span class='ocrx_word' id='word_1_6' title='bbox 475 445 589 513; x_wconf 84' lang='lat' dir='ltr'><strong>xvlll.</strong></span> <span class='ocrx_word' id='word_1_7' title='bbox 615 451 648 513; x_wconf 88' lang='lat'><strong>9.</strong></span> <span class='ocrx_word' id='word_1_8' title='bbox 671 452 778 513; x_wconf 81' lang='grc' dir='ltr'><strong><em>τοιῦσκ</em></strong></span> <span class='ocrx_word' id='word_1_9' title='bbox 800 447 900 512; x_wconf 81' lang='grc' dir='ltr'><strong><em>τοίνυν</em></strong></span> <span class='ocrx_word' id='word_1_10' title='bbox 924 447 1079 524; x_wconf 76' lang='grc' dir='ltr'><strong><em>θλελιὶθειν</em></strong></span> <span class='ocrx_word' id='word_1_11' title='bbox 1110 450 1251 530; x_wconf 71' lang='grc' dir='ltr'><strong><em>ἐμαυτὸν</em></strong></span> <span class='ocrx_word' id='word_1_12' title='bbox 1267 452 1324 519; x_wconf 69' lang='grc' dir='ltr'><strong>ἔτι·</strong></span> 
     </span>
     <span class='ocr_line' id='line_1_3' title="bbox 136 549 1324 647; baseline 0.003 -27"><span class='ocrx_word' id='word_1_13' title='bbox 136 553 287 632; x_wconf 76' lang='grc' dir='ltr'><strong><em>ςάμενοι,</em></strong></span> <span class='ocrx_word' id='word_1_14' title='bbox 312 553 421 638; x_wconf 90' lang='lat' dir='ltr'><strong>itaque</strong></span> <span class='ocrx_word' id='word_1_15' title='bbox 443 551 670 636; x_wconf 82' lang='lat' dir='ltr'><strong>corrigendum</strong></span> <span class='ocrx_word' id='word_1_16' title='bbox 695 558 743 616; x_wconf 87' lang='lat' dir='ltr'><strong>est</strong></span> <span class='ocrx_word' id='word_1_17' title='bbox 763 549 864 629; x_wconf 82' lang='grc' dir='ltr'><strong><em>οίοιικι</em></strong></span> <span class='ocrx_word' id='word_1_18' title='bbox 887 551 919 617; x_wconf 79' lang='grc' dir='ltr'><strong>δὲ</strong></span> <span class='ocrx_word' id='word_1_19' title='bbox 939 590 986 607; x_wconf 90' lang='lat'>-</span> <span class='ocrx_word' id='word_1_20' title='bbox 1004 554 1058 620; x_wconf 78' lang='grc' dir='ltr'><strong><em>κιιί</em></strong></span> <span class='ocrx_word' id='word_1_21' title='bbox 1080 556 1250 631; x_wconf 71' lang='grc' dir='ltr'><strong><em>λεληθέναι</em></strong></span> <span class='ocrx_word' id='word_1_22' title='bbox 1270 558 1324 647; x_wconf 86' lang='grc' dir='ltr'><strong>(σε)</strong></span> 
     </span>
     <span class='ocr_line' id='line_1_4' title="bbox 137 656 616 737; baseline 0 -15"><span class='ocrx_word' id='word_1_23' title='bbox 137 657 245 724; x_wconf 74' lang='grc' dir='ltr'><strong><em>πολλοὶ</em></strong></span> <span class='ocrx_word' id='word_1_24' title='bbox 268 659 397 723; x_wconf 81' lang='grc' dir='ltr'><strong><em>σεκυσὸν</em></strong></span> <span class='ocrx_word' id='word_1_25' title='bbox 418 656 616 737; x_wconf 81' lang='grc' dir='ltr'><strong><em>ε’νιιςάμενον.</em></strong></span> 
     </span>
    </p>

    <p class='ocr_par' dir='ltr' id='par_1_3' title="bbox 136 759 1326 1371">
     <span class='ocr_line' id='line_1_5' title="bbox 183 759 1325 854; baseline 0.004 -26"><span class='ocrx_word' id='word_1_26' title='bbox 183 763 219 828; x_wconf 93' lang='lat' dir='ltr'><strong>ln</strong></span> <span class='ocrx_word' id='word_1_27' title='bbox 244 782 314 849; x_wconf 87' lang='lat' dir='ltr'><strong>cap.</strong></span> <span class='ocrx_word' id='word_1_28' title='bbox 342 761 424 828; x_wconf 88' lang='lat' dir='ltr'><strong>llVl.</strong></span> <span class='ocrx_word' id='word_1_29' title='bbox 450 768 480 827; x_wconf 85' lang='lat' dir='ltr'><strong>t.</strong></span> <span class='ocrx_word' id='word_1_30' title='bbox 500 783 517 828; x_wconf 95' lang='lat' dir='ltr'><strong>e</strong></span> <span class='ocrx_word' id='word_1_31' title='bbox 541 761 633 827; x_wconf 81' lang='lat' dir='ltr'><strong>libris</strong></span> <span class='ocrx_word' id='word_1_32' title='bbox 657 759 833 828; x_wconf 83' lang='lat' dir='ltr'><strong>revocanda</strong></span> <span class='ocrx_word' id='word_1_33' title='bbox 864 769 913 827; x_wconf 90' lang='lat' dir='ltr'><strong>est</strong></span> <span class='ocrx_word' id='word_1_34' title='bbox 937 770 1030 830; x_wconf 90' lang='lat' dir='ltr'><strong>vetus</strong></span> <span class='ocrx_word' id='word_1_35' title='bbox 1054 773 1088 831; x_wconf 86' lang='lat' dir='ltr'><strong>et</strong></span> <span class='ocrx_word' id='word_1_36' title='bbox 1114 764 1219 854; x_wconf 76' lang='lat' dir='ltr'><strong>probo</strong></span> <span class='ocrx_word' id='word_1_37' title='bbox 1240 765 1325 835; x_wconf 81' lang='lat' dir='ltr'><strong>lectio</strong></span> 
     </span>
     <span class='ocr_line' id='line_1_6' title="bbox 138 863 1323 955; baseline 0.003 -22"><span class='ocrx_word' id='word_1_38' title='bbox 138 870 329 947; x_wconf 72' lang='grc' dir='ltr'><strong><em>ἀνεμνήσθην</em></strong></span> <span class='ocrx_word' id='word_1_39' title='bbox 350 868 437 940; x_wconf 77' lang='grc' dir='ltr'><strong>τοὺς</strong></span> <span class='ocrx_word' id='word_1_40' title='bbox 458 868 597 955; x_wconf 22' lang='grc' dir='ltr'><strong><em>ἀιλιέοις</em></strong></span> <span class='ocrx_word' id='word_1_41' title='bbox 620 863 666 932; x_wconf 81' lang='grc' dir='ltr'><strong>ίσι</strong></span> <span class='ocrx_word' id='word_1_42' title='bbox 688 905 733 919; x_wconf 91' lang='grc'><strong>-</strong></span> <span class='ocrx_word' id='word_1_43' title='bbox 755 869 810 932; x_wconf 82' lang='grc' dir='ltr'><strong>οὐκ</strong></span> <span class='ocrx_word' id='word_1_44' title='bbox 833 868 967 933; x_wconf 77' lang='grc' dir='ltr'><strong><em>ὀκνοῦσιν</em></strong></span> <span class='ocrx_word' id='word_1_45' title='bbox 996 870 1238 954; x_wconf 71' lang='grc' dir='ltr'><strong><em>ἀποφαίνεσθαι</em></strong></span> <span class='ocrx_word' id='word_1_46' title='bbox 1263 870 1323 954; x_wconf 69' lang='grc' dir='ltr'><strong>περί</strong></span> 
     </span>
     <span class='ocr_line' id='line_1_7' title="bbox 136 971 1324 1053; baseline 0.004 -15"><span class='ocrx_word' id='word_1_47' title='bbox 136 981 193 1050; x_wconf 79' lang='grc' dir='ltr'><strong>τῆς</strong></span> <span class='ocrx_word' id='word_1_48' title='bbox 213 981 285 1052; x_wconf 75' lang='grc' dir='ltr'><strong>γῆς.</strong></span> <span class='ocrx_word' id='word_1_49' title='bbox 320 971 518 1039; x_wconf 68' lang='lat' dir='ltr'><strong>correctoris</strong></span> <span class='ocrx_word' id='word_1_50' title='bbox 539 980 589 1037; x_wconf 87' lang='lat' dir='ltr'><strong>est</strong></span> <span class='ocrx_word' id='word_1_51' title='bbox 609 971 717 1038; x_wconf 85' lang='lat' dir='ltr'><strong>nescio</strong></span> <span class='ocrx_word' id='word_1_52' title='bbox 737 972 831 1036; x_wconf 88' lang='lat' dir='ltr'><strong>ouius</strong></span> <span class='ocrx_word' id='word_1_53' title='bbox 850 974 1040 1052; x_wconf 72' lang='grc' dir='ltr'><strong><em>ἀνεμνήσθην</em></strong></span> <span class='ocrx_word' id='word_1_54' title='bbox 1056 977 1094 1043; x_wconf 63' lang='lat' dir='ltr'><strong>ab</strong></span> <span class='ocrx_word' id='word_1_55' title='bbox 1117 982 1180 1042; x_wconf 76' lang='grc' dir='ltr'><strong>τῶν</strong></span> <span class='ocrx_word' id='word_1_56' title='bbox 1204 976 1324 1053; x_wconf 68' lang='lat' dir='ltr'><strong>enlm,</strong></span> 
     </span>
     <span class='ocr_line' id='line_1_8' title="bbox 138 1076 1326 1165; baseline 0.004 -21"><span class='ocrx_word' id='word_1_57' title='bbox 138 1078 279 1165; x_wconf 89' lang='lat' dir='ltr'><strong>quinon</strong></span> <span class='ocrx_word' id='word_1_58' title='bbox 304 1078 383 1144; x_wconf 87' lang='lat' dir='ltr'><strong>satis</strong></span> <span class='ocrx_word' id='word_1_59' title='bbox 404 1076 633 1142; x_wconf 85' lang='lat' dir='ltr'><strong>animadvertit</strong></span> <span class='ocrx_word' id='word_1_60' title='bbox 659 1076 782 1141; x_wconf 79' lang='lat' dir='ltr'><strong>Atticos</strong></span> <span class='ocrx_word' id='word_1_61' title='bbox 804 1076 837 1141; x_wconf 88' lang='lat' dir='ltr'><strong>in</strong></span> <span class='ocrx_word' id='word_1_62' title='bbox 861 1076 916 1143; x_wconf 89' lang='lat' dir='ltr'><strong>illa</strong></span> <span class='ocrx_word' id='word_1_63' title='bbox 947 1076 1109 1165; x_wconf 78' lang='lat' dir='ltr'><strong>frequenti</strong></span> <span class='ocrx_word' id='word_1_64' title='bbox 1141 1081 1326 1149; x_wconf 80' lang='lat' dir='ltr'><strong>traiectione</strong></span> 
     </span>
     <span class='ocr_line' id='line_1_9' title="bbox 138 1180 1326 1272; baseline 0.006 -23"><span class='ocrx_word' id='word_1_65' title='bbox 138 1183 359 1249; x_wconf 78' lang='lat' dir='ltr'><strong>accusativum</strong></span> <span class='ocrx_word' id='word_1_66' title='bbox 380 1182 587 1268; x_wconf 82' lang='lat' dir='ltr'><strong>praemittere</strong></span> <span class='ocrx_word' id='word_1_67' title='bbox 600 1180 719 1257; x_wconf 85' lang='lat' dir='ltr'><strong>solere,</strong></span> <span class='ocrx_word' id='word_1_68' title='bbox 746 1180 844 1246; x_wconf 86' lang='lat' dir='ltr'><strong>etiam</strong></span> <span class='ocrx_word' id='word_1_69' title='bbox 869 1180 924 1247; x_wconf 93' lang='lat' dir='ltr'><strong>ubi</strong></span> <span class='ocrx_word' id='word_1_70' title='bbox 938 1182 1072 1251; x_wconf 83' lang='lat' dir='ltr'><strong>verbum</strong></span> <span class='ocrx_word' id='word_1_71' title='bbox 1093 1184 1183 1272; x_wconf 83' lang='lat' dir='ltr'><strong>quod</strong></span> <span class='ocrx_word' id='word_1_72' title='bbox 1207 1194 1326 1257; x_wconf 79' lang='grc' dir='ltr'><strong><em>οινθοοε-</em></strong></span> 
     </span>
     <span class='ocr_line' id='line_1_10' title="bbox 139 1287 637 1371; baseline -0.002 -18"><span class='ocrx_word' id='word_1_73' title='bbox 139 1287 187 1354; x_wconf 91' lang='lat' dir='ltr'><strong>dit</strong></span> <span class='ocrx_word' id='word_1_74' title='bbox 211 1287 431 1353; x_wconf 77' lang='lat' dir='ltr'><strong>accusativum</strong></span> <span class='ocrx_word' id='word_1_75' title='bbox 459 1306 521 1352; x_wconf 92' lang='lat' dir='ltr'><strong>non</strong></span> <span class='ocrx_word' id='word_1_76' title='bbox 544 1288 637 1371; x_wconf 76' lang='lat' dir='ltr'><strong>regit.</strong></span> 
     </span>
    </p>

    <p class='ocr_par' dir='ltr' id='par_1_4' title="bbox 140 1390 1328 1690">
     <span class='ocr_line' id='line_1_11' title="bbox 185 1390 1327 1480; baseline 0.005 -23"><span class='ocrx_word' id='word_1_77' title='bbox 185 1392 221 1457; x_wconf 94' lang='lat' dir='ltr'><strong>ln</strong></span> <span class='ocrx_word' id='word_1_78' title='bbox 256 1397 273 1477; x_wconf 84' lang='lat'>§</span> <span class='ocrx_word' id='word_1_79' title='bbox 303 1396 343 1457; x_wconf 74' lang='lat' dir='ltr'><strong>lb</strong></span> <span class='ocrx_word' id='word_1_80' title='bbox 375 1390 572 1458; x_wconf 83' lang='lat' dir='ltr'><strong>Schneideco</strong></span> <span class='ocrx_word' id='word_1_81' title='bbox 599 1391 856 1478; x_wconf 76' lang='lat' dir='ltr'><strong>obtemperatum</strong></span> <span class='ocrx_word' id='word_1_82' title='bbox 889 1394 1032 1480; x_wconf 82' lang='lat' dir='ltr'><strong>oportuit</strong></span> <span class='ocrx_word' id='word_1_83' title='bbox 1063 1393 1128 1477; x_wconf 79' lang='grc' dir='ltr'><strong><em>ἀριι</em></strong></span> <span class='ocrx_word' id='word_1_84' title='bbox 1156 1398 1327 1465; x_wconf 82' lang='lat' dir='ltr'><strong>inserenti:</strong></span> 
     </span>
     <span class='ocr_line' id='line_1_12' title="bbox 140 1492 1328 1589; baseline 0.005 -25"><span class='ocrx_word' id='word_1_85' title='bbox 140 1497 302 1564; x_wconf 74' lang='grc' dir='ltr'><strong><em>κινδυνεύει</em></strong></span> <span class='ocrx_word' id='word_1_86' title='bbox 327 1495 414 1585; x_wconf 69' lang='lat' dir='ltr'><strong>(apa)</strong></span> <span class='ocrx_word' id='word_1_87' title='bbox 438 1496 523 1577; x_wconf 76' lang='grc' dir='ltr'><strong><em>ἔσρος</em></strong></span> <span class='ocrx_word' id='word_1_88' title='bbox 547 1492 625 1564; x_wconf 81' lang='grc' dir='ltr'><strong><em>είνοιι</em></strong></span> <span class='ocrx_word' id='word_1_89' title='bbox 647 1498 754 1563; x_wconf 81' lang='grc' dir='ltr'><strong><em>τούτου</em></strong></span> <span class='ocrx_word' id='word_1_90' title='bbox 775 1501 830 1562; x_wconf 78' lang='grc' dir='ltr'><strong>τοῦ</strong></span> <span class='ocrx_word' id='word_1_91' title='bbox 850 1495 940 1578; x_wconf 75' lang='grc' dir='ltr'><strong><em>ἔργου</em></strong></span> <span class='ocrx_word' id='word_1_92' title='bbox 961 1499 1100 1580; x_wconf 74' lang='grc' dir='ltr'><strong><em>ἀρκτέον.</em></strong></span> <span class='ocrx_word' id='word_1_93' title='bbox 1151 1500 1237 1569; x_wconf 83' lang='lat' dir='ltr'><strong>vide</strong></span> <span class='ocrx_word' id='word_1_94' title='bbox 1252 1520 1328 1589; x_wconf 73' lang='lat' dir='ltr'><strong>quot</strong></span> 
     </span>
     <span class='ocr_line' id='line_1_13' title="bbox 140 1600 943 1690; baseline -0.002 -21"><span class='ocrx_word' id='word_1_95' title='bbox 140 1621 239 1690; x_wconf 78' lang='lat' dir='ltr'><strong>supra</strong></span> <span class='ocrx_word' id='word_1_96' title='bbox 262 1601 302 1668; x_wconf 89' lang='lat' dir='ltr'><strong>de</strong></span> <span class='ocrx_word' id='word_1_97' title='bbox 325 1620 361 1667; x_wconf 90' lang='lat' dir='ltr'><strong>ea</strong></span> <span class='ocrx_word' id='word_1_98' title='bbox 386 1620 421 1666; x_wconf 88' lang='lat' dir='ltr'><strong>ce</strong></span> <span class='ocrx_word' id='word_1_99' title='bbox 443 1601 671 1667; x_wconf 84' lang='lat' dir='ltr'><strong>annotavimus</strong></span> <span class='ocrx_word' id='word_1_100' title='bbox 695 1600 736 1666; x_wconf 96' lang='lat' dir='ltr'><strong>ad</strong></span> <span class='ocrx_word' id='word_1_101' title='bbox 760 1600 943 1667; x_wconf 80' lang='lat' dir='ltr'><strong>Hieronem.</strong></span> 
     </span>
    </p>

    <p class='ocr_par' dir='ltr' id='par_1_5' title="bbox 140 1704 1330 2406">
     <span class='ocr_line' id='line_1_14' title="bbox 187 1704 1327 1799; baseline 0.004 -25"><span class='ocrx_word' id='word_1_102' title='bbox 187 1710 224 1775; x_wconf 86' lang='lat' dir='ltr'><strong>ln</strong></span> <span class='ocrx_word' id='word_1_103' title='bbox 252 1726 322 1794; x_wconf 86' lang='lat' dir='ltr'><strong>cap.</strong></span> <span class='ocrx_word' id='word_1_104' title='bbox 347 1704 462 1771; x_wconf 82' lang='lat' dir='ltr'><strong>xvtlt.</strong></span> <span class='ocrx_word' id='word_1_105' title='bbox 489 1712 518 1770; x_wconf 91' lang='lat' dir='ltr'><strong>l.</strong></span> <span class='ocrx_word' id='word_1_106' title='bbox 546 1706 662 1787; x_wconf 72' lang='lat' dir='ltr'><strong>ardema</strong></span> <span class='ocrx_word' id='word_1_107' title='bbox 684 1704 917 1785; x_wconf 65' lang='lat' dir='ltr'><strong>abaciacus</strong></span> <span class='ocrx_word' id='word_1_108' title='bbox 949 1708 1056 1794; x_wconf 87' lang='lat' dir='ltr'><strong>inepte</strong></span> <span class='ocrx_word' id='word_1_109' title='bbox 1080 1709 1205 1796; x_wconf 78' lang='lat' dir='ltr'><strong>legilur</strong></span> <span class='ocrx_word' id='word_1_110' title='bbox 1234 1730 1327 1799; x_wconf 79' lang='lat' dir='ltr'><strong>quum</strong></span> 
     </span>
     <span class='ocr_line' id='line_1_15' title="bbox 141 1808 1329 1898; baseline 0.007 -20"><span class='ocrx_word' id='word_1_111' title='bbox 141 1820 249 1891; x_wconf 81' lang='grc' dir='ltr'><strong><em>σεμεῖς</em></strong></span> <span class='ocrx_word' id='word_1_112' title='bbox 272 1818 425 1898; x_wconf 80' lang='lat' dir='ltr'><strong>appareat</strong></span> <span class='ocrx_word' id='word_1_113' title='bbox 449 1828 520 1874; x_wconf 92' lang='lat' dir='ltr'><strong>esse</strong></span> <span class='ocrx_word' id='word_1_114' title='bbox 541 1808 722 1895; x_wconf 80' lang='lat' dir='ltr'><strong>legendum.</strong></span> <span class='ocrx_word' id='word_1_115' title='bbox 771 1809 871 1895; x_wconf 88' lang='lat' dir='ltr'><strong>Saepe</strong></span> <span class='ocrx_word' id='word_1_116' title='bbox 893 1812 940 1877; x_wconf 89' lang='lat' dir='ltr'><strong>sic</strong></span> <span class='ocrx_word' id='word_1_117' title='bbox 961 1814 1064 1878; x_wconf 83' lang='lat' dir='ltr'><strong>erravi</strong></span> <span class='ocrx_word' id='word_1_118' title='bbox 1085 1814 1190 1883; x_wconf 79' lang='lat' dir='ltr'><strong>solere</strong></span> <span class='ocrx_word' id='word_1_119' title='bbox 1210 1820 1245 1884; x_wconf 94' lang='lat' dir='ltr'><strong>in</strong></span> <span class='ocrx_word' id='word_1_120' title='bbox 1267 1838 1329 1886; x_wconf 88' lang='lat' dir='ltr'><strong>vet·-</strong></span> 
     </span>
     <span class='ocr_line' id='line_1_16' title="bbox 140 1912 1329 2002; baseline 0.007 -19"><span class='ocrx_word' id='word_1_121' title='bbox 140 1917 191 1984; x_wconf 87' lang='lat' dir='ltr'><strong>bis</strong></span> <span class='ocrx_word' id='word_1_122' title='bbox 220 1914 387 2002; x_wconf 86' lang='lat' dir='ltr'><strong>liquidatis</strong></span> <span class='ocrx_word' id='word_1_123' title='bbox 416 1912 553 1981; x_wconf 79' lang='lat' dir='ltr'><strong>subinde</strong></span> <span class='ocrx_word' id='word_1_124' title='bbox 583 1912 803 1979; x_wconf 86' lang='lat' dir='ltr'><strong>ostendimus:</strong></span> <span class='ocrx_word' id='word_1_125' title='bbox 830 1917 959 2002; x_wconf 92' lang='lat' dir='ltr'><strong>saepius</strong></span> <span class='ocrx_word' id='word_1_126' title='bbox 991 1918 1023 1981; x_wconf 88' lang='lat' dir='ltr'><strong>in</strong></span> <span class='ocrx_word' id='word_1_127' title='bbox 1053 1918 1159 1997; x_wconf 80' lang='grc' dir='ltr'><strong><em>σθμνυ</em></strong></span> <span class='ocrx_word' id='word_1_128' title='bbox 1190 1923 1242 1989; x_wconf 84' lang='lat' dir='ltr'><strong>sic</strong></span> <span class='ocrx_word' id='word_1_129' title='bbox 1264 1942 1329 1991; x_wconf 65' lang='lat' dir='ltr'><strong>emt</strong></span> 
     </span>
     <span class='ocr_line' id='line_1_17' title="bbox 142 2017 1329 2114; baseline 0.007 -26"><span class='ocrx_word' id='word_1_130' title='bbox 142 2030 288 2088; x_wconf 79' lang='lat' dir='ltr'><strong>erratum</strong></span> <span class='ocrx_word' id='word_1_131' title='bbox 312 2017 537 2086; x_wconf 79' lang='lat' dir='ltr'><strong>animadverti.</strong></span> <span class='ocrx_word' id='word_1_132' title='bbox 585 2018 664 2098; x_wconf 84' lang='lat' dir='ltr'><strong>Quis</strong></span> <span class='ocrx_word' id='word_1_133' title='bbox 692 2019 724 2082; x_wconf 90' lang='lat' dir='ltr'><strong>io</strong></span> <span class='ocrx_word' id='word_1_134' title='bbox 747 2018 912 2085; x_wconf 80' lang='lat' dir='ltr'><strong>Plutarchi</strong></span> <span class='ocrx_word' id='word_1_135' title='bbox 938 2022 1004 2088; x_wconf 90' lang='lat' dir='ltr'><strong>vita</strong></span> <span class='ocrx_word' id='word_1_136' title='bbox 1028 2021 1146 2091; x_wconf 85' lang='lat' dir='ltr'><strong>Thesei</strong></span> <span class='ocrx_word' id='word_1_137' title='bbox 1170 2046 1245 2114; x_wconf 84' lang='lat' dir='ltr'><strong>cap.</strong></span> <span class='ocrx_word' id='word_1_138' title='bbox 1266 2028 1329 2095; x_wconf 84' lang='lat' dir='ltr'><strong>xlt.</strong></span> 
     </span>
     <span class='ocr_line' id='line_1_18' title="bbox 141 2122 1330 2211; baseline 0.004 -17"><span class='ocrx_word' id='word_1_139' title='bbox 141 2134 232 2210; x_wconf 77' lang='grc' dir='ltr'><strong><em>κρεῶν</em></strong></span> <span class='ocrx_word' id='word_1_140' title='bbox 251 2124 482 2208; x_wconf 77' lang='grc' dir='ltr'><strong><em>νικουκειμένων</em></strong></span> <span class='ocrx_word' id='word_1_141' title='bbox 505 2122 707 2201; x_wconf 81' lang='grc' dir='ltr'><strong><em>σοιοοσάμευοι</em></strong></span> <span class='ocrx_word' id='word_1_142' title='bbox 729 2124 786 2198; x_wconf 77' lang='grc' dir='ltr'><strong>την</strong></span> <span class='ocrx_word' id='word_1_143' title='bbox 805 2123 972 2207; x_wconf 82' lang='grc' dir='ltr'><strong><em>μάχοιιροιν</em></strong></span> <span class='ocrx_word' id='word_1_144' title='bbox 992 2129 1032 2201; x_wconf 76' lang='grc' dir='ltr'><strong>ἀς</strong></span> <span class='ocrx_word' id='word_1_145' title='bbox 1051 2134 1160 2196; x_wconf 78' lang='grc' dir='ltr'><strong><em>τοῦτον</em></strong></span> <span class='ocrx_word' id='word_1_146' title='bbox 1182 2132 1330 2211; x_wconf 78' lang='grc' dir='ltr'><strong><em>τίμνινν</em></strong></span> 
     </span>
     <span class='ocr_line' id='line_1_19' title="bbox 144 2227 1330 2317; baseline 0.005 -17"><span class='ocrx_word' id='word_1_147' title='bbox 144 2235 292 2300; x_wconf 67' lang='grc' dir='ltr'><strong><em>ἐδείκνυεν</em></strong></span> <span class='ocrx_word' id='word_1_148' title='bbox 312 2230 431 2312; x_wconf 77' lang='grc' dir='ltr'><strong><em>ἐκείνῳ,</em></strong></span> <span class='ocrx_word' id='word_1_149' title='bbox 454 2227 543 2315; x_wconf 75' lang='lat' dir='ltr'><strong>quit,</strong></span> <span class='ocrx_word' id='word_1_150' title='bbox 568 2227 716 2313; x_wconf 81' lang='lat' dir='ltr'><strong>inquam,</strong></span> <span class='ocrx_word' id='word_1_151' title='bbox 740 2247 803 2296; x_wconf 87' lang='lat' dir='ltr'><strong>non</strong></span> <span class='ocrx_word' id='word_1_152' title='bbox 828 2228 915 2297; x_wconf 80' lang='lat' dir='ltr'><strong>videl</strong></span> <span class='ocrx_word' id='word_1_153' title='bbox 933 2233 973 2304; x_wconf 80' lang='grc' dir='ltr'><strong>ἀι</strong></span> <span class='ocrx_word' id='word_1_154' title='bbox 991 2237 1099 2299; x_wconf 69' lang='lat' dir='ltr'><strong>nahra</strong></span> <span class='ocrx_word' id='word_1_155' title='bbox 1118 2244 1247 2317; x_wconf 73' lang='grc' dir='ltr'><strong><em>τεμόν</em></strong></span> <span class='ocrx_word' id='word_1_156' title='bbox 1266 2256 1330 2305; x_wconf 76' lang='lat' dir='ltr'><strong>este</strong></span> 
     </span>
     <span class='ocr_line' id='line_1_20' title="bbox 143 2335 404 2406; baseline -0.015 -2"><span class='ocrx_word' id='word_1_157' title='bbox 143 2335 404 2406; x_wconf 77' lang='lat' dir='ltr'><strong>restituendum?</strong></span> 
     </span>
    </p>

    <p class='ocr_par' dir='ltr' id='par_1_6' title="bbox 144 2437 1331 4211">
     <span class='ocr_line' id='line_1_21' title="bbox 191 2437 1330 2527; baseline 0.007 -19"><span class='ocrx_word' id='word_1_158' title='bbox 191 2442 273 2510; x_wconf 84' lang='lat' dir='ltr'><strong>ibid.</strong></span> <span class='ocrx_word' id='word_1_159' title='bbox 302 2443 320 2527; x_wconf 85' lang='lat'>§</span> <span class='ocrx_word' id='word_1_160' title='bbox 347 2445 366 2506; x_wconf 84' lang='lat' dir='ltr'><strong>b</strong></span> <span class='ocrx_word' id='word_1_161' title='bbox 390 2439 480 2514; x_wconf 77' lang='grc' dir='ltr'><strong><em>δῆλον</em></strong></span> <span class='ocrx_word' id='word_1_162' title='bbox 497 2437 544 2508; x_wconf 76' lang='grc' dir='ltr'><strong>ὅτι</strong></span> <span class='ocrx_word' id='word_1_163' title='bbox 565 2439 692 2520; x_wconf 65' lang='lat' dir='ltr'><strong>adnisa</strong></span> <span class='ocrx_word' id='word_1_164' title='bbox 711 2442 886 2525; x_wconf 69' lang='grc' dir='ltr'><strong><em>ὀμοκίζοιεν</em></strong></span> <span class='ocrx_word' id='word_1_165' title='bbox 909 2439 949 2509; x_wconf 83' lang='grc' dir='ltr'><strong>ἀν</strong></span> <span class='ocrx_word' id='word_1_166' title='bbox 977 2446 1016 2511; x_wconf 78' lang='grc' dir='ltr'><strong>τὸ</strong></span> <span class='ocrx_word' id='word_1_167' title='bbox 1047 2442 1173 2513; x_wconf 84' lang='grc' dir='ltr'><strong><em>δεινδν</em></strong></span> <span class='ocrx_word' id='word_1_168' title='bbox 1200 2449 1258 2514; x_wconf 80' lang='lat' dir='ltr'><strong>acal</strong></span> <span class='ocrx_word' id='word_1_169' title='bbox 1279 2450 1330 2516; x_wconf 78' lang='grc' dir='ltr'><strong>σθ-</strong></span> 
     </span>
     <span class='ocr_line' id='line_1_22' title="bbox 144 2543 1331 2638; baseline 0.007 -25"><span class='ocrx_word' id='word_1_170' title='bbox 144 2570 227 2631; x_wconf 79' lang='grc' dir='ltr'><strong><em>χιςιι</em></strong></span> <span class='ocrx_word' id='word_1_171' title='bbox 250 2547 406 2618; x_wconf 82' lang='grc' dir='ltr'><strong><em>ἀνύσιιεν.</em></strong></span> <span class='ocrx_word' id='word_1_172' title='bbox 434 2553 561 2630; x_wconf 76' lang='lat' dir='ltr'><strong>recepta</strong></span> <span class='ocrx_word' id='word_1_173' title='bbox 583 2543 769 2611; x_wconf 85' lang='lat' dir='ltr'><strong>Ruhnkenii</strong></span> <span class='ocrx_word' id='word_1_174' title='bbox 799 2547 998 2614; x_wconf 83' lang='lat' dir='ltr'><strong>connectione</strong></span> <span class='ocrx_word' id='word_1_175' title='bbox 1030 2548 1081 2638; x_wconf 84' lang='lat' dir='ltr'><strong>(ex</strong></span> <span class='ocrx_word' id='word_1_176' title='bbox 1103 2550 1250 2637; x_wconf 81' lang='lat' dir='ltr'><strong>Epistola</strong></span> <span class='ocrx_word' id='word_1_177' title='bbox 1270 2552 1331 2621; x_wconf 77' lang='lat' dir='ltr'><strong>aa·</strong></span> 
     </span>
     <span class='ocr_line' id='line_1_23' title="bbox 147 2650 1329 2739; baseline 0.007 -21"><span class='ocrx_word' id='word_1_178' title='bbox 147 2655 211 2718; x_wconf 85' lang='lat' dir='ltr'><strong>lica</strong></span> <span class='ocrx_word' id='word_1_179' title='bbox 241 2651 281 2719; x_wconf 90' lang='lat' dir='ltr'><strong>ll.</strong></span> <span class='ocrx_word' id='word_1_180' title='bbox 312 2669 342 2736; x_wconf 85' lang='lat' dir='ltr'><strong>p.</strong></span> <span class='ocrx_word' id='word_1_181' title='bbox 371 2650 446 2736; x_wconf 85' lang='lat'>180)</span> <span class='ocrx_word' id='word_1_182' title='bbox 477 2650 544 2716; x_wconf 79' lang='grc' dir='ltr'><strong>τὸν</strong></span> <span class='ocrx_word' id='word_1_183' title='bbox 575 2651 679 2716; x_wconf 82' lang='grc' dir='ltr'><strong><em>δίνου</em></strong></span> <span class='ocrx_word' id='word_1_184' title='bbox 708 2669 767 2735; x_wconf 87' lang='lat' dir='ltr'><strong>pro</strong></span> <span class='ocrx_word' id='word_1_185' title='bbox 795 2654 830 2716; x_wconf 82' lang='grc' dir='ltr'><strong>τὸ</strong></span> <span class='ocrx_word' id='word_1_186' title='bbox 861 2651 954 2718; x_wconf 83' lang='grc' dir='ltr'><strong><em>δεινίν</em></strong></span> <span class='ocrx_word' id='word_1_187' title='bbox 984 2652 1117 2739; x_wconf 77' lang='lat' dir='ltr'><strong>legerint</strong></span> <span class='ocrx_word' id='word_1_188' title='bbox 1149 2655 1268 2734; x_wconf 79' lang='grc' dir='ltr'><strong><em>μάλις’</em></strong></span> <span class='ocrx_word' id='word_1_189' title='bbox 1294 2658 1329 2725; x_wconf 78' lang='grc' dir='ltr'><strong>ἀν</strong></span> 
     </span>
     <span class='ocr_line' id='line_1_24' title="bbox 145 2754 1329 2839; baseline 0.006 -16"><span class='ocrx_word' id='word_1_190' title='bbox 145 2757 320 2839; x_wconf 82' lang='grc' dir='ltr'><strong><em>θμοιλίζοιεν</em></strong></span> <span class='ocrx_word' id='word_1_191' title='bbox 341 2758 393 2822; x_wconf 73' lang='grc' dir='ltr'><strong>τὸν</strong></span> <span class='ocrx_word' id='word_1_192' title='bbox 416 2757 493 2822; x_wconf 83' lang='grc' dir='ltr'><strong><em>δῖνον</em></strong></span> <span class='ocrx_word' id='word_1_193' title='bbox 515 2757 568 2821; x_wconf 77' lang='lat' dir='ltr'><strong>acci</strong></span> <span class='ocrx_word' id='word_1_194' title='bbox 592 2755 704 2838; x_wconf 77' lang='grc' dir='ltr'><strong><em>σοίχις’</em></strong></span> <span class='ocrx_word' id='word_1_195' title='bbox 731 2754 772 2821; x_wconf 82' lang='grc' dir='ltr'><strong>ἀν</strong></span> <span class='ocrx_word' id='word_1_196' title='bbox 800 2758 948 2823; x_wconf 80' lang='grc' dir='ltr'><strong><em>ἀνιίτοιεν.</em></strong></span> <span class='ocrx_word' id='word_1_197' title='bbox 996 2758 1033 2823; x_wconf 88' lang='lat' dir='ltr'><strong>In</strong></span> <span class='ocrx_word' id='word_1_198' title='bbox 1054 2758 1227 2827; x_wconf 74' lang='lat' dir='ltr'><strong>(lodicibus</strong></span> <span class='ocrx_word' id='word_1_199' title='bbox 1256 2764 1329 2830; x_wconf 82' lang='lat' dir='ltr'><strong>auli-</strong></span> 
     </span>
     <span class='ocr_line' id='line_1_25' title="bbox 146 2860 1328 2950; baseline 0.007 -23"><span class='ocrx_word' id='word_1_200' title='bbox 146 2860 313 2950; x_wconf 88' lang='lat' dir='ltr'><strong>quioribus</strong></span> <span class='ocrx_word' id='word_1_201' title='bbox 337 2869 369 2927; x_wconf 91' lang='lat' dir='ltr'><strong>et</strong></span> <span class='ocrx_word' id='word_1_202' title='bbox 392 2860 475 2947; x_wconf 90' lang='lat' dir='ltr'><strong>apud</strong></span> <span class='ocrx_word' id='word_1_203' title='bbox 499 2861 734 2927; x_wconf 81' lang='lat' dir='ltr'><strong>Grammaticos</strong></span> <span class='ocrx_word' id='word_1_204' title='bbox 762 2860 801 2927; x_wconf 90' lang='lat' dir='ltr'><strong>de</strong></span> <span class='ocrx_word' id='word_1_205' title='bbox 821 2882 911 2928; x_wconf 83' lang='lat' dir='ltr'><strong>more</strong></span> <span class='ocrx_word' id='word_1_206' title='bbox 932 2872 1045 2948; x_wconf 83' lang='lat' dir='ltr'><strong>Elpco</strong></span> <span class='ocrx_word' id='word_1_207' title='bbox 1064 2873 1080 2927; x_wconf 86' lang='lat'>1</span> <span class='ocrx_word' id='word_1_208' title='bbox 1102 2862 1200 2950; x_wconf 79' lang='lat' dir='ltr'><strong>longo</strong></span> <span class='ocrx_word' id='word_1_209' title='bbox 1221 2866 1328 2934; x_wconf 79' lang='lat' dir='ltr'><strong>scribi·</strong></span> 
     </span>
     <span class='ocr_line' id='line_1_26' title="bbox 145 2964 1326 3056; baseline 0.004 -23"><span class='ocrx_word' id='word_1_210' title='bbox 145 2975 219 3043; x_wconf 80' lang='lat' dir='ltr'><strong>tun,</strong></span> <span class='ocrx_word' id='word_1_211' title='bbox 242 2964 328 3033; x_wconf 90' lang='lat' dir='ltr'><strong>unde</strong></span> <span class='ocrx_word' id='word_1_212' title='bbox 350 2967 444 3040; x_wconf 77' lang='grc' dir='ltr'><strong><em>δεῖνος</em></strong></span> <span class='ocrx_word' id='word_1_213' title='bbox 461 2975 493 3032; x_wconf 95' lang='lat' dir='ltr'><strong>et</strong></span> <span class='ocrx_word' id='word_1_214' title='bbox 511 2964 640 3039; x_wconf 81' lang='grc' dir='ltr'><strong><em>δείνησις</em></strong></span> <span class='ocrx_word' id='word_1_215' title='bbox 658 2973 690 3030; x_wconf 89' lang='lat' dir='ltr'><strong>ct</strong></span> <span class='ocrx_word' id='word_1_216' title='bbox 712 2965 831 3032; x_wconf 88' lang='lat' dir='ltr'><strong>similia</strong></span> <span class='ocrx_word' id='word_1_217' title='bbox 853 2986 946 3052; x_wconf 89' lang='lat' dir='ltr'><strong>saepe</strong></span> <span class='ocrx_word' id='word_1_218' title='bbox 967 2965 1138 3052; x_wconf 80' lang='lat' dir='ltr'><strong>leguntur,</strong></span> <span class='ocrx_word' id='word_1_219' title='bbox 1164 2989 1251 3056; x_wconf 87' lang='lat' dir='ltr'><strong>quae</strong></span> <span class='ocrx_word' id='word_1_220' title='bbox 1272 2990 1326 3039; x_wconf 87' lang='lat' dir='ltr'><strong>non</strong></span> 
     </span>
     <span class='ocr_line' id='line_1_27' title="bbox 146 3069 1327 3158; baseline 0.003 -20"><span class='ocrx_word' id='word_1_221' title='bbox 146 3071 251 3158; x_wconf 80' lang='lat' dir='ltr'><strong>magis</strong></span> <span class='ocrx_word' id='word_1_222' title='bbox 275 3069 404 3137; x_wconf 82' lang='lat' dir='ltr'><strong>serenda</strong></span> <span class='ocrx_word' id='word_1_223' title='bbox 426 3078 503 3136; x_wconf 90' lang='lat' dir='ltr'><strong>sunt</strong></span> <span class='ocrx_word' id='word_1_224' title='bbox 527 3089 622 3155; x_wconf 88' lang='lat' dir='ltr'><strong>quam</strong></span> <span class='ocrx_word' id='word_1_225' title='bbox 647 3073 740 3149; x_wconf 77' lang='grc' dir='ltr'><strong><em>τειμη</em></strong></span> <span class='ocrx_word' id='word_1_226' title='bbox 764 3080 821 3136; x_wconf 91' lang='lat' dir='ltr'><strong>aut</strong></span> <span class='ocrx_word' id='word_1_227' title='bbox 843 3072 925 3146; x_wconf 83' lang='grc' dir='ltr'><strong><em>νείκη</em></strong></span> <span class='ocrx_word' id='word_1_228' title='bbox 950 3078 1006 3136; x_wconf 94' lang='lat' dir='ltr'><strong>aut</strong></span> <span class='ocrx_word' id='word_1_229' title='bbox 1035 3082 1159 3151; x_wconf 83' lang='grc' dir='ltr'><strong><em>κειυεῖν,</em></strong></span> <span class='ocrx_word' id='word_1_230' title='bbox 1190 3078 1327 3156; x_wconf 74' lang='grc' dir='ltr'><strong><em>Κεινέιιι,</em></strong></span> 
     </span>
     <span class='ocr_line' id='line_1_28' title="bbox 145 3173 1327 3265; baseline 0.005 -22"><span class='ocrx_word' id='word_1_231' title='bbox 145 3178 275 3257; x_wconf 77' lang='grc' dir='ltr'><strong><em>βεινεῖν,</em></strong></span> <span class='ocrx_word' id='word_1_232' title='bbox 299 3176 411 3259; x_wconf 68' lang='lat' dir='ltr'><strong>apella,</strong></span> <span class='ocrx_word' id='word_1_233' title='bbox 438 3175 511 3242; x_wconf 89' lang='lat' dir='ltr'><strong>alia.</strong></span> <span class='ocrx_word' id='word_1_234' title='bbox 561 3173 669 3241; x_wconf 90' lang='lat' dir='ltr'><strong>Scatet</strong></span> <span class='ocrx_word' id='word_1_235' title='bbox 690 3173 808 3241; x_wconf 89' lang='lat' dir='ltr'><strong>talibus</strong></span> <span class='ocrx_word' id='word_1_236' title='bbox 824 3175 1019 3264; x_wconf 78' lang='lat' dir='ltr'><strong>Hesychius,</strong></span> <span class='ocrx_word' id='word_1_237' title='bbox 1043 3175 1129 3262; x_wconf 90' lang='lat' dir='ltr'><strong>apud</strong></span> <span class='ocrx_word' id='word_1_238' title='bbox 1150 3199 1250 3265; x_wconf 87' lang='lat' dir='ltr'><strong>quem</strong></span> <span class='ocrx_word' id='word_1_239' title='bbox 1266 3190 1327 3251; x_wconf 79' lang='lat' dir='ltr'><strong>nu·</strong></span> 
     </span>
     <span class='ocr_line' id='line_1_29' title="bbox 147 3280 1326 3364; baseline 0.011 -17"><span class='ocrx_word' id='word_1_240' title='bbox 147 3307 197 3347; x_wconf 86' lang='grc' dir='ltr'><strong><em>νοιι</em></strong></span> <span class='ocrx_word' id='word_1_241' title='bbox 218 3281 373 3348; x_wconf 79' lang='lat' dir='ltr'><strong>scribitur</strong></span> <span class='ocrx_word' id='word_1_242' title='bbox 397 3289 429 3347; x_wconf 87' lang='lat' dir='ltr'><strong>el</strong></span> <span class='ocrx_word' id='word_1_243' title='bbox 453 3281 610 3354; x_wconf 77' lang='grc' dir='ltr'><strong><em>Δείνησιι,</em></strong></span> <span class='ocrx_word' id='word_1_244' title='bbox 642 3280 774 3355; x_wconf 78' lang='grc' dir='ltr'><strong><em>Δείνιος,</em></strong></span> <span class='ocrx_word' id='word_1_245' title='bbox 805 3281 897 3356; x_wconf 91' lang='grc' dir='ltr'><strong><em>Δείνη</em></strong></span> <span class='ocrx_word' id='word_1_246' title='bbox 925 3288 956 3347; x_wconf 90' lang='lat' dir='ltr'><strong>el</strong></span> <span class='ocrx_word' id='word_1_247' title='bbox 981 3281 1135 3349; x_wconf 85' lang='grc' dir='ltr'><strong><em>Δεινειίειν</em></strong></span> <span class='ocrx_word' id='word_1_248' title='bbox 1155 3292 1190 3351; x_wconf 77' lang='lat' dir='ltr'><strong>et</strong></span> <span class='ocrx_word' id='word_1_249' title='bbox 1212 3296 1326 3364; x_wconf 72' lang='grc' dir='ltr'><strong><em>Δεῒνος,</em></strong></span> 
     </span>
     <span class='ocr_line' id='line_1_30' title="bbox 148 3387 1327 3475; baseline 0.003 -22"><span class='ocrx_word' id='word_1_250' title='bbox 148 3388 308 3465; x_wconf 79' lang='grc' dir='ltr'><strong><em>Δείνηοις,</em></strong></span> <span class='ocrx_word' id='word_1_251' title='bbox 332 3388 519 3463; x_wconf 78' lang='grc' dir='ltr'><strong><em>Δεινίενσοο,</em></strong></span> <span class='ocrx_word' id='word_1_252' title='bbox 552 3395 714 3457; x_wconf 81' lang='grc' dir='ltr'><strong><em>Δεινωτοίς</em></strong></span> <span class='ocrx_word' id='word_1_253' title='bbox 736 3395 767 3451; x_wconf 84' lang='lat' dir='ltr'><strong>el</strong></span> <span class='ocrx_word' id='word_1_254' title='bbox 793 3405 866 3451; x_wconf 81' lang='lat' dir='ltr'><strong>mox</strong></span> <span class='ocrx_word' id='word_1_255' title='bbox 896 3387 1111 3470; x_wconf 76' lang='grc' dir='ltr'><strong><em>Δειφιίμινος,</em></strong></span> <span class='ocrx_word' id='word_1_256' title='bbox 1136 3396 1327 3475; x_wconf 52' lang='lat' dir='ltr'><strong>namma</strong></span> 
     </span>
     <span class='ocr_line' id='line_1_31' title="bbox 148 3492 1325 3579; baseline 0.003 -22"><span class='ocrx_word' id='word_1_257' title='bbox 148 3493 241 3577; x_wconf 88' lang='lat' dir='ltr'><strong>peius</strong></span> <span class='ocrx_word' id='word_1_258' title='bbox 260 3492 356 3557; x_wconf 91' lang='lat' dir='ltr'><strong>etiam</strong></span> <span class='ocrx_word' id='word_1_259' title='bbox 381 3492 411 3554; x_wconf 94' lang='lat' dir='ltr'><strong>in</strong></span> <span class='ocrx_word' id='word_1_260' title='bbox 434 3515 443 3556; x_wconf 95' lang='grc' dir='ltr'><strong><em>ι</em></strong></span> <span class='ocrx_word' id='word_1_261' title='bbox 465 3498 612 3575; x_wconf 83' lang='lat' dir='ltr'><strong>correpto</strong></span> <span class='ocrx_word' id='word_1_262' title='bbox 635 3497 810 3556; x_wconf 77' lang='grc' dir='ltr'><strong><em>Δεικεῖνε</em></strong></span> <span class='ocrx_word' id='word_1_263' title='bbox 834 3492 982 3573; x_wconf 71' lang='grc' dir='ltr'><strong><em>ἀφεῖναι,</em></strong></span> <span class='ocrx_word' id='word_1_264' title='bbox 1006 3497 1096 3575; x_wconf 68' lang='grc' dir='ltr'><strong><em>ῥῖψαι</em></strong></span> <span class='ocrx_word' id='word_1_265' title='bbox 1117 3513 1176 3579; x_wconf 88' lang='lat' dir='ltr'><strong>pm</strong></span> <span class='ocrx_word' id='word_1_266' title='bbox 1193 3504 1325 3564; x_wconf 78' lang='grc' dir='ltr'><strong><em>Δικεῒν.</em></strong></span> 
     </span>
     <span class='ocr_line' id='line_1_32' title="bbox 148 3593 1325 3691; baseline 0.004 -27"><span class='ocrx_word' id='word_1_267' title='bbox 148 3596 315 3664; x_wconf 83' lang='lat' dir='ltr'><strong>Eiusmodi</strong></span> <span class='ocrx_word' id='word_1_268' title='bbox 347 3607 424 3662; x_wconf 89' lang='lat' dir='ltr'><strong>sunt</strong></span> <span class='ocrx_word' id='word_1_269' title='bbox 455 3594 540 3682; x_wconf 88' lang='lat' dir='ltr'><strong>apud</strong></span> <span class='ocrx_word' id='word_1_270' title='bbox 572 3593 710 3661; x_wconf 91' lang='lat' dir='ltr'><strong>eundem</strong></span> <span class='ocrx_word' id='word_1_271' title='bbox 741 3594 835 3671; x_wconf 85' lang='grc' dir='ltr'><strong><em>Είδη,</em></strong></span> <span class='ocrx_word' id='word_1_272' title='bbox 869 3597 979 3670; x_wconf 70' lang='lat' dir='ltr'><strong>Ellis,</strong></span> <span class='ocrx_word' id='word_1_273' title='bbox 1013 3596 1104 3664; x_wconf 76' lang='grc' dir='ltr'><strong><em>Είειο</em></strong></span> <span class='ocrx_word' id='word_1_274' title='bbox 1135 3598 1209 3685; x_wconf 86' lang='lat' dir='ltr'><strong>(pro</strong></span> <span class='ocrx_word' id='word_1_275' title='bbox 1241 3600 1325 3691; x_wconf 81' lang='grc' dir='ltr'><strong><em>ίεει),</em></strong></span> 
     </span>
     <span class='ocr_line' id='line_1_33' title="bbox 147 3696 1327 3788; baseline 0.004 -20"><span class='ocrx_word' id='word_1_276' title='bbox 147 3702 238 3779; x_wconf 74' lang='lat' dir='ltr'><strong>etti,</strong></span> <span class='ocrx_word' id='word_1_277' title='bbox 261 3702 479 3784; x_wconf 75' lang='grc' dir='ltr'><strong><em>Είθιίφοολλον,</em></strong></span> <span class='ocrx_word' id='word_1_278' title='bbox 500 3696 593 3767; x_wconf 82' lang='grc' dir='ltr'><strong><em>Είκεν</em></strong></span> <span class='ocrx_word' id='word_1_279' title='bbox 612 3700 682 3788; x_wconf 81' lang='lat' dir='ltr'><strong>(pro</strong></span> <span class='ocrx_word' id='word_1_280' title='bbox 701 3697 795 3788; x_wconf 74' lang='grc' dir='ltr'><strong><em>ἷκεν),</em></strong></span> <span class='ocrx_word' id='word_1_281' title='bbox 815 3702 949 3768; x_wconf 65' lang='lat' dir='ltr'><strong>Elimia</strong></span> <span class='ocrx_word' id='word_1_282' title='bbox 965 3711 996 3768; x_wconf 88' lang='lat' dir='ltr'><strong>el</strong></span> <span class='ocrx_word' id='word_1_283' title='bbox 1014 3703 1129 3779; x_wconf 79' lang='grc' dir='ltr'><strong><em>Είλάς,</em></strong></span> <span class='ocrx_word' id='word_1_284' title='bbox 1147 3708 1327 3787; x_wconf 72' lang='grc' dir='ltr'><strong><em>Είλιγνιάν.</em></strong></span> 
     </span>
     <span class='ocr_line' id='line_1_34' title="bbox 147 3804 1326 3901; baseline 0.001 -27"><span class='ocrx_word' id='word_1_285' title='bbox 147 3809 244 3882; x_wconf 77' lang='grc' dir='ltr'><strong><em>Είνιίι</em></strong></span> <span class='ocrx_word' id='word_1_286' title='bbox 265 3816 297 3873; x_wconf 90' lang='lat' dir='ltr'><strong>et</strong></span> <span class='ocrx_word' id='word_1_287' title='bbox 319 3807 489 3873; x_wconf 78' lang='grc' dir='ltr'><strong><em>Είνιιίσωε</em></strong></span> <span class='ocrx_word' id='word_1_288' title='bbox 515 3807 545 3870; x_wconf 84' lang='grc' dir='ltr'><strong>ἐν</strong></span> <span class='ocrx_word' id='word_1_289' title='bbox 564 3807 631 3872; x_wconf 73' lang='lat' dir='ltr'><strong>taut·</strong></span> <span class='ocrx_word' id='word_1_290' title='bbox 649 3807 771 3887; x_wconf 77' lang='grc' dir='ltr'><strong><em>κρύψω,</em></strong></span> <span class='ocrx_word' id='word_1_291' title='bbox 794 3804 902 3884; x_wconf 82' lang='grc' dir='ltr'><strong><em>Είνες,</em></strong></span> <span class='ocrx_word' id='word_1_292' title='bbox 928 3804 1040 3883; x_wconf 83' lang='grc' dir='ltr'><strong><em>Είσος,</em></strong></span> <span class='ocrx_word' id='word_1_293' title='bbox 1063 3809 1137 3889; x_wconf 71' lang='lat' dir='ltr'><strong>Eion</strong></span> <span class='ocrx_word' id='word_1_294' title='bbox 1159 3810 1233 3900; x_wconf 83' lang='lat' dir='ltr'><strong>(pro</strong></span> <span class='ocrx_word' id='word_1_295' title='bbox 1247 3811 1326 3901; x_wconf 75' lang='grc' dir='ltr'><strong><em>Ἶρις)</em></strong></span> 
     </span>
     <span class='ocr_line' id='line_1_35' title="bbox 147 3909 1328 3998; baseline 0.006 -19"><span class='ocrx_word' id='word_1_296' title='bbox 147 3922 179 3980; x_wconf 91' lang='lat' dir='ltr'><strong>et</strong></span> <span class='ocrx_word' id='word_1_297' title='bbox 202 3909 329 3994; x_wconf 76' lang='grc' dir='ltr'><strong><em>Είριςε</em></strong></span> <span class='ocrx_word' id='word_1_298' title='bbox 361 3911 509 3993; x_wconf 79' lang='grc' dir='ltr'><strong><em>ιιιωχθς,</em></strong></span> <span class='ocrx_word' id='word_1_299' title='bbox 542 3911 668 3995; x_wconf 85' lang='lat' dir='ltr'><strong>aliaque</strong></span> <span class='ocrx_word' id='word_1_300' title='bbox 695 3913 882 3986; x_wconf 84' lang='lat' dir='ltr'><strong>innumera,</strong></span> <span class='ocrx_word' id='word_1_301' title='bbox 916 3932 1054 3998; x_wconf 80' lang='lat' dir='ltr'><strong>qnorum</strong></span> <span class='ocrx_word' id='word_1_302' title='bbox 1085 3915 1207 3983; x_wconf 88' lang='lat' dir='ltr'><strong>similia</strong></span> <span class='ocrx_word' id='word_1_303' title='bbox 1238 3920 1328 3985; x_wconf 87' lang='lat' dir='ltr'><strong>etiam</strong></span> 
     </span>
     <span class='ocr_line' id='line_1_36' title="bbox 147 4014 1330 4098; baseline 0.008 -15"><span class='ocrx_word' id='word_1_304' title='bbox 147 4038 233 4084; x_wconf 91' lang='lat' dir='ltr'><strong>nunc</strong></span> <span class='ocrx_word' id='word_1_305' title='bbox 257 4019 288 4083; x_wconf 90' lang='lat' dir='ltr'><strong>in</strong></span> <span class='ocrx_word' id='word_1_306' title='bbox 313 4017 517 4084; x_wconf 81' lang='lat' dir='ltr'><strong>Editiunibus</strong></span> <span class='ocrx_word' id='word_1_307' title='bbox 542 4014 813 4082; x_wconf 83' lang='lat' dir='ltr'><strong>ennetvdatissimis</strong></span> <span class='ocrx_word' id='word_1_308' title='bbox 845 4017 1139 4098; x_wconf 76' lang='lat' dir='ltr'><strong>circumferuntur,</strong></span> <span class='ocrx_word' id='word_1_309' title='bbox 1164 4026 1330 4092; x_wconf 71' lang='lat' dir='ltr'><strong>utstatim</strong></span> 
     </span>
     <span class='ocr_line' id='line_1_37' title="bbox 148 4121 714 4211; baseline -0.005 -20"><span class='ocrx_word' id='word_1_310' title='bbox 148 4124 232 4211; x_wconf 78' lang='lat' dir='ltr'><strong>apvvld</strong></span> <span class='ocrx_word' id='word_1_311' title='bbox 257 4123 431 4189; x_wconf 83' lang='lat' dir='ltr'><strong>llomevum</strong></span> <span class='ocrx_word' id='word_1_312' title='bbox 456 4121 545 4186; x_wconf 92' lang='lat' dir='ltr'><strong>lliad.</strong></span> <span class='ocrx_word' id='word_1_313' title='bbox 570 4130 606 4188; x_wconf 86' lang='grc' dir='ltr'><strong>Φ.</strong></span> <span class='ocrx_word' id='word_1_314' title='bbox 631 4126 714 4189; x_wconf 79' lang='lat'>318:</span> 
     </span>
    </p>

    <p class='ocr_par' dir='ltr' id='par_1_7' title="bbox 225 4228 1150 4407">
     <span class='ocr_line' id='line_1_38' title="bbox 225 4228 1150 4308; baseline 0.003 -15"><span class='ocrx_word' id='word_1_315' title='bbox 225 4293 227 4298; x_wconf 79' lang='grc'>,</span> <span class='ocrx_word' id='word_1_316' title='bbox 262 4230 376 4294; x_wconf 86' lang='grc' dir='ltr'><strong><em>κείσεσ’</em></strong></span> <span class='ocrx_word' id='word_1_317' title='bbox 399 4229 452 4292; x_wconf 78' lang='grc' dir='ltr'><strong>ὑπ’</strong></span> <span class='ocrx_word' id='word_1_318' title='bbox 474 4228 556 4299; x_wconf 66' lang='lat' dir='ltr'><strong>italos</strong></span> <span class='ocrx_word' id='word_1_319' title='bbox 580 4228 823 4305; x_wconf 79' lang='grc' dir='ltr'><strong><em>κεκκλυμμίνκ·</em></strong></span> <span class='ocrx_word' id='word_1_320' title='bbox 848 4229 908 4293; x_wconf 87' lang='grc' dir='ltr'><strong><em>κοιδ</em></strong></span> <span class='ocrx_word' id='word_1_321' title='bbox 931 4229 963 4295; x_wconf 83' lang='grc' dir='ltr'><strong>δέ</strong></span> <span class='ocrx_word' id='word_1_322' title='bbox 983 4254 1037 4308; x_wconf 80' lang='grc' dir='ltr'><strong>μιν</strong></span> <span class='ocrx_word' id='word_1_323' title='bbox 1055 4229 1150 4296; x_wconf 68' lang='lat' dir='ltr'><strong>adada</strong></span> 
     </span>
     <span class='ocr_line' id='line_1_39' title="bbox 261 4335 390 4407; baseline 0 -8"><span class='ocrx_word' id='word_1_324' title='bbox 261 4335 390 4407; x_wconf 80' lang='grc' dir='ltr'><strong><em>είλιίοιο,</em></strong></span> 
     </span>
    </p>
   </div>
   <div class='ocr_carea' id='block_1_3' title="bbox 0 0 1488 5010">
    <p class='ocr_par' dir='ltr' id='par_1_8' title="bbox 0 0 1488 5010">
     <span class='ocr_line' id='line_1_40' title="bbox 0 0 1488 5010; baseline 0 0"><span class='ocrx_word' id='word_1_325' title='bbox 0 0 1488 5010; x_wconf 95' lang='lat' dir='ltr'><strong> </strong></span> 
     </span>
    </p>
   </div>
  </div>
 </body>
</html>
