2940 5010
697 130 759 193 tun

239 313 278 370 A.
307 305 347 370 σὺ
370 303 464 382 μηδέν
489 301 611 385 ένίχλει
635 303 717 380 μιίπε
741 302 856 371 σαυτὸν
878 300 955 381 μιίν·
978 300 1054 382 έμί,

306 405 517 489 οίπρανμίνως
537 409 569 475 δὲ
592 407 735 486 διαγενοῦ
758 408 815 484 rip
838 406 966 491 ἡμέραν.

125 517 346 602 importunum
362 522 412 579 est
429 513 578 580 διακούειν
595 512 635 579 de
654 511 762 579 verbis
778 519 844 579 tam
862 511 1018 579 concisis:
1043 512 1076 577 in
1092 517 1296 579 MtttPAutA·

120 627 300 688 ttonzoN
319 616 420 685 latere
433 618 580 706 suspicor
590 619 675 703 μίκρ’
686 617 875 685 ἀντάκουσον
887 624 920 685 et
940 636 997 704 pro
1014 617 1159 697 διαγενοῦ
1178 618 1295 705 scripse·

126 728 189 793 rim
212 724 305 804 δίαγε
333 729 395 791 νῦν.
1350 726 1353 741 ·

169 830 205 897 ln
226 827 420 916 Antiphanis
439 827 508 896 loco
529 827 616 917 apud
637 827 752 897 Athen.
779 850 810 917 p.
831 832 908 897 590.
930 827 967 896 Β.
989 825 1165 911 τραγῳδίαν
1185 826 1297 909 περοίνυ

123 934 317 1021 Σοφοκλέους
334 933 439 1001 Codex
456 934 570 1001 vitiose
582 942 719 1019 παραινῶ
737 933 881 1013 exhibet,
904 931 991 1021 quod
1001 932 1299 1002 Gasunbnnisemett·

125 1041 223 1108 clavit.
260 1041 383 1107 iterum
407 1038 608 1127 Antiphanes
630 1038 746 1108 Athen.
772 1060 803 1128 p.
829 1044 906 1108 505.
929 1038 968 1106 Ε.

352 1145 464 1213 ἔπειτα
486 1147 581 1226 μηδέν
603 1151 662 1214 πῶν
685 1143 951 1229 ἀπηρχαιωμένων
1013 1172 1016 1177 ·

351 1251 466 1321 τούτων
488 1250 629 1337 περοίνρς.

125 1367 158 1426 et
181 1357 384 1425 Nicostratus
407 1354 485 1425 ibid.
509 1376 541 1443 p.
564 1360 643 1424 iii.
669 1357 704 1423 B.
736 1356 830 1431 αὐτὸς
854 1361 974 1439 περανῶ
1002 1355 1046 1422 τίν
1070 1353 1190 1423 ποίνοα.
1235 1352 1307 1421 ilinc

126 1462 224 1531 redde
247 1461 394 1549 Ennapio
413 1482 443 1549 p.
465 1466 519 1530 no.
541 1462 755 1549 compositum
778 1461 1002 1546 προοπεραίνω,
1026 1458 1112 1547 quoti
1135 1478 1223 1526 nunc
1242 1457 1307 1527 nti·

127 1568 207 1635 toris
230 1564 426 1653 negligentia
449 1566 586 1635 ridicule
604 1574 793 1655 corruptum
818 1573 868 1633 est
892 1566 926 1632 in
950 1564 1019 1633 his:
1047 1565 1144 1645 ίμέν
1166 1563 1211 1631 σοὶ
1233 1564 1310 1633 ariri

127 1672 386 1757 προοεπέρραινεν.
432 1673 518 1741 Sana
540 1673 703 1761 scriptura
723 1673 757 1739 iu
780 1671 871 1738 tibris
889 1679 939 1738 est
962 1670 1207 1754 προσεπέραινεν.
1241 1669 1312 1739 Gon·

129 1780 230 1848 trario
251 1798 361 1846 errore
384 1778 565 1868 Hesychius
583 1778 840 1863 Ἀφεδριίνεσίαιε
865 1776 1077 1859 περαίνεοίοιι,
1099 1775 1312 1845 aronnaco.

129 1910 186 1978 pro
208 1888 456 1973 invictissimi:
481 1885 678 1971 ίιραίνεοίαι·
704 1885 980 1978 (περιρραίνεσθαι).

175 1992 280 2062 Verba
303 1992 497 2081 Antiphanis
519 1994 605 2081 apud
629 1993 743 2061 Athen.
769 2013 799 2080 p.
824 1995 901 2060 tint.
924 1991 964 2059 F.

355 2097 513 2183 Ἀρμέδιος
536 2099 739 2178 ἐπεκαλεῖτο,
760 2098 859 2167 nanno
878 2099 981 2182 ἥδετο,
1131 2160 1136 2167 .

129 2205 274 2274 adhibita
299 2203 368 2271 loco
398 2202 622 2272 Demosthenis
651 2214 744 2273 vetus
774 2213 808 2271 ct
840 2211 934 2291 turpe
965 2200 1082 2269 vitium
1113 2201 1315 2291 puteiucieut

128 2311 262 2399 Legitur
288 2309 321 2375 in
350 2306 438 2378 Orat.
470 2307 510 2375 dc
535 2308 658 2377 Corona
689 2330 719 2397 p.
744 2314 828 2387 300,
852 2312 908 2376 ut.
942 2308 994 2374 καὶ
1027 2305 1131 2387 Aropo
1159 2307 1255 2385 ἡδέως
1279 2306 1314 2375 ἂν

129 2418 247 2500 ε’ροίμνν
276 2415 429 2498 Λίοχίννν
456 2409 507 2482 ίπε
532 2420 627 2481 ταῦτ’
656 2413 828 2496 έπροίππεπο
856 2409 908 2480 καί
941 2414 1033 2496 ζήλου
1056 2413 1110 2480 καί
1133 2418 1243 2497 χαροῖς
1265 2413 1313 2480 καί

128 2522 260 2590 ἐπαίνων
283 2523 301 2598 ti
326 2519 415 2593 πόλις
444 2515 479 2594 ἦν
501 2520 583 2600 μεςίρ
609 2518 735 2605 πότερον
762 2520 884 2587 συνέίυε
913 2518 965 2586 καί
996 2521 1236 2603 συνευφραίνετο
1256 2524 1314 2593 soit

126 2635 256 2702 πολλοῖς
279 2627 296 2704 ἣ
320 2625 511 2705 λυπούμενος
534 2660 580 2676 -·
600 2623 671 2692 οίκοι
692 2627 817 2703 ααίιῑπο.
865 2624 933 2691 Nou
954 2625 1043 2712 potui
1064 2643 1222 2712 uinquam
1246 2642 1315 2690 cnu-

128 2752 268 2820 cuqnerc
290 2729 421 2799 έπαίνων
445 2733 463 2806 ἡ
488 2728 579 2805 πίλις
602 2727 637 2809 ἦν
660 2733 757 2811 μεςνί,
783 2749 840 2797 ner
864 2729 977 2796 dubito
1004 2730 1084 2816 quin
1114 2727 1256 2797 παιοίνοιν
1277 2728 1316 2797 nt

129 2837 365 2927 reponendum,
390 2837 483 2904 utin
509 2834 674 2923 Sophoclis
698 2836 875 2902 notissimis
898 2833 1058 2902 versibus:

334 2940 446 3016 Ιπίλις
469 2943 496 3009 δ’
514 2944 590 3022 ὁμοῦ
614 2942 671 3021 μέν
694 2940 898 3022 ίυμιαμοίπων
919 2940 1028 3022 γέμει,

356 3050 431 3128 ὁμοῦ
453 3049 484 3115 δέ
504 3046 642 3115 παιοίνων
663 3073 699 3116 τε
720 3049 772 3114 καί
794 3046 1015 3127 ςενανμοίτων.

125 3156 340 3229 Athenienses
358 3173 394 3220 re
414 3152 495 3220 benc
517 3162 609 3240 gesta
629 3152 779 3220 laudihus
795 3150 982 3219 terebantur
1000 3149 1041 3218 ah
1062 3152 1200 3220 caeteris
1220 3150 1317 3242 (παρέ

124 3262 185 3342 μέν
207 3267 267 3327 τῶν
287 3257 395 3326 ἄλλων
415 3260 486 3338 ὑμῖν
509 3259 668 3338 ἐγίγνοντο
694 3257 809 3327 έπαινοι
834 3278 866 3347 p.
890 3263 971 3336 500,
996 3256 1069 3347 20),
1091 3259 1153 3345 ipsi
1175 3256 1265 3327 inter
1286 3274 1319 3325 ue

126 3366 208 3434 έίυον
227 3364 281 3433 καί
298 3362 431 3444 πομποὶς
448 3362 588 3444 ἔπεμπον
605 3365 658 3431 καί
676 3367 715 3437 ὡς
733 3364 763 3430 έν
776 3365 930 3437 ἐπινικίοις
947 3368 1085 3437 παιᾶνας
1103 3361 1187 3447 ᾖδον,
1209 3381 1320 3451 quem·

126 3469 300 3542 admotum
331 3467 421 3535 hreni
450 3476 522 3555 post
551 3468 734 3557 Philippus,
757 3469 843 3556 apud
872 3488 967 3556 quem
999 3468 1174 3537 Aeschines
1197 3467 1320 3538 dicitur

127 3598 158 3665 p.
184 3580 267 3654 3²1,
294 3578 346 3641 tt.
371 3573 543 3657 παιωνίζειν
564 3575 616 3641 έπί
639 3583 712 3651 παῖς
735 3578 795 3642 πεῖν
816 3575 973 3653 Ἑλλήνων
993 3580 1180 3660 συμφοραῖς.
1216 3574 1255 3643 ln
1278 3575 1319 3643 si

126 3681 195 3750 mili
213 3680 337 3748 laetitia
355 3676 500 3747 coniecto
516 3677 598 3747 hello
616 3679 771 3747 Phocensi
790 3679 966 3748 Aeschines
983 3682 1054 3754 τοὺς
1077 3685 1216 3755 παιῖινας
1240 3679 1318 3767 ᾆσον

125 3789 284 3855 dicituro
304 3783 517 3854 Demosthene
540 3784 579 3853 dc
599 3785 634 3854 1⁸¹.
654 3785 689 3852 h.
710 3805 740 3873 p.
765 3791 846 3864 tto,
867 3790 897 3853 5.
922 3783 1007 3861 οὗτος
1032 3787 1063 3852 δὲ
1086 3785 1159 3861 σοὺς
1177 3790 1319 3863 παιᾶνας

124 3893 208 3977 ᾖδεν,
232 3892 284 3959 cni
310 3889 481 3978 respondet
501 3890 676 3959 Aeschines
695 3891 735 3960 de
758 3892 794 3959 1⁴¹.
818 3892 851 3959 L.
874 3892 898 3982 S
923 3897 995 3959 tut.
1016 3892 1139 3976 συνῇδον
1161 3890 1227 3975 γὰρ
1246 3895 1319 3973 τοὺς

124 4004 262 4074 παιᾶνας
280 3999 443 4080 Φιλίππω,
465 3995 504 4071 ὥς
523 4003 619 4082 φησιν
635 4002 650 4063 ο·
669 4000 851 4081 κατήγορος.
877 3998 930 4066 Sic
948 3999 1050 4085 igitur
1066 3996 1320 4066 Atheniensibus

125 4103 178 4168 itto
200 4112 342 4191 tempore
362 4106 378 4179 ἡ
399 4100 489 4177 πόλις
509 4102 647 4170 παιοίνων
668 4098 701 4180 ἦν
718 4109 818 4185 μεςιί,
841 4102 1113 4193 quemadmodum
1130 4123 1261 4191 semper
1284 4105 1318 4173 iu

126 4227 161 4274 re
184 4208 266 4276 lacta
289 4216 345 4276 aut
369 4210 403 4280 in
424 4210 597 4289 conviviis,
623 4220 659 4278 ut
683 4212 768 4300 aput
793 4210 1025 4301 Antiphonem,
1050 4210 1148 4279 παιίιν
1173 4211 1274 4296 ᾔδετο.
