2940 5010
709 314 751 360 llll

139 491 176 549 ut
194 481 415 562 ostendimus,
438 499 476 549 ex
497 482 584 566 ἔζης,
607 482 657 566 ἔζη
680 501 789 549 errore
810 488 922 549 natum
943 491 1009 561 est,
1031 502 1104 550 uam
1125 482 1221 564 ἔβην,
1247 484 1319 558 deno

139 605 266 671 elsim.
291 600 436 670 fallacem
458 602 622 691 analogiae
643 605 782 691 speciem
806 602 1034 691 praebuerunt.
1071 605 1181 691 ltaque
1201 606 1264 688 ζῆθι
1287 613 1323 671 et

139 725 226 807 ζῆναι
250 723 314 790 dici
338 731 448 811 coepta
471 731 569 803 sunt,
594 732 630 791 ut
651 725 721 804 βῆδι
746 734 778 791 et
803 726 910 806 βῆναι.
960 723 1029 792 ulta
1057 734 1133 792 suut
1160 726 1322 793 eiusdem·

137 843 224 911 modi
258 843 536 931 quamplurima,
570 853 607 912 ut
639 843 749 912 scdulo
782 843 978 932 ubicumque
1011 844 1086 913 data
1115 847 1240 913 occasio
1269 855 1322 912 est

140 965 447 1044 demonstravimus,
477 964 562 1032 idem
594 964 726 1052 posthac
750 963 922 1052 diligenter
942 964 1078 1044 lacturi,
1103 987 1176 1033 uam
1203 986 1323 1052 magna

137 1085 250 1153 talium
275 1086 366 1172 copia
398 1092 566 1172 superest,
598 1092 631 1153 et
654 1104 718 1173 quo
741 1085 833 1173 plura
860 1085 1056 1174 deprehensa
1079 1094 1156 1154 sunt
1179 1108 1216 1155 eo
1244 1086 1322 1153 laci-

112 1206 203 1291 lius
234 1205 359 1294 reliqua
388 1213 621 1293 agnoscentur,
645 1224 720 1272 nam
752 1225 815 1292 quo
844 1204 1040 1273 luculentius
1063 1213 1095 1274 ct
1119 1205 1324 1294 frequentius

139 1326 296 1394 librorum
321 1327 476 1394 Punicam
499 1327 534 1393 in
568 1324 686 1392 talibus
709 1324 804 1392 fidem
827 1324 1053 1412 redargueris,
1083 1346 1120 1393 eo
1139 1328 1258 1395 certior
1288 1338 1323 1395 et

141 1446 319 1535 expeditior
341 1447 539 1535 reliquorum
561 1446 602 1514 ad
626 1445 762 1514 eundem
792 1444 922 1513 modum
942 1445 1189 1534 depravatorum
1213 1469 1322 1515 emen·

140 1568 227 1635 datio
249 1568 322 1634 erit.
369 1569 410 1634 Ut
430 1567 519 1635 nulla
542 1587 697 1655 umquam
728 1567 852 1635 scribas
885 1566 998 1654 religio
1028 1569 1134 1635 tenuit
1165 1589 1205 1636 uc
1236 1572 1325 1636 anti·

140 1708 221 1776 quas
244 1689 424 1775 scripturas
444 1707 501 1753 suo
523 1686 684 1755 arbitratu
704 1687 937 1766 convellerent,
968 1688 1015 1756 sic
1039 1709 1098 1755 uos
1121 1689 1201 1757 nihil
1226 1691 1322 1759 Codi-

141 1828 216 1877 cum
240 1809 348 1895 iuepta
365 1809 544 1875 reverentia
566 1807 718 1896 impediet
751 1828 813 1895 quo
842 1809 952 1875 miuus
979 1819 1119 1878 veterem
1148 1819 1180 1878 ct
1207 1816 1321 1898 geuui-

141 1950 220 1997 uum
246 1926 397 2015 loquendi
424 1946 519 1994 usum
553 1928 587 1993 in
618 1928 779 2014 integrum
811 1929 1032 1996 restituamus.
1079 1930 1165 2013 Quos
1194 1952 1323 2000 errores

140 2054 172 2119 iu
197 2049 355 2118 Favorino
377 2055 410 2114 et
433 2046 575 2114 Lolliano
597 2048 767 2116 Alticistae
785 2048 953 2130 ridebant,
976 2071 1007 2121 v.
1031 2072 1062 2122 c.
1087 2073 1188 2140 quum
1211 2054 1321 2120 licite·

139 2197 197 2240 cea
220 2190 280 2259 pro
306 2169 442 2236 ἐδέδισαν
471 2168 578 2255 inepte
599 2177 779 2256 ponerent,
814 2168 984 2238 eosdemne
1017 2179 1053 2238 tu
1079 2170 1208 2259 putabis
1232 2171 1322 2240 Thu-

140 2291 288 2383 cydidem
308 2288 507 2355 commisisse
529 2294 561 2355 et
582 2288 823 2377 Xenophontem
854 2299 888 2356 et
915 2288 1042 2377 Lysiam
1065 2297 1097 2356 et
1124 2289 1321 2373 Isocratem,

140 2413 292 2501 quoniam
316 2411 350 2476 in
373 2409 501 2476 illorum
532 2408 624 2476 libris
648 2409 762 2477 vitiosa
786 2407 889 2476 lorma
910 2409 962 2476 hic
984 2410 1049 2477 illic
1071 2413 1234 2479 occurrit?
1282 2415 1321 2482 ln

139 2534 190 2600 his
222 2530 371 2599 omnihus
401 2529 479 2617 quid
510 2531 689 2618 genuinum
720 2538 752 2598 et
787 2549 901 2598 sanum
927 2540 958 2598 et
982 2530 1061 2599 bene
1086 2533 1243 2601 Graecum
1276 2537 1314 2602 si‘

138 2675 201 2721 non
230 2662 279 2720 est
310 2654 343 2719 iu
376 2652 454 2720 locis
487 2652 625 2740 siugulis
656 2672 694 2720 ex
725 2670 901 2740 paucorum
935 2650 1091 2721 librorum
1125 2657 1297 2723 testimonii

139 2773 369 2862 colligendum,
392 2773 448 2842 sed
472 2794 511 2842 cx
541 2774 695 2841 interiore
717 2772 908 2841 Graecitatis
932 2775 1064 2854 notitia,
1088 2796 1169 2864 quae
1192 2776 1296 2844 ututur

138 2917 198 2964 nae
219 2895 449 2962 observationis
472 2904 521 2963 est
543 2904 722 2963 τελευταῖον
752 2895 965 2975 ἐπιγέννημα,
997 2905 1090 2964 caute
1114 2905 1146 2965 et
1177 2898 1266 2966 circu

138 3025 247 3106 specte
277 3014 548 3084 constituendum.
604 3015 657 3082 Sic
687 3015 770 3081 ratio
800 3031 894 3082 usum
920 3012 1077 3083 librorum
1108 3026 1218 3106 reget,

138 3139 340 3206 indoctorum
373 3136 626 3203 homuncionum
664 3134 777 3202 levitas
811 3155 922 3203 sanam
955 3137 1111 3205 rationem
1152 3147 1226 3206 eamr

138 3258 276 3328 vinculis
299 3259 507 3326 constrictam
532 3257 664 3324 tenebit.

184 3381 387 3467 Quicumque
409 3376 587 3466 permultos
610 3375 740 3444 Codices
773 3378 847 3445 diss.
871 3381 1013 3446 excrrssit
1047 3388 1104 3447 aut
1135 3379 1189 3448 dist

139 3504 223 3570 tium
245 3503 480 3589 scripturarum
515 3497 709 3585 farraginem
733 3518 770 3565 ex
800 3499 913 3567 multis
936 3500 1028 3568 libris
1058 3500 1187 3568 collecta

138 3631 252 3712 genter
274 3620 509 3699 consideravit,
533 3618 626 3687 iacile
649 3620 882 3689 animadvertet
906 3621 940 3688 iu
964 3630 1031 3689 tam
1056 3620 1175 3708 moltip'

139 3743 265 3833 ruplela
299 3762 368 3810 esse
403 3739 575 3827 quamdam
617 3740 771 3828 peccandi
806 3740 906 3809 veluti
948 3740 1126 3828 analogiam

138 3863 295 3953 quaedam
320 3881 466 3930 errorum
490 3881 607 3948 genera
631 3860 806 3930 identidem
830 3881 1009 3930 recurrere.
1056 3864 1125 3931 Peri

138 3983 300 4053 scribendi
332 3983 431 4059 vitia,
455 4001 592 4068 quorum
615 3982 704 4068 origo
727 3983 896 4068 perspicue
927 3993 1078 4070 appareat
1110 3985 1119 4049 i

137 4104 307 4173 Codioibus
329 4102 489 4171 scribendi
510 4122 630 4190 genus,
653 4102 835 4170 litterarum
860 4101 979 4171 lormas
1000 4105 1117 4171 retuso·

138 4224 274 4314 pendia,
299 4226 420 4341 Q,
444 4234 477 4292 et
500 4227 528 4291 si
551 4223 699 4314 quidest
721 4223 928 4304 huiusmodi,
951 4224 1045 4312 longo
1069 4244 1089 4290 u

137 4354 403 4435 perspectumque
424 4347 551 4417 hahent.
600 4348 725 4429 Quanta
757 4367 830 4434 pars
848 4346 1069 4438 discrepantis
