2940 5010
711 277 776 340 599

149 452 310 541 oportuit.
355 447 435 533 Quis
466 449 553 516 enim
587 447 741 533 intelligit
770 446 848 514 haec
880 446 977 514 rerba
1004 445 1057 518 Vl.
1080 453 1111 514 d.
1144 445 1251 524 πιέσας
1282 449 1342 524 ται

148 557 311 639 haduae
331 555 402 622 οὔτε
433 556 543 634 μαθεῖν
569 550 629 619 οἶόν
659 578 695 619 τε
727 556 801 632 ἡμῖν
830 552 924 618 ἐδόκει
955 553 1343 637 σνναποόοκιμοὶζειν

146 686 186 731 το
209 670 283 736 ταῖς
314 661 425 728 πόλεσι
455 661 515 734 τοὶς
547 658 746 740 βαναυσικοὶι
778 657 975 737 καλουμένας
1006 658 1147 741 rixans?
1195 658 1229 726 si
1253 660 1342 727 enim

147 764 446 849 τννατοδοκιαιὶζειν
466 785 505 833 ex
524 764 621 832 verbo
641 764 736 832 ἐδόκει
757 765 820 830 erit
842 761 1102 850 suspendendum
1124 772 1157 830 et
1175 762 1238 830 loci
1257 784 1343 832 com·

146 873 266 963 positio
288 882 322 939 et
344 870 533 958 copularum
559 870 629 937 edre
644 894 738 936 -τε
763 868 929 936 collocatio
957 867 1098 935 absurda
1125 877 1232 937 erunt.
1281 871 1341 939 lie·

147 976 326 1067 nopbonlis
348 995 482 1043 manum
512 973 668 1042 stobaeus
694 974 836 1041 servavit
863 972 1190 1056 ουνατεδοκιμοέζομέν
1213 1000 1250 1042 τε
1270 984 1342 1052 ταῖς

146 1082 281 1163 dmi,
303 1101 369 1170 qna
390 1088 519 1168 recepta
548 1079 729 1146 rectissime
763 1077 927 1146 habebunt
953 1081 1071 1146 omnia.
1120 1080 1156 1147 ln
1179 1082 1237 1159 iis,
1260 1102 1343 1170 qnae

145 1189 304 1257 mnarum
327 1193 508 1273 sequuntur
529 1181 575 1251 ὅτι
597 1185 650 1250 καὶ
673 1185 718 1250 τοὶ
742 1186 877 1264 σώματα
901 1187 1194 1266 καταλυμαίνεσθαι
1222 1188 1340 1258 δοκοῦσι

147 1294 203 1363 nl
224 1294 285 1369 ede
303 1292 417 1375 ψυχας
440 1290 716 1370 καταγνύοοσι
740 1289 848 1356 simile
874 1302 924 1356 est
944 1291 1185 1377 compositionis
1205 1293 1340 1367 vitium,

145 1396 235 1489 qnod
256 1396 389 1465 tolletur
412 1404 544 1483 accepta
567 1414 586 1461 a
609 1393 743 1462 Stohaeo
774 1394 913 1461 lectione
942 1395 1112 1462 verissima
1142 1399 1340 1478 καταγνύναι

144 1522 208 1593 pro
224 1503 456 1583 κατανούινσι,
479 1519 576 1587 quant
598 1508 724 1587 poterat
744 1500 818 1587 quis
837 1500 1047 1567 coniectando
1071 1502 1230 1588 reperire,
1253 1523 1341 1572 nunc

91 1660 93 1667 -
145 1608 189 1677 ab
212 1608 329 1677 idoneo
348 1615 430 1676 teste
454 1604 592 1671 oblatam
616 1613 842 1692 aspernantur.

91 1758 93 1769 ι
191 1713 230 1782 ln
259 1713 367 1781 verhis
396 1729 479 1799 quae
513 1709 690 1798 Xenophon
725 1710 858 1798 respicit
889 1709 942 1776 lv.
976 1715 997 1776 2
1030 1710 1237 1778 scribendum
1269 1732 1339 1781 esse

91 1790 95 1881 l
146 1820 303 1905 drlppnrol
330 1843 367 1885 τε
397 1815 455 1884 εἶσὶ
485 1816 537 1883 καὶ
570 1815 693 1890 εἰκότας
724 1815 827 1894 μέντοι
859 1813 943 1880 οσανν
973 1814 1155 1893 αδοξοῦνται
1182 1820 1256 1899 πρὸς
1224 1818 1360 1891 larda

90 1922 98 2003 ’ξ
145 1926 269 1995 πόλεσιν
299 1922 429 2012 egregie
456 1919 660 1988 confirmabit
681 1919 953 1987 Grammaticus
944 1939 977 1984 rn
1001 1921 1138 1989 Behkeri
1161 1920 1281 1987 Aneed.
1305 1943 1337 2008 p.

90 2016 96 2093 l
144 2034 236 2113 aaa,
260 2034 293 2097 d.
338 2029 447 2095 Alinus
469 2033 557 2093 recte
578 2023 735 2092 Stohaeus
758 2023 866 2091 Floril.
891 2023 973 2092 hill.
997 2027 1116 2093 6ὑτὸ
1138 2025 1339 2094 retardarer

90 2120 251 2205 alieri.
298 2132 408 2201 Placet
430 2128 633 2217 Xenophonti
654 2128 854 2196 consuetudo
878 2129 1004 2210 Ionica,
1029 2151 1127 2217 quam
1147 2132 1267 2218 optime
1287 2151 1338 2199 re·

90 2154 99 2359 ξ.
143 2240 274 2311 vocarit
303 2235 520 2307 Schneiderus
549 2234 632 2302 XVI.
657 2240 696 2303 15
730 2235 802 2316 πρὸς
822 2240 877 2302 τοῦ
901 2236 987 2312 ἡλίου
1014 2255 1194 2324 reponens,
1224 2236 1256 2302 id
1286 2245 1335 2304 est

90 2374 96 2449 p
143 2348 203 2417 lad
226 2349 283 2413 τοῦ
301 2344 409 2422 ἡλίου,
429 2362 488 2430 pro
510 2340 668 2407 librorum
693 2341 856 2428 scriptura
879 2342 952 2422 τοὺς
975 2342 1069 2408 τόν“
1050 2357 1143 2421 aaron.

90 2456 95 2497 ²
189 2448 375 2519 Admoneat
395 2466 434 2514 ne
459 2445 538 2513 haec
561 2445 755 2532 suspicionis
785 2444 1008 2514 Valckenaerii
1038 2451 1070 2513 in
1096 2447 1210 2516 xviii.
1232 2452 1251 2513 ὅ
1276 2467 1335 2535 pro

90 2548 101 2615 ἱ
140 2556 285 2625 Androna
312 2571 467 2641 reponere
495 2550 638 2617 iubentis
669 2551 827 2628 οἱννύοιεν,
851 2571 934 2637 quae
961 2553 1059 2619 etiam
1090 2562 1259 2640 propterea
1284 2562 1335 2621 est

90 2640 357 2751 ;'irnprolranda
380 2658 456 2744 qnia
480 2676 574 2723 nemo
597 2657 630 2721 in
656 2653 803 2722 Attica
782 2680 902 2737 ανννμι
927 2656 1055 2724 dicebat
1074 2658 1130 2725 sed
1149 2659 1333 2740 καταγνομι

139 2786 268 2835 omnes.
316 2765 408 2832 lones
429 2760 505 2827 olim
538 2767 571 2828 et
593 2760 692 2827 bores
716 2760 812 2828 vcrho
839 2760 979 2849 simplici
1007 2762 1155 2844 denopr
1185 2773 1242 2831 aut
1272 2766 1333 2832 nal·

139 2894 242 2953 rrum
263 2867 447 2937 utebantur.
472 2864 771 2953 Nucisrcnpidulom
791 2885 811 2932 a
835 2865 1272 2953 ὃρστιαιιὶεμονκηριβοὶκτας
1285 2869 1332 2936 di·

139 2978 249 3054 ellur,
271 2973 328 3042 aed
353 2972 393 3040 ab
417 2971 668 3039 Atheniensibus
692 2969 967 3053 καρυοκατάκτην,
994 2975 1070 3059 qnia
1089 2984 1126 3040 ui
1144 2975 1190 3040 illi
1211 2975 1332 3056 adpon-

138 3106 178 3163 μι
206 3080 348 3161 ardanna
378 3076 545 3155 dicebant,
575 3078 622 3144 sic
654 3077 752 3144 Attici
782 3076 883 3159 καρυα
903 3078 1117 3157 καταγνύναι,
1140 3082 1331 3160 ἀμυγδαλῆν

137 3183 302 3263 κατᾶξαι,
323 3193 357 3251 et
378 3181 509 3250 similia.

188 3290 270 3361 lJiar
288 3308 376 3356 nunc
400 3286 504 3354 trihus
524 3285 604 3352 locis
630 3286 661 3352 in
693 3284 903 3354 Oeconomico
931 3286 1101 3356 emendate
1131 3290 1263 3378 scriptis
1290 3294 1331 3361 ad

137 3393 362 3467 mutnendos
381 3392 468 3461 locos
489 3390 621 3458 totidem
642 3391 780 3458 aliorum
803 3394 1017 3481 scriptorum,
1043 3395 1097 3462 ubi
1121 3395 1232 3463 eadem
1252 3400 1332 3466 scri·

138 3510 240 3591 plara
266 3506 325 3568 aut
355 3497 472 3565 similis
496 3496 652 3585 quaedam
684 3517 702 3562 a
734 3496 876 3564 librariis
905 3499 1076 3568 obscurata
1099 3510 1158 3569 est.
1205 3503 1247 3570 Et
1269 3505 1333 3590 pri·

138 3624 235 3675 mum
254 3602 386 3692 quidem
405 3601 606 3692 Thucydidis
625 3603 730 3669 locum
754 3603 914 3691 proferam
934 3604 973 3670 ll.
993 3612 1024 3672 7.
1047 3607 1100 3673 ubi
1123 3607 1332 3677 manifestum

138 3707 298 3779 mendum
322 3707 473 3774 omnihus
493 3717 543 3775 est
567 3707 623 3775 sed
653 3707 794 3775 noudum
821 3708 976 3796 probabili
1000 3715 1199 3781 correctione
1227 3714 1332 3781 subla·

140 3820 215 3883 lum
238 3814 274 3881 in
293 3813 421 3881 verbis:
445 3812 497 3879 real
511 3814 765 3892 Λακεδαιμονίοις
790 3817 848 3895 μὲν
868 3852 912 3864 -
932 3824 996 3890 τοῖς
1008 3819 1156 3885 censivae
1180 3820 1331 3899 ἑλομένοις

137 3924 217 3995 ναῦς
249 3917 540 4003 ἐπετάχθησαν
574 3922 725 3985 ποιεῖσθαι
751 3921 836 3987 κατοὶ
864 3921 995 4000 μέγεθος
1021 3929 1080 3989 τῶν
1109 3925 1247 4002 πόλεων,
1276 3924 1332 3992 ubi

137 4024 381 4105 Λακεδαιμόνιοι
413 4044 452 4090 ex
482 4022 555 4089 aliis
585 4023 677 4089 libris
708 4025 755 4091 sic
784 4024 1005 4112 recipiendum
1036 4036 1150 4095 estut
1179 4038 1333 4117 corrupta

136 4132 307 4219 aeriplura
331 4128 555 4212 ἐπετάχθησαν
584 4128 783 4197 emendetur.
838 4132 1040 4219 Quamquam
1073 4132 1175 4200 iorma
1201 4135 1331 4219 τέταχα

137 4233 229 4326 apud
251 4234 466 4303 Athenienses
489 4255 553 4302 non
577 4234 691 4301 crebro
714 4237 874 4314 occurrit,
903 4235 998 4305 hahet
1019 4246 1125 4305 tamen
1149 4248 1272 4308 certam
1297 4241 1332 4306 ii·

136 4340 237 4423 dam,
260 4349 297 4409 at
321 4339 370 4408 vei
397 4339 618 4429 Xenophontis
637 4340 726 4410 locus
749 4341 949 4410 demonstrat
972 4343 1004 4409 in
1026 4340 1194 4413 (leronem.
1220 4346 1275 4413 lv,
1299 4354 1329 4415 ὕ.
