2940 5010
134 168 246 223 veram
266 147 528 229 ffcommemorat,
560 154 672 215 contra
693 148 854 229 θσνμστθν
883 152 909 219 εῖ
938 152 1164 238 αἰσχυνοῦνται
1195 149 1238 221 ab
1263 172 1315 233 eo,

137 256 191 323 cni
214 275 252 322 ca
281 274 353 333 rea,
387 253 538 341 quoniam
563 250 702 320 absurda
724 254 791 333 sit,
818 273 996 343 numquam
1024 277 1086 326 nan
1114 265 1255 325 uentura
1275 260 1317 325 ri·

136 358 262 428 dentur.
862 375 864 379 ’

184 466 220 531 ln
247 467 265 550 §
288 469 345 534 ὅθ.
374 464 433 532 κθν
455 466 500 545 μῖο
524 467 555 532 ἐν
577 474 616 550 τῇ
649 467 731 549 αὐτῇ
763 464 874 532 τθλει
898 468 1039 551 ταχθῶσι
1062 470 1108 555 τῷ
1130 470 1250 554 δραι-Ι,
1270 486 1317 536 re·

139 569 306 637 hementcr
328 568 426 656 probo
451 570 605 638 ltindorfli
636 571 867 638 correctionem
886 573 917 639 ἐν
937 584 977 657 τῇ
999 576 1081 660 αὐτῇ
1116 574 1243 654 τάξει
1265 596 1317 641 τε·

138 678 248 758 χθιῖσι.
303 674 455 763 Suspicor
486 675 561 742 olim
594 674 684 754 τάξει
711 675 886 758 excidisse,
920 676 1038 747 deinde
1061 678 1261 749 Graeculum
1282 676 1318 747 de

139 801 229 849 more
251 780 434 848 vocobulum
459 779 534 846 bene
559 780 710 848 Graecum
731 780 940 869 supplevisse.

137 899 139 903 ’
185 888 222 954 ln
247 891 341 974 559.
374 887 652 966 Σθλοιν-νθμοιις
671 888 792 968 aial-reve
815 897 855 971 τῇ
879 888 969 957 τθλει
991 890 1234 971 κατθθιοκον,
1264 890 1317 957 nri·

139 1014 195 1061 ror
221 991 307 1060 unda
335 992 519 1077 importuna
551 993 743 1079 praepositio
767 996 960 1069 accesserit,
982 993 1040 1062 sed
1063 994 1129 1061 boc
1159 997 1232 1062 scio
1250 994 1317 1062 reti·

141 1099 212 1167 neri
241 1117 303 1163 non
332 1116 423 1183 posse
450 1105 482 1163 et
509 1096 612 1172 ἔθνκεν
636 1117 706 1165 esse
729 1099 960 1185 reponendum.
1007 1100 1089 1183 Quis
1114 1100 1207 1167 enim
1235 1098 1317 1167 indn-

141 1223 214 1271 cere
235 1201 352 1289 poterit
373 1202 567 1268 inanimum
588 1201 697 1284 νθμοοο
720 1206 986 1273 κατατιθέναι
1010 1226 1069 1294 pro
1089 1208 1211 1276 τιθέναι
1230 1206 1316 1277 Grac·

142 1329 180 1377 cc
199 1308 265 1375 dici
289 1305 401 1395 posse?

188 1413 300 1501 Inepte
322 1411 442 1497 legitur
468 1414 486 1499 §
513 1417 567 1481 59.
599 1411 783 1496 τρθξενοι
810 1414 842 1480 δὲ
865 1414 919 1481 καὶ
942 1416 1142 1497 κατάγονται
1165 1417 1219 1484 riri
1241 1417 1316 1500 ταμῖ

145 1520 190 1587 σι)
213 1521 239 1586 οῖ
263 1517 400 1601 κροῖτισοι
421 1520 535 1587 αὐτῶν.
575 1517 690 1585 Callias
713 1526 783 1585 erat
812 1520 918 1599 enim,
944 1529 979 1588 ut
1002 1523 1136 1610 opinor,
1161 1522 1315 1607 τρθξενισ,

145 1646 209 1693 non
241 1622 503 1692 Lacedaemonii:
535 1622 762 1711 corrigendum
795 1623 904 1710 itaque
933 1625 1118 1710 τρθξενοτ
1151 1628 1180 1695 δ’
1210 1623 1249 1693 al
1272 1625 1316 1693 καῖ

144 1734 211 1801 erl.

190 1837 227 1905 In
254 1838 272 1923 §
293 1841 347 1903 41.
376 1836 403 1903 εΙ
424 1836 451 1902 δ’
474 1836 547 1917 ὑμῖν
570 1834 644 1902 δοκεῖ
668 1832 1053 1915 στοαδαιολογιῑσαι
1076 1842 1206 1917 μᾶλλον
1229 1838 1316 1915 rire·

147 1944 187 2028 aa
208 1941 301 2009 τθτον
331 1940 458 2023 τρθτει,
490 1941 636 2028 suspicor
658 1941 965 2020 excerebraretur
995 1963 1065 2009 esse
1095 1945 1225 2022 verius,
1253 1960 1318 2031 quo·

147 2049 235 2117 niam
257 2056 290 2113 et
313 2064 466 2134 praesens
477 2053 605 2133 tempus
625 2045 720 2111 unice
740 2047 787 2112 rei
810 2048 978 2125 convenit,
999 2056 1032 2114 et
1050 2047 1318 2115 [armametre-

147 2155 307 2236 λογεῖοθαι
320 2150 489 2217 certiorem
511 2150 606 2216 habet
628 2148 722 2215 Iidem
741 2172 836 2236 quarn
856 2152 1131 2236 στουδαιολογεῖν,
1148 2166 1181 2223 et
1201 2163 1320 2245 propter

148 2259 288 2330 similem
313 2255 493 2340 analogiam
523 2256 555 2320 in
588 2257 863 2334 δικαιολογεῖσθαι,
895 2262 1144 2338 μικρολογεῖσθαι
1155 2310 1166 2340 ,
1201 2274 1318 2327 κοινολο·

148 2368 293 2448 γεῖσθαι,
317 2362 598 2445 ὑψινλολογεῖσθαι,
621 2362 913 2442 ἀκριβολογεῖσθαι,
944 2363 1038 2443 aliis,
1070 2374 1103 2431 et
1131 2374 1264 2454 propter
1282 2372 1318 2430 tc·

148 2470 338 2538 stimonium
362 2465 521 2530 disertum
545 2465 764 2552 Xenophontis
785 2467 818 2531 in
842 2465 979 2532 Anabasi
996 2468 1021 2533 l.
1044 2489 1086 2536 rx.
1108 2474 1164 2538 27.
1196 2492 1319 2554 τμσιιο·

149 2584 209 2646 λῶν
232 2575 303 2650 τοὺς
333 2572 445 2656 <plnres
477 2571 881 2651 ἐσπουδαιολογεῖτο.
930 2572 1055 2640 Similia
1085 2574 1319 2643 confundamur

150 2694 184 2752 et
214 2680 301 2749 alibi.
348 2675 440 2765 Apud
475 2676 719 2743 Demosthenem
751 2696 784 2764 p.
808 2680 896 2757 421,
920 2682 973 2745 λθ.
1005 2680 1043 2746 σὺ
1070 2680 1097 2747 θ’
1120 2682 1319 2749 ἐκεῖ-κα

149 2788 327 2869 ταισχθναο
350 2782 475 2856 τούτους
498 2781 602 2847 ἕνθοῖδε
625 2789 892 2862 σεμνολογεῖ,
916 2803 1025 2852 reram
1048 2783 1220 2853 lectionem
1243 2782 1318 2852 solut

149 2894 317 2964 Parisinus
347 2887 378 2955 S.
402 2888 561 2964 servavit,
594 2906 612 2952 a
636 2890 772 2954 caeteris
803 2889 952 2955 omnibus
982 2899 1038 2957 aut
1071 2890 1105 2955 in
1130 2898 1319 2971 σεμνολογεῖς

151 3001 357 3088 depravatam
390 2992 504 3059 autin
535 3003 719 3076 σεμνολογῇ.
767 2993 849 3061 Hinc
880 2993 965 3080 apud
996 2993 1193 3062 Aeschinem
1214 2996 1254 3062 ll.
1274 2998 1319 3061 bt.

151 3102 367 3192 reposuerim:
392 3097 444 3163 καῖ
469 3106 721 3178 σεμνολογεῖ
741 3102 831 3179 ἡμῖν,
850 3119 909 3186 pro
924 3099 1079 3166 librorum
1094 3102 1240 3167 omnium
1252 3099 1320 3168 scri·

149 3218 248 3300 ptura
269 3213 479 3285 σεμνολογεῖς.

197 3315 233 3380 ln
267 3331 336 3397 cap.
357 3310 412 3376 lll.
439 3313 469 3375 l.
502 3307 554 3375 eal
590 3308 618 3397 [θ
648 3309 771 3400 Λύκων]
797 3310 812 3375 θ
843 3310 946 3392 πατὴρ
975 3312 1061 3393 αὐτῷ
1092 3308 1234 3388 corsinio
1264 3309 1320 3377 κτὲ.

151 3421 219 3489 llon
244 3413 406 3485 dubitabis
429 3414 552 3502 puerile
584 3412 742 3480 emblema
765 3434 920 3482 resecare.
967 3414 1061 3481 Nulla
1093 3418 1125 3482 in
1157 3435 1193 3483 re
1229 3413 1322 3503 magia

153 3524 312 3593 insulsum
335 3529 368 3588 et
402 3519 566 3585 inficetum
602 3518 772 3586 sciolorum
808 3522 974 3607 ingenium
1008 3530 1141 3607 apparet
1167 3541 1265 3609 quam
1293 3521 1321 3585 in

152 3626 381 3698 additamentis
413 3623 617 3702 istiusmodi,
648 3644 729 3710 quac
760 3627 883 3712 pariter
917 3628 949 3693 in
982 3626 1112 3694 Graecis
1144 3626 1323 3714 Latinisque

151 3732 363 3823 scriptoribus
386 3729 554 3819 pullulant.
601 3729 753 3817 Exempla
778 3729 876 3798 huius
908 3733 953 3798 rei
979 3732 1083 3799 multa
1107 3735 1172 3799 iam
1193 3728 1326 3799 subinde

153 3838 271 3916 attuli,
294 3837 411 3925 quibos
435 3854 535 3922 pauca
557 3833 683 3902 addam.
729 3835 839 3903 Cicero
862 3838 895 3901 in
920 3840 1024 3925 prima
1046 3840 1172 3905 actione
1194 3838 1230 3904 in
1255 3838 1326 3905 Ver·

151 3963 221 4012 rem
241 3941 339 4011 xvrt.
364 3947 417 4009 bl.
442 3939 482 4007 ad
506 3949 686 4027 praetorem
709 3941 761 4008 Μ’.
793 3942 932 4010 Acilium
957 3944 1159 4012 Glabrionem
1188 3941 1243 4010 his
1263 3962 1328 4011 rer·

151 4048 202 4117 bis
224 4043 258 4117 se
279 4046 457 4116 conuertit:
494 4045 547 4112 νιίθ
569 4068 609 4113 oe
629 4046 749 4113 occidor
771 4057 806 4113 tu
831 4058 883 4116 tuo
910 4052 1062 4138 capientia
1082 4088 1145 4127 -,
1169 4050 1225 4117 Μ’.
1255 4050 1329 4121 cta·
