2940 5010
720 290 761 355 10

321 461 381 531 ύπί
400 468 454 530 τοῦ
476 461 634 561 βασιλέως
655 465 782 531 Μανίαν
804 464 1000 547 Δημητρίου,

321 567 511 648 ἀνταξιῶσαι
535 569 648 653 δουρείου
673 570 788 638 καύτίν
810 594 902 638 τινα.

317 675 418 752 δύντος
440 677 471 742 δ’
489 675 689 759 ἐπιτρέψασα
709 677 795 756 μετὰ
819 677 925 760 μικρὸν
941 674 1049 754 λέγει·

319 781 555 864 Ἀγαμέμνονος
574 790 658 858 παῖ,
680 786 732 848 νῦν
755 783 845 848 ἐκεῖν’
865 779 950 860 έξεςί
968 805 1032 848 σοι.

139 908 180 956 ne
213 886 280 956 sola
310 896 404 977 putes
433 895 540 954 scorta
568 888 674 954 Attica
701 907 777 954 cum
811 889 913 975 poetis
947 886 1086 954 multum
1117 905 1338 957 consuescere

138 993 232 1062 solita
251 995 284 1061 in
308 1000 439 1083 promtu
462 992 540 1060 haec
561 992 699 1071 hahere,
721 1013 740 1060 e
760 992 925 1061 Plutarchi
946 992 1164 1083 Symposiacis
1182 991 1239 1061 tx.
1255 997 1288 1061 1.
1303 996 1337 1062 2

137 1100 217 1171 haec
249 1098 447 1167 adscribam:
471 1100 605 1179 ίμνιίσύη
637 1107 694 1174 τῆς
724 1100 876 1183 Θεοδύρου
906 1105 961 1167 τοῦ
992 1099 1152 1184 τραγῳδοῦ
1180 1100 1336 1179 γυναικὸς

137 1210 171 1275 ού
199 1203 449 1290 προσδεξαμένης
473 1206 567 1272 αύτίν
591 1208 622 1272 ἐν
648 1207 690 1288 τῷ
718 1204 940 1286 συγκαθεύδειν
965 1204 1103 1284 ὑπογύου
1130 1210 1185 1272 τοῦ
1208 1205 1336 1286 ὀγύνος

137 1311 238 1391 ίντος,
268 1311 336 1378 ίπεί
362 1311 395 1377 δὲ
418 1314 545 1391 νικίσας
570 1313 693 1388 είσῆλύε
721 1311 795 1395 πρὸς
826 1312 924 1387 αύτίιν
953 1310 1185 1392 οίσπασαμίνης
1209 1310 1264 1379 καί
1290 1312 1335 1379 εί·

138 1417 278 1494 πούσης·

117 1503 126 1519 ’
320 1522 555 1605 Ἀγαμέμνονος
579 1531 655 1600 παῖ,
676 1527 729 1589 νῦν
751 1521 843 1588 ίκείν’
865 1518 951 1599 lissi
972 1544 1030 1588 σοι.

137 1629 248 1717 Neque
270 1626 382 1696 lelellit
406 1627 579 1695 Alexandri
603 1627 745 1704 milites,
770 1646 871 1714 quum
896 1627 929 1694 in
952 1627 1069 1694 eastris
1092 1625 1130 1693 ad
1156 1624 1334 1716 Hydaspen

138 1734 274 1802 lluvium
309 1733 343 1799 in
378 1732 630 1802 Bacchanalibus
660 1731 830 1816 δραμάτιον
864 1735 1044 1823 satyricum
1084 1733 1117 1798 iu
1152 1730 1333 1819 llarpalum

138 1841 297 1929 scriptum
329 1845 503 1925 ageretur,
538 1839 571 1906 in
606 1839 701 1907 ouius
735 1837 864 1926 prologo
895 1837 973 1905 haec
1008 1847 1101 1905 orant
1131 1857 1182 1928 ap.
1210 1838 1335 1912 tthoo.

138 1946 224 2015 Xlll.
245 1949 323 2014 oso.
348 1955 385 2012 Ε.

644 2049 699 2129 νύξ
720 2050 862 2134 οὶριςεροῖς
886 2048 913 2116 δ’
929 2045 982 2116 tte

317 2156 427 2239 πίρνης
451 2156 465 2221 ί
488 2156 607 2231 κλεινὸς
631 2158 723 2233 ναὸς,
746 2153 778 2223 ὃν
795 2156 831 2232 δέη
855 2156 1019 2230 Παλλίδης

315 2260 430 2339 τεύξας
454 2261 598 2340 κατέγνω
619 2262 671 2328 διὰ
687 2263 722 2328 τί
743 2265 869 2343 πρᾶγμ’
893 2262 989 2329 αὑτοῦ
1007 2261 1132 2345 φυγήν,

138 2388 200 2435 non
223 2364 355 2444 lelellit,
379 2366 528 2451 inquam,
551 2375 748 2453 spectatores
770 2366 908 2434 Graecos
926 2363 1013 2432 unde
1040 2365 1118 2433 haec
1141 2385 1200 2454 per
1219 2367 1329 2439 iocum

135 2473 328 2541 adumbrata
350 2477 467 2538 essent.
516 2470 550 2538 Si
575 2471 653 2557 quiid
678 2471 802 2549 iudico,
832 2470 966 2539 Strattis
990 2470 1223 2539 eiusdemmodi
1246 2474 1331 2562 quid

135 2579 275 2658 luserat,
298 2575 384 2665 quod
405 2596 491 2643 nunc
515 2575 608 2643 nohis
631 2578 742 2664 periit,
765 2576 821 2644 sed
843 2585 879 2644 ut
901 2579 1045 2646 rovocari
1067 2578 1100 2644 in
1125 2578 1229 2646 lucem
1256 2600 1331 2668 pos·

134 2687 187 2751 sit.
235 2684 398 2770 Antiquos
421 2688 454 2748 et
482 2681 596 2749 doctus
626 2682 864 2750 Grammaticus
890 2683 930 2751 ad
962 2683 1186 2772 Aristophanis
1219 2685 1332 2756 lienus

133 2810 180 2856 vs.
194 2793 259 2858 tot
272 2789 454 2855 annotavit:
474 2787 573 2872 χρίνιρ
589 2788 616 2855 δ’
633 2785 735 2871 ύςερον
749 2792 782 2856 ού
800 2792 907 2873 πολλῷ
921 2789 975 2857 καί
993 2789 1145 2868 καίοίπαξ
1162 2791 1331 2881 (expungo

133 2895 201 2985 καί)
225 2901 360 2978 περιεῖλε
388 2894 534 2970 Κινησίας
554 2893 614 2970 τοὶς
638 2895 814 2978 χορηγίας.
846 2894 882 2975 ἐξ
903 2893 940 2963 ού
963 2897 1015 2965 καί
1040 2895 1199 2980 Στροίττις
1223 2896 1255 2963 έν
1279 2896 1328 2980 s&

134 3003 178 3078 είς
197 3001 292 3069 αὐτὸν
311 2997 448 3083 δροίματι
471 2999 556 3083 ἔφη·

315 3108 410 3181 σκηνίη
428 3106 486 3187 μέν
504 3113 559 3175 τοῦ
575 3107 757 3191 χοροκτίνου
779 3102 931 3184 Κινησίου.

134 3216 170 3283 ln
186 3217 321 3303 antiquo
336 3214 445 3284 codice
464 3238 565 3305 quum
579 3202 937 3288 XOPOKTONOTBY
951 3224 1120 3286 exaratum
1144 3222 1230 3283 esset
1251 3235 1330 3303 pru-

134 3324 209 3392 clivi
227 3309 568 3396 errore'tffexcidcre
586 3338 657 3417 post
677 3339 734 3397 OT
756 3330 869 3418 potuit.
896 3327 1169 3399 Stratlistidetur
1181 3324 1329 3398 tabulam

134 3429 186 3497 his
209 3431 288 3518 ipsis
311 3432 417 3501 verhis
439 3454 574 3501 exorsus
596 3453 681 3501 esse:
1278 3474 1282 3479 ·

315 3540 418 3615 Σκηνίη
437 3541 495 3621 μίν
518 3539 570 3619 iile
593 3543 647 3606 τοῦ
669 3541 850 3623 χοροκτύνου
869 3543 936 3608 ίεοῦ

313 3643 470 3719 Κινησίου.

133 3763 216 3834 quae
242 3752 280 3812 ut
303 3749 536 3835 spectatoribus
558 3751 676 3818 Atticis
696 3749 808 3818 audita
831 3759 928 3827 sunt,
952 3751 1105 3818 continuo
1128 3751 1188 3817 toti
1207 3766 1328 3823 careae

132 3860 187 3924 τοῦ
210 3853 393 3922 λυκοκτόνου
415 3858 481 3923 θεοῦ
505 3854 590 3946 apud
622 3855 809 3945 Sophoclem
836 3857 924 3924 venit
952 3856 984 3922 in
1009 3865 1160 3925 mentem.
1215 3855 1324 3938 Qunam

248 3950 632 3965 ———--

133 3968 226 4037 lacile
249 3977 321 4045 oe,
347 3979 425 4049 e'r,
450 3981 538 4051 en,
567 3979 627 4037 ΘΝ
655 3968 819 4055 corrumpi
844 3973 901 4033 aut
924 3967 1117 4035 intercidere
1141 3966 1263 4052 possint
1287 3966 1326 4036 iu

133 4077 240 4164 priore
263 4084 354 4164 parte
376 4077 585 4146 ostendimus.
634 4075 670 4142 ln
693 4074 896 4141 Comicorum
920 4071 1109 4161 fragmentis
1133 4092 1196 4139 non
1220 4073 1323 4143 semel

132 4184 180 4248 ita
208 4180 329 4249 lactum
353 4201 422 4250 esse
444 4182 525 4250 mihi
549 4181 815 4249 animadvertisse
842 4178 961 4248 videor.
1007 4178 1155 4247 Nondum
1179 4176 1325 4266 poenitet

135 4288 168 4354 in
194 4287 325 4357 Platone
348 4286 477 4356 Comico
501 4287 586 4376 apud
611 4285 714 4354 Schol.
745 4286 842 4356 Arist.
868 4287 939 4356 Pac.
964 4291 1028 4355 toa
1049 4305 1107 4373 pro
1137 4285 1324 4368 ίΚαρκίνου

134 4401 210 4470 παῖς
231 4400 284 4461 τοῦ
304 4396 473 4463 ύαλαττίου
495 4393 691 4482 reposuisse:

14 4576 130 4696 -x
