2940 5010
701 252 765 315 248

411 427 556 507 οξθελφῶν
579 424 596 497 οἳ
621 422 714 505 ποθρος
738 424 817 491 θέλει
842 428 952 493 θανεῖν.

141 531 291 620 quoniam
319 528 414 611 τθρος
446 531 607 597 constanti
635 537 804 618 poetarum
829 552 889 599 usu
912 532 988 599 olim
1023 552 1152 623 semper
1179 544 1298 621 χρονικοῖς

140 640 214 727 poni
237 636 316 703 solet
340 644 377 701 ut
400 636 443 701 sit
474 636 634 718 πρότερον,
657 644 695 703 ut
717 635 802 723 apud
830 636 1024 717 Homerum,
1046 638 1165 709 deiude
1187 643 1219 709 in
1243 644 1301 711 lla·
1340 634 1343 715 l

140 742 253 831 goedia
274 748 405 815 τοπικοῖς
440 760 588 828 quoque,
617 750 653 807 ut
684 740 727 808 sit
754 741 940 826 ἔμπροσθεν,
959 754 992 813 et
1015 766 1120 834 neque
1143 746 1204 815 lroo
1221 768 1303 837 neque
1340 734 1343 809 Ξ

142 847 220 915 illud
244 848 291 915 rei
312 848 470 913 convenit.
520 846 627 913 llaoile
644 855 729 913 esset
745 866 763 915 e
780 869 826 916 vs.
845 854 922 917 oto.
946 852 1097 927 θνηοκέτοο
1116 852 1225 933 γένους
1247 853 1305 937 liro

139 962 172 1021 et
195 952 355 1019 similibus
378 952 456 1019 loeis
486 952 662 1019 rescribere
692 950 876 1038 αδελφοῖνῆ
902 956 983 1023 θέλει
1013 960 1114 1025 θανεῖν
1146 956 1239 1042 ὕπερ,
1266 960 1306 1029 sel

140 1058 329 1146 scrupulum
357 1058 462 1123 ioiieit
485 1076 565 1123 usus
583 1057 779 1145 Euripidem
803 1059 892 1127 verbi
915 1064 1129 1144 προθνήοκειν,
1153 1064 1239 1153 quod
1256 1086 1307 1135 eae

141 1185 180 1253 pe
203 1165 311 1253 posuit
333 1184 391 1251 pro
413 1164 644 1244 ὑπερθυήοκειν,
669 1171 705 1231 ut
727 1165 762 1231 in
784 1162 845 1231 hae
869 1166 939 1252 ipsa
963 1186 1000 1235 re
1020 1172 1166 1237 vellito.
1198 1170 1307 1253 προθέο-

142 1296 188 1337 νον
207 1271 336 1350 γένους,
360 1267 443 1354 qood
468 1267 654 1355 planissime
674 1277 723 1337 est
751 1268 853 1337 έθανυν
876 1270 982 1349 γένους
1004 1270 1092 1357 ὅπερ.
1140 1274 1249 1343 Potest
1265 1276 1308 1363 ip

142 1385 197 1443 tur
219 1372 390 1461 Euripides
411 1392 506 1441 suum
529 1377 685 1456 προθανεῖν
709 1375 742 1441 in
763 1374 859 1456 παρος
877 1379 976 1445 θανεῖν
996 1376 1107 1447 eodem
1132 1398 1232 1449 seusu
1251 1400 1307 1449 eon·

141 1482 297 1557 vertisse,
332 1490 369 1545 ut
399 1479 484 1566 quod
513 1481 546 1545 in
574 1498 611 1547 ea
634 1500 671 1547 re
699 1478 790 1545 nobie
823 1479 973 1569 displicet
1005 1502 1068 1551 nou
1100 1482 1245 1553 librariis
1267 1484 1308 1555 el

141 1589 257 1653 Poetae
280 1588 323 1653 sit
345 1583 569 1673 imputandum
591 1593 623 1652 et
643 1582 723 1649 nihil
743 1584 822 1653 adeo
844 1587 1048 1656 movendum.

187 1692 224 1757 ln
246 1712 292 1759 vs.
311 1696 387 1759 δεῖ.
412 1692 558 1774 πέφυκας
582 1697 751 1772 Ἡρακλῆος
783 1690 952 1760 manifesto
976 1693 1130 1761 mendosa
1152 1704 1203 1763 est
1224 1694 1307 1763 torm

141 1806 311 1880 Ἡρακλῆος
336 1816 394 1884 pro
417 1798 601 1879 ’Προκλέους
630 1794 685 1862 sed
709 1793 898 1865 facillimum
922 1807 971 1865 est
1001 1799 1156 1869 mendum
1180 1811 1307 1891 indepl-

141 1905 258 1971 sitione
281 1901 411 1980 tollere,
436 1909 472 1969 ut
496 1900 677 1968 scribatur:

367 2008 551 2090 Ἡρακλέους
576 2008 723 2089 πέφυκας
746 2008 807 2073 οὐδ’
831 2009 1031 2091 αἰσχύνομαι.

187 2114 223 2179 ln
254 2134 301 2181 vs.
324 2117 401 2180 612.
435 2114 568 2193 τὸνμὲν
595 2116 656 2196 αφ’
686 2114 813 2194 ὑψηλῶν
839 2114 966 2196 βραχὺν
992 2114 1083 2198 ᾤκισε
1113 2134 1230 2183 sanum
1258 2136 1306 2183 nm

34 2302 37 2307 ν
141 2227 190 2287 est
219 2219 308 2302 ᾤκισε
340 2237 397 2306 pro
420 2218 542 2295 ἔθηκεν,
575 2218 697 2291 ἐποίησε
732 2219 882 2304 positum.
930 2218 1160 2305 {deponendum
1193 2220 1306 2289 verluu
1339 2256 1342 2261 ·

141 2332 190 2392 est
213 2345 276 2411 quo
307 2320 485 2411 Aeschylus
518 2341 612 2409 saepe
635 2341 714 2387 usus
738 2330 809 2393 est
832 2343 1075 2411 nonnumquam
1098 2326 1343 2415 Euripideel·

140 2456 248 2507 κτοοε,
279 2428 364 2515 quod
394 2428 473 2493 satis
502 2426 645 2493 latebitur
672 2426 793 2493 loeus
784 2449 818 2494 in
843 2428 1048 2516 Supplioiltus
1071 2432 1254 2521 Euripideie
1270 2452 1305 2499 rt
1340 2418 1343 2517 Ι

142 2541 218 2602 621.
251 2558 389 2601 ποταναν
413 2560 438 2600 ει
429 2534 503 2613 μέ
522 2558 569 2606 τις
593 2536 664 2599 θεῶν
684 2535 806 2611 κτίται,
838 2534 922 2621 quod
946 2535 1107 2621 significat
1129 2538 1190 2605 ride
1211 2540 1251 2621 ρςέ
1267 2560 1304 2611 τις
1340 2588 1343 2621 ρ

140 2642 210 2707 θεῶν
232 2640 399 2721 ὑπόπτερον
428 2640 489 2713 θείη
515 2637 563 2704 vel
588 2640 761 2717 ποιήσειεν,
794 2641 858 2706 el
850 2661 882 2706 tn
906 2640 1016 2707 eadem
1040 2640 1147 2710 fabula
1174 2664 1221 2713 vs.
1242 2628 1343 2711 lut¹
1337 2672 1343 2727 ι,

272 2744 401 2824 ἄγαμθν
425 2749 460 2823 ρι’
483 2744 528 2810 ἔτι
552 2744 630 2826 δεῦρ’
648 2744 698 2809 est
719 2743 725 2833 Ι
744 2746 850 2826 χρόνος
874 2748 1010 2820 παλαιὸς
1033 2752 1140 2831 πατήρ
1338 2740 1343 2847 ξ

271 2852 368 2934 ὤφελ’
392 2850 512 2932 οἱμερῖον
535 2850 651 2916 κτίσαι.
673 2849 679 2939 Ι
698 2852 731 2916 τί
752 2850 816 2931 γοθρ
838 2852 874 2931 μ’
896 2849 956 2917 ἔδει
979 2854 1117 2931 παέδοινς

139 2958 170 3026 id
193 2967 243 3026 est
265 2956 392 3037 ἄγαμον
415 2959 509 3023 θεῖναι
532 2957 600 3022 sive
622 2964 758 3032 ποιιῖπαι.

181 3064 302 3131 Versus
319 3068 404 3131 633:

316 3172 350 3237 τί
371 3178 486 3252 χρῆμα
509 3175 610 3235 κεῖσαι
633 3168 686 3235 καὶ
710 3171 853 3252 κατηφὲς
872 3167 949 3249 ὄμμ’
973 3167 1082 3250 ἕχειςς

137 3278 204 3365 ipse
225 3277 455 3361 integerrimus
477 3282 526 3341 est
547 3283 580 3340 et
599 3274 724 3342 utiliter
743 3273 889 3341 adhiberi
912 3282 1016 3361 potest
1034 3273 1075 3340 ad
1098 3274 1199 3343 alium
1216 3292 1306 3344 emm·

136 3380 277 3450 dandum
302 3381 334 3445 in
358 3377 466 3447 Medea
492 3384 589 3447 1012.

317 3485 349 3551 πθ
371 3485 406 3560 δὴ
430 3492 586 3569 κατηφεῖς
609 3485 698 3565 θμρςα
720 3487 772 3551 καὶ
795 3486 1001 3567 δακρυρροεῖςς

137 3591 192 3658 uli
223 3591 449 3678 corrigendum
486 3611 556 3659 esse
588 3599 666 3679 puto
698 3592 840 3673 κατηφὲς
871 3590 983 3669 lene,
1018 3610 1159 3679 namque
1189 3590 1312 3661 verbum

136 3705 307 3782 europem,
331 3717 394 3785 quo
414 3698 578 3784 sequiores
597 3694 745 3764 Graeculi
764 3695 940 3782 plurimum
965 3695 1186 3777 delectantur,
1208 3696 1314 3765 a'l'ra·

136 3805 280 3890 gieorum
306 3822 368 3869 usu
394 3802 486 3890 plane
509 3802 680 3869 abhorrere
704 3799 842 3867 videtur.

180 3909 402 3997 Turpissimus
424 3908 643 3975 barbarismus
670 3908 820 3993 inquinat
850 3928 896 3974 vs.
917 3912 993 3975 652.

495 4016 521 4081 εἱ
542 4016 573 4081 δὲ
596 4016 688 4081 τῶνδε
710 4012 876 4095 προοθθξεις
899 4016 972 4097 χερέ

362 4121 440 4187 δυοῖν
463 4120 614 4201 γερθνποιν
637 4123 670 4187 ιθ
694 4126 798 4193 καλῶς
821 4122 958 4198 οὲγοονιεῖ.

136 4226 206 4303 tide
229 4227 315 4295 enirn
340 4233 372 4293 et
390 4223 537 4309 προοθῖξοο
559 4245 623 4291 non
646 4227 756 4292 minus
777 4233 854 4292 sunt
879 4223 1014 4291 barbara
1037 4244 1134 4313 quam
1158 4226 1245 4306 ληξοι
1268 4246 1326 4317 pro

136 4331 291 4414 λήξομαι,
316 4334 408 4413 oddo
431 4353 488 4419 pro
511 4334 678 4415 λήψομαι,
701 4330 798 4408 τεύξω
823 4350 881 4419 pro
902 4329 1072 4411 τεύξομαι,
1095 4340 1152 4399 aul
1178 4334 1328 4415 πλεθυυ,
