2940 5010
714 262 777 323 lta

157 436 299 511 ηούκκοο.
345 433 512 501 Caeterum
536 452 620 520 quae
645 430 744 498 luerit
763 431 925 498 Ciceronis
945 432 978 497 in
1004 444 1095 499 reum
1125 433 1276 501 hlaerum
1300 456 1323 502 ar

158 543 282 629 quitos,
306 538 345 607 de
368 559 432 627 qua
453 540 521 625 ipse
548 537 589 604 ad
616 538 760 604 Atticum
787 536 900 603 scribit
922 536 947 603 Ι.
973 542 1004 603 l.
1029 541 1068 614 2,
1103 558 1143 605 er
1176 538 1323 608 Plutarch

158 636 358 734 negligenter
380 644 553 711 admodum
576 643 738 711 scribente
758 636 906 730 cognosci
929 662 994 709 nou
1017 652 1142 731 potest,
1165 644 1323 715 luculente

158 752 303 820 ostendet
323 750 470 817 Valerius
493 750 652 816 Maximus
679 748 700 814 l.
719 749 741 817 Ι.

204 859 441 945 Turpissimum
462 856 578 921 uitium
600 855 808 921 commissum
829 871 845 919 a
871 852 989 920 scribis
1011 860 1061 921 ost
1088 854 1122 921 in
1147 855 1256 923 vertis
1276 858 1323 925 tn·

158 962 323 1050 stephanis
357 961 441 1049 apud
474 960 635 1028 Pollucem
661 961 700 1026 X.
726 964 768 1025 93
794 961 825 1025 ἐν
848 960 880 1026 δὲ
900 966 1099 1039 Τονηνοτοοῖς
1126 962 1323 1043 heduus-dn

158 1068 211 1135 κοοὶ
234 1069 466 1148 μελοτύροον
498 1065 636 1145 ἄγνος.
682 1064 803 1132 Eodem
836 1064 931 1131 modo
954 1072 1123 1152 peccalum
1145 1066 1233 1153 apud
1258 1068 1323 1135 Ant

46 1175 51 1187 '
158 1173 296 1261 phanem
321 1172 459 1239 Pollucis
479 1173 519 1239 ll.
549 1177 624 1239 179.

427 1279 560 1356 ἀγγεῖον
582 1277 764 1359 οὶλφοτύρνον
786 1273 866 1353 κύΐξ.

160 1385 206 1450 sio
231 1384 318 1449 eninr
350 1383 527 1456 hleinehius
558 1384 753 1469 scripturam
780 1380 937 1448 librorum
963 1382 1097 1461 ύννεῒον
1124 1383 1323 1466 domimini

159 1486 230 1566 κύϊξ
260 1489 325 1558 isle
356 1489 388 1552 in
420 1487 544 1555 iambos
574 1487 699 1573 coegit,
733 1506 796 1552 uon
828 1485 975 1554 facturus
1007 1489 1037 1553 si
1067 1488 1323 1557 animadvertisset

160 1614 256 1680 quam
288 1595 402 1660 vitiosa
432 1593 534 1660 lorma
562 1600 646 1658 esset
666 1594 868 1674 οὶκφοτηροος,
890 1611 986 1678 quam
1015 1592 1102 1659 haud
1129 1614 1224 1662 secus
1250 1603 1323 1681 atptt

158 1682 338 1781 μενοοτύροοοΙ
351 1700 475 1785 respuit
497 1698 674 1766 Graecitas
721 1695 843 1763 Graeca
860 1706 936 1763 suut
959 1699 1089 1781 οἱνηρύο,
1112 1708 1150 1766 ut
1169 1700 1253 1788 apud
1270 1701 1323 1768 lira

158 1806 264 1872 tinum
288 1804 403 1872 Athen.
429 1823 459 1889 p.
479 1807 557 1869 eet.
580 1822 607 1868 c.

384 1910 446 1975 οὐδ’
465 1906 629 1993 ύξύβωφον
652 1908 761 1989 ούνηρὸν
782 1905 829 1973 ἔτι
852 1908 1052 1985 κεκτύοετοοο.

158 2024 191 2084 el
221 2013 384 2082 Alexidem
418 2013 535 2082 Athen.
568 2033 598 2100 p.
623 2017 699 2079 441.
722 2012 753 2079 tl.
784 2013 838 2079 κοοὶ
870 2015 1003 2095 Ζωτύροι
1026 2012 1034 2105 Ι
1060 2016 1172 2099 οἰνηρὸν
1201 2019 1323 2096 &wilm

159 2122 304 2205 Σντηρύςε
329 2119 463 2186 Pholius
486 2119 609 2186 Σοτύοιε
633 2120 752 2200 οοτηρὸν
777 2120 920 2197 ἀγγεῖον.
942 2120 1125 2202 ·Μνρηρύς;
1162 2120 1323 2209 Aristophrr

158 2248 216 2294 nes
240 2226 316 2293 Poll.
339 2225 380 2292 X.
409 2230 472 2292 119
501 2235 559 2303 τῆς
582 2228 718 2306 μορηρῖος
743 2224 896 2300 ληκύθου,
928 2232 961 2291 el
992 2226 1026 2291 iu
1060 2235 1137 2293 uolo
1166 2226 1323 2315 ingruerit

158 2329 343 2418 Sophoclis:
1320 2364 1323 2369 ·

383 2436 477 2520 χωρὶς
501 2438 637 2518 μυρηρῶν
658 2434 797 2518 τευχέων
817 2434 938 2502 πνέοντ’
961 2438 1040 2516 irael.

158 2540 375 2622 ’Λνύροοκηρύςε
400 2540 508 2607 Alexis
529 2540 606 2606 Poll.
627 2541 668 2608 A.
696 2547 771 2607 111.

790 2648 1019 2728 ’Λροςογεύτονοο

383 2755 435 2817 τὸν
458 2753 554 2834 ῥήτορ’
577 2747 657 2817 εἶδον
680 2751 792 2833 helprae
818 2754 1029 2834 ημφοεομένον

382 2863 441 2922 τῶν
464 2858 662 2938 οὶνύρωκηρῶν.

157 2960 309 3028 Eiusdem
340 2962 505 3049 analogiae
538 2969 616 3028 sunt
652 2959 779 3043 ύξηρύς.
812 2961 968 3043 νοορηρύς,
999 2963 1152 3045 μοζηρύο,
1184 2963 1323 3047 luroris·

157 3066 315 3150 ύχύοηρύς,
347 3068 411 3135 alia
443 3089 505 3135 uon
535 3087 654 3155 pauca,
678 3076 715 3133 ut
734 3066 876 3133 dubitari
898 3065 987 3132 nullo
1014 3076 1107 3153 paeto
1134 3070 1237 3157 polsit
1263 3068 1323 3157 quit

156 3174 323 3260 scripserit
342 3174 572 3261 Aristophanes
595 3172 783 3256 μελοτηρδν,
810 3171 918 3238 Alexis
941 3171 1122 3255 οὶκΦοτηρύν.
1170 3174 1270 3243 Reddi
1289 3190 1323 3243 t!

158 3277 232 3344 dem
255 3299 352 3365 opera
373 3280 545 3364 οὶκφοτηρύν
570 3279 791 3366 Theophrasto
811 3278 946 3364 poterit,
967 3278 1024 3364 qui
1047 3279 1081 3344 iu
1102 3276 1323 3348 Characteriltt

158 3401 228 3467 eap.
249 3384 332 3450 XVl.
364 3385 416 3451 τὸν
447 3386 655 3465 ascenaentem
675 3383 859 3451 describens
883 3382 979 3469 uulgo
1002 3383 1170 3470 scripsisse
1192 3394 1318 3473 putatut

159 3487 213 3553 κωὶ
237 3487 292 3553 ἐὰν
323 3494 385 3568 μῦς
408 3490 540 3557 ύύλωκον
563 3492 707 3573 ἀλφίτων
729 3490 876 3573 δνοφούνη
907 3491 980 3572 πρὸς
1004 3491 1055 3556 τὸν
1078 3488 1234 3569 ἐξηγητὴν
1254 3492 1323 3561 MA

160 3593 276 3674 ἐρωτᾶν
298 3596 331 3660 τύ
352 3596 414 3676 χρὴ
433 3605 554 3672 ποιεῖν,
587 3594 641 3660 ubi
666 3596 698 3660 in
728 3596 846 3660 eximio
868 3595 982 3663 Codice
1012 3594 1158 3662 Palatino
1187 3598 1323 3687 scriptur

159 3716 230 3765 esse
253 3698 333 3765 vidi:
357 3702 488 3766 ύύκοικον
510 3700 650 3783 ύκφύτηο
674 3699 792 3765 litteris
812 3724 868 3775 την
889 3700 1093 3786 praecedeuti
1113 3702 1213 3769 vocali
1237 3716 1323 3791 suprt

161 3804 304 3890 seriptis.
363 3805 491 3893 Repone
519 3807 649 3873 talsano
677 3804 869 3887 ύκφοτηρύνε
905 3816 1070 3892 praeterea
1103 3808 1251 3895 δοωφύρη
1279 3826 1323 3877 cut

161 3917 294 3996 ruptum
322 3918 371 3977 est
393 3931 493 3998 quum
517 3913 671 3995 διοτρύνη
698 3908 937 3997 Theophrastus
964 3911 1114 3980 dedisset.
1162 3912 1323 3983 Fidemlt

155 4014 225 4081 ciat
245 4014 393 4082 Comicus
425 4018 568 4083 incertus
591 4015 675 4103 apud
699 4016 893 4083 Clementem
929 4017 1099 4086 Alexandr.
1136 4020 1256 4091 Strom.
1276 4018 1323 4091 Vll

160 4139 193 4215 p.
212 4124 288 4188 stu.

381 4224 443 4293 *Ar
462 4234 523 4307 ρούς
544 4227 661 4311 δοορύξη
682 4229 789 4310 βωμὸν
809 4228 883 4296 ὄντα
907 4233 1053 4309 τήλινον,

387 4331 446 4400 κᾶν
468 4335 562 4412 μηδὲν
584 4333 659 4401 ἄλλ’
682 4334 765 4419 ἔχων
788 4336 940 4425 areum
963 4338 1094 4407 ύύλοοκον
1106 4389 1116 4419 ,
