2940 5010
727 279 791 339 587

146 444 273 517 dordus
295 448 335 516 ad
366 445 540 539 Cynopaed.
559 446 596 513 V.
622 468 664 515 ιν.
689 452 740 514 tt.
776 449 831 517 sed
861 469 954 518 nemo
977 450 1093 519 horum
1117 453 1280 541 perspexit
1304 455 1337 522 in

149 551 267 631 multis
284 554 365 623 locis
381 574 452 623 eam
477 551 627 641 loquendi
652 551 788 620 formam
815 575 875 622 non
902 558 981 623 satis
1005 559 1161 627 'Arrrmcl
1184 560 1340 645 scriptam

148 678 233 729 use.
280 658 317 727 lu
340 657 565 748 Aristophanis
596 658 721 727 Avibus
745 681 792 727 vs.
817 666 918 733 1018.
951 662 983 727 in
1012 660 1183 729 codicibus
1216 663 1340 732 Raven-

151 771 231 834 nata
250 775 285 833 at
307 764 430 832 Veneto
452 765 611 851 scriptum
636 770 705 832 ast:

289 869 445 950 ὑποίγοιμι
467 868 538 952 παρ’
561 868 611 936 ἄν.
638 881 672 936 Β.
693 871 727 946 νίν
752 869 821 948 Δί’,
844 873 884 944 oie
906 874 960 938 οὐκ
981 867 1039 938 τίδ’
1060 870 1109 953 ἄρ’
1133 875 1158 937 εί

287 976 404 1060 Φίαίκς
427 973 477 1041 ἄν.
502 976 673 1042 ἐπίκεινται
696 977 760 1056 γαρ
784 975 885 1054 ἐγγὺς
909 977 1028 1043 αὑταιί.

151 1079 240 1149 aa&
256 1078 312 1148 alii
332 1084 387 1148 οὐκ
407 1076 478 1147 oldai
493 1082 528 1160 γ’
548 1081 709 1164 siculotae
729 1078 767 1145 ἄν
784 1079 998 1160 effinxerunt,
1022 1080 1078 1147 sad
1102 1081 1339 1149 emendandum

149 1187 268 1255 ωίοιίιι
288 1182 342 1254 olt'
365 1185 404 1254 ἂν
423 1187 449 1251 εί
469 1185 584 1269 <plaiae
598 1185 661 1262 ἔπ’,
683 1186 854 1254 ἐπίκεινται
877 1183 942 1268 pota
961 1187 1027 1252 κτὲ.
1050 1185 1238 1254 inserebant
1251 1189 1338 1254 euim

150 1290 299 1360 voculam
323 1289 363 1360 aiv
388 1292 474 1359 iulet·
495 1286 565 1358 eila
588 1298 621 1358 et
644 1292 670 1357 εί
695 1289 858 1370 mediam,
887 1289 972 1378 quod
998 1310 1099 1378 quum
1129 1292 1218 1358 scioli
1245 1293 1341 1358 mira·

150 1404 269 1465 rentur
299 1396 418 1464 dabant
441 1394 481 1463 de
512 1415 571 1462 sao
601 1395 662 1463 alia
697 1396 818 1462 omnia.
867 1395 904 1461 ln
928 1395 1125 1484 Cynopaedia
1150 1397 1187 1464 V.
1212 1417 1255 1465 ιν.
1284 1402 1341 1466 ta.

148 1520 229 1570 vara
263 1502 424 1589 scriptura
460 1501 492 1567 iu
527 1500 688 1588 plerisque
723 1500 816 1566 libris
850 1508 900 1567 est
930 1498 1029 1568 haec:
1064 1505 1118 1568 oda
1148 1499 1205 1570 τίδ’
1239 1502 1278 1570 icc
1314 1506 1340 1570 ei

149 1604 334 1686 ίιιτνιτιίμιιν
356 1606 458 1672 παῖδα
480 1612 614 1673 τοιοῦτον
638 1605 706 1689 περί
729 1605 806 1685 ἐμέ,
839 1603 873 1671 in
899 1624 962 1672 uno
983 1605 1123 1692 legitur:
1147 1611 1201 1674 οὐκ
1222 1605 1290 1675 olla
1314 1611 1340 1674 εί

147 1709 332 1791 ίκπκσοίμιιν
363 1710 465 1777 aaut
501 1714 572 1777 ποτ’
603 1709 663 1787 νίν,
700 1710 754 1777 ubi
789 1718 937 1777 tenemus
970 1711 1252 1798 interpolatorem,
1284 1716 1338 1780 cui

147 1834 245 1885 nauto
269 1814 397 1882 habebit
422 1814 527 1882 fidem.
575 1815 716 1883 reticius
747 1814 836 1882 lraus
865 1814 1049 1881 istiusmodi
1072 1821 1248 1885 correctori
1272 1839 1339 1886 ces·

146 1922 192 1989 ait
220 1921 254 1988 iu
288 1920 430 1987 Platonis
461 1919 592 1987 Timaeo
623 1941 655 2008 p.
677 1925 720 1987 26
744 1922 778 1987 B.
817 1919 870 1986 ubi
902 1919 1033 1988 Codices
1062 1924 1273 1990 consentiunt
1303 1925 1336 1990 in

150 2027 336 2116 scriptura:
368 2025 432 2106 tyb
455 2023 565 2107 rapat
596 2027 655 2105 μὲν
675 2028 750 2109 χθὲς
778 2025 894 2101 ἥκοντα
924 2027 978 2091 οὐκ
997 2024 1037 2091 ἂν
1062 2021 1118 2094 oli·
1140 2029 1167 2094 εί
1190 2029 1341 2108 δυναίμην

148 2128 283 2201 ἅπαντα
307 2132 338 2197 ἐν
360 2130 583 2215 priapacius
602 2131 736 2211 λαβεῖν,
760 2127 817 2196 sed
839 2128 928 2196 Plato
952 2130 1020 2217 ipse
1041 2149 1104 2196 non
1125 2129 1237 2198 dubito
1261 2133 1341 2219 quin

149 2237 337 2324 scripserit:
361 2240 416 2304 ode
436 2233 492 2303 οἷδ’
516 2236 555 2304 ἂν
578 2237 604 2302 εί
628 2235 800 2315 δυναίμην,
826 2242 859 2300 et
884 2234 1157 2302 verisimillimum
1191 2237 1271 2304 mihi
1295 2239 1340 2303 vi-

149 2340 249 2411 dalttt·
274 2341 307 2406 in
340 2341 514 2430 Cynopaed.
538 2342 561 2408 1.
587 2362 629 2407 vt.
654 2346 708 2407 hl.
744 2343 797 2407 οὐκ
825 2334 880 2406 oia’
900 2339 1004 2419 ἔγωγε
1032 2341 1061 2406 εί
1081 2364 1153 2406 τινα
1174 2343 1276 2418 λίποις
1300 2344 1340 2410 ἂν

147 2452 209 2515 τοῖν
231 2446 387 2525 πολεμίων
412 2445 536 2512 scribas
561 2444 600 2512 de
625 2465 714 2512 moro
736 2444 881 2511 voculam
905 2442 944 2510 ἄν
975 2446 1209 2532 transposuisse
1233 2456 1265 2515 ot
1290 2468 1339 2516 re·

149 2550 249 2621 wrihi
273 2558 439 2637 aporiare:
471 2555 525 2617 οὐκ
546 2548 602 2617 οἶδ’
626 2550 664 2618 ἂν
689 2550 794 2630 ἔγωγε
819 2550 848 2616 εί
872 2574 943 2616 τινα
964 2551 1065 2626 λίποις
1089 2558 1148 2616 τῶν
1172 2554 1338 2632 πολεμίων.

149 2655 242 2741 uum
277 2655 328 2722 his
363 2656 518 2743 exenrplis
552 2655 677 2722 addidit
713 2655 945 2722 Stallbaumius
980 2676 1018 2722 ex
1052 2656 1266 2725 Demosthene
1299 2656 1340 2726 do

148 2760 188 2831 F.
208 2760 244 2829 Ῑι.
269 2782 299 2849 p.
322 2765 411 2839 441,
436 2765 489 2828 21.
522 2762 583 2828 οὐδ’
605 2760 644 2827 clu
667 2756 732 2840 είς,
763 2757 797 2827 εὖ
820 2757 877 2827 oia’
906 2757 974 2838 ὅτι,
1005 2761 1152 2843 Φήαειεν,
1184 2762 1228 2828 nit
1261 2762 1340 2829 lacit

148 2865 191 2935 ad
215 2886 306 2943 ram,
340 2872 376 2932 ut
408 2865 508 2932 vides.
555 2866 625 2932 Duo
649 2874 775 2932 tantum
802 2865 881 2930 mihi
911 2874 1038 2952 praeter
1073 2866 1152 2932 haec
1179 2886 1236 2953 por
1258 2866 1339 2932 nsul-

149 2982 201 3043 toa
229 2991 332 3040 anuos
363 2969 474 3037 sedulo
520 2971 726 3057 investiganti
771 2972 857 3036 inter
895 2970 1065 3057 legendum
1102 2980 1338 3048 occurrerunt,

148 3078 289 3149 atterum
313 3075 397 3163 apud
422 3075 565 3163 Xenoph.
599 3077 729 3142 Memor.
751 3077 774 3142 Ι.
800 3097 844 3141 ιιι.
871 3081 901 3141 5.
939 3075 992 3156 ubi
1025 3076 1094 3160 lege
1123 3075 1175 3145 ὥς·
1204 3079 1258 3143 οὐκ
1279 3073 1336 3144 οἷδ’

147 3184 190 3255 ὃν
213 3184 243 3251 εί
263 3208 312 3257 τις
341 3181 434 3256 οὕτως
459 3183 555 3260 ὀλίγα
579 3181 754 3263 ἐργάζοιτο,
780 3201 836 3267 pto
859 3177 914 3246 oia·
936 3179 966 3245 εί
987 3205 1034 3254 τις
1057 3177 1151 3254 οὕτως
1172 3179 1231 3256 οἶν,
1258 3180 1338 3249 alle·

148 3308 225 3359 mm
247 3288 332 3376 apud
358 3285 604 3354 Barnosthenem
628 3307 657 3373 p.
682 3292 790 3362 1103,
817 3291 877 3352 20:
914 3288 975 3365 ἐγὼ
997 3287 1061 3367 γὰρ
1093 3287 1188 3359 αὐτὸς
1221 3289 1274 3353 οὐκ
1298 3287 1337 3354 ἂν

144 3390 203 3465 oit’
226 3396 242 3462 ί
264 3418 296 3461 τι
319 3392 400 3460 ἄλλο
410 3389 496 3474 είχον
519 3393 737 3476 ψηφίσασθαι,
765 3390 818 3458 ubi
843 3389 1009 3458 Oratorem
1034 3411 1096 3457 non
1121 3391 1168 3457 sic
1191 3393 1337 3479 scripsis-

147 3520 187 3571 ιο
205 3498 368 3578 arbitror,
391 3497 446 3565 sed
472 3505 507 3563 ut
528 3497 697 3585 populares
728 3497 872 3564 solebant
895 3515 1023 3563 omnes:
1051 3500 1104 3564 οὐκ
1127 3492 1182 3562 οἷδ’
1205 3494 1244 3562 ἂν
1269 3495 1287 3562 ί
1306 3525 1336 3567 τι

146 3604 233 3675 lm
254 3600 342 3687 εἶχον
362 3604 575 3686 ψκφίτατίαι.

201 3709 293 3794 Quod
328 3709 448 3796 legitur
471 3706 526 3774 lX.
554 3712 585 3773 t.
620 3710 774 3790 χειμῶνος
807 3709 865 3787 μὲν
900 3709 1050 3785 edittae
1086 3713 1139 3774 τοῦ
1172 3707 1204 3774 δὲ
1238 3709 1336 3791 ίίοονι

147 3818 270 3892 εὔσκιον
305 3815 366 3883 alit·
399 3812 598 3881 tralaticium
635 3813 771 3880 ritium:
804 3832 862 3900 pro
884 3815 1002 3891 εὐήλιος
1038 3810 1254 3899 reponendum
1287 3822 1338 3880 ost

146 3922 276 3997 εὔκολος.
323 3918 476 3987 bloehaul
504 3918 715 3986 Athenienses
744 3917 833 3998 εἵλκ,
858 3918 996 3998 εὕειλος,
1029 3917 1186 4001 ποίτειλος
1215 3926 1248 3984 et
1271 3916 1336 3985 ἄει-

147 4044 222 4108 λοι,
243 4025 392 4096 Graeculi
415 4033 584 4112 postquam
616 4025 695 4092 haec
719 4026 827 4091 omnia
860 4024 936 4090 olim
962 4023 1027 4090 situ
1050 4031 1083 4089 et
1106 4021 1264 4088 oblivione
1286 4045 1336 4091 so·

148 4132 240 4225 pulla
260 4139 370 4201 essem
389 4129 430 4198 de
458 4151 517 4198 suo
545 4132 683 4209 εὐήλιος,
707 4129 879 4213 πρίοκλος,
909 4131 1087 4212 apocalistae,
1115 4127 1219 4202 εὕελος
1244 4128 1336 4195 simi-

147 4238 256 4330 liaque
279 4236 538 4305 substituebant:
570 4235 641 4303 vide
673 4235 857 4304 bawesium
890 4238 923 4302 in
957 4233 1087 4302 blisceil.
1112 4233 1190 4298 Grit.
1216 4254 1247 4320 p.
1268 4237 1333 4299 λιν

148 4364 196 4435 sq.
221 4345 266 4435 (p.
290 4346 366 4408 482.
394 4341 513 4430 tttddp.

1060 4451 1111 4489 tt*
