2940 5010
703 318 766 382 797

136 495 230 579 χείρω
253 489 476 579 coniungenda
498 510 578 559 esse.
627 491 784 557 Graecum
812 497 859 556 est
883 488 916 558 εὖ
939 490 1002 572 ἔχω
1023 491 1058 557 τὸ
1082 493 1192 571 σάρον,
1215 500 1316 569 κοινῶς

139 600 204 682 ίχυ
227 600 263 666 τὸ
284 605 397 678 σῶμα,
431 599 567 679 σιίσχρῶς
598 595 756 674 διάκειμαι
778 594 813 660 τὸ
837 600 928 673 σῶμά
959 603 991 663 et
1024 594 1133 663 corleut
1168 599 1262 665 modu
1285 602 1317 666 iu

140 702 301 770 similibus
325 702 482 770 omuibus.
530 701 597 768 Non
622 709 670 768 cst
689 699 845 767 Graecum
871 700 935 780 ἔχον
960 701 994 765 τί
1015 704 1106 779 σῶμά
1127 703 1243 781 κοινάν,
1266 725 1323 772 uo·

140 828 204 896 qne
226 812 290 892 ἓχυ
311 810 346 874 τί
370 816 460 887 cuna
479 806 620 885 άροιάόν,
641 824 745 892 neque
768 804 943 891 quidquam
967 803 1162 873 huiusmodi.
1209 809 1321 896 ltaque

140 923 179 981 ul
201 911 235 981 εὖ
263 913 358 980 habet
379 912 501 992 άμεινον
526 911 780 1000 (nonnumquam
804 909 941 998 βέλτιον)
966 918 998 976 et
1022 910 1137 992 άριτοι,
1161 922 1193 979 et
1220 922 1320 991 κοινῶς

140 1038 204 1087 uon
224 1028 350 1087 tautum
374 1017 478 1085 κάκιον
498 1026 530 1084 ει
553 1017 670 1087 κάνιςοι
694 1015 748 1081 sed
775 1017 871 1082 etiarn
891 1025 993 1098 χεῖρον
1014 1027 1045 1082 ει
1059 1016 1202 1098 χείριςοο,
1226 1019 1323 1087 Grae-

141 1126 172 1191 εἰ
194 1123 343 1191 dicebant
364 1121 487 1202 ἄμεινον
517 1122 581 1202 ἔχοι
605 1125 641 1189 τὸ
665 1128 756 1200 σῶμα
781 1130 811 1187 ει
835 1131 937 1202 χεῖρον
961 1120 1025 1203 ἔχοι
1054 1124 1088 1187 τὸ
1112 1129 1225 1202 σῶμα,
1250 1133 1322 1193 tutu

141 1228 235 1314 άριτοι
258 1228 321 1310 ἔχοι
351 1230 387 1295 τὸ
416 1235 507 1307 σῶμοι
529 1237 561 1295 ει
587 1227 704 1297 κάνιτοι
734 1235 790 1292 aut
821 1228 958 1307 χείριτοι.
1007 1225 1202 1296 refellerant
1228 1231 1324 1298 Grac·

142 1333 232 1403 culos
253 1334 313 1400 loci
347 1332 402 1399 ubi
425 1332 591 1419 legebatur
620 1334 656 1398 τί
679 1339 770 1410 σῶμά
802 1330 969 1408 άμεινυυ
1000 1340 1057 1397 ant
1091 1334 1195 1401 κάκιον
1221 1335 1324 1419 ἔχων,

141 1448 199 1511 aut
221 1440 253 1505 in
286 1437 404 1525 plurali
438 1458 572 1505 numero
603 1438 682 1516 loci,
716 1436 819 1523 qualis
843 1445 892 1503 cst
915 1439 947 1502 iu
972 1436 1123 1526 Cyneget
1150 1440 1234 1507 Xlll.
1263 1451 1323 1511 ll:

141 1547 185 1613 τά
217 1547 353 1625 culum
387 1547 460 1626 πρὸς
493 1547 544 1611 τὸν
576 1544 712 1622 πόλεμον
744 1542 899 1612 κάνοιτοι
926 1543 979 1609 nal
1014 1542 1184 1626 υίσχιτοι
1216 1546 1323 1628 ἔχουσι

142 1661 244 1719 τινοιν
267 1653 300 1717 οὐ
326 1647 508 1730 δυνάμενοι,
542 1649 598 1716 uhi
627 1667 726 1734 quum
756 1646 907 1715 adverbia
942 1667 1000 1734 pro
1029 1647 1196 1717 adiectiris
1231 1652 1325 1723 haho-

142 1765 216 1824 rent
238 1756 455 1843 depravarunt
476 1773 529 1820 eos
548 1753 633 1820 lucos
651 1750 705 1818 uhi
730 1751 872 1819 adverbii
890 1754 1128 1838 comparativus
1148 1753 1324 1841 legebatur.
1421 1834 1423 1837 ,

144 1861 264 1929 Graeca
297 1858 448 1945 loquendi
479 1857 676 1925 cousuetudo
706 1867 738 1923 et
770 1858 888 1944 passim
921 1856 996 1923 alibi
1020 1863 1207 1944 agnoscitur
1234 1873 1267 1930 ct
1291 1864 1325 1931 in

144 1964 296 2055 Cynegeh
320 1964 390 2035 ΧΗ.
415 1969 458 2030 52
496 1965 545 2030 άεί
576 1964 639 2045 γάρ
670 1963 718 2033 ἔτι
756 1972 840 2036 τοῖς
872 1964 919 2029 τά
957 1963 1121 2044 σάμοιτοι
1158 1967 1220 2032 κοιί
1252 1969 1324 2042 τάς

143 2071 283 2155 ψυχάς
307 2068 346 2139 εὖ
376 2070 539 2150 ἔχουσιν
570 2069 669 2148 ἐγγὺς
693 2065 770 2135 είνοιι
793 2073 846 2135 τοῦ
871 2071 1055 2151 εὐτυχῆσοιι.

189 2176 310 2244 Eodem
342 2173 451 2243 mendi
481 2193 598 2261 genere
620 2173 755 2241 allectus
778 2184 827 2240 est
857 2174 947 2241 locus
971 2174 1038 2243 Vll.
1064 2180 1102 2243 t:
1132 2179 1265 2245 ἐντονῦίοι
1288 2181 1324 2257 δὴ

144 2284 214 2351 tactu
237 2284 294 2362 μὲν
317 2276 403 2360 οἶμαι
427 2287 541 2362 πρῶτον
563 2279 743 2363 συμμάχων
764 2282 927 2361 ἰσχυράν
948 2279 1013 2356 δεῖ,
1037 2282 1129 2365 quasi
1154 2302 1229 2349 vero
1261 2304 1323 2353 non

143 2395 257 2474 suapte
280 2395 397 2453 natura
420 2387 471 2452 uii
495 2386 574 2453 socii
591 2397 729 2473 potentes
748 2394 857 2453 essent
879 2392 911 2451 ει
932 2404 997 2449 nou
1019 2387 1098 2451 satis
1121 2388 1325 2458 cssetdicore

141 2495 225 2565 θεοὺς
247 2491 438 2574 συμμάχους
468 2491 563 2573 ἔχειν.
611 2493 742 2558 Dixerat
774 2488 948 2575 Xenophon
982 2488 1015 2555 in
1048 2497 1113 2557 tam
1146 2495 1326 2578 periculosa

142 2619 179 2665 re
212 2601 356 2686 primum
386 2598 530 2664 omnium
567 2597 705 2663 Deorum
737 2595 856 2663 auxilio
887 2594 1082 2661 vehementer
1112 2617 1192 2683 opus
1231 2619 1323 2678 esse,

142 2706 214 2773 θεῶν
248 2710 362 2786 πρῶτον
385 2702 565 2785 συμμάχων
597 2705 773 2785 ἰσχυρῶς
806 2703 871 2780 δεῖ,
907 2719 969 2785 quo
992 2709 1086 2786 paulo
1121 2701 1265 2788 loquitur
1292 2715 1325 2772 et

142 2806 306 2877 in'lihelto
336 2809 402 2891 περὶ
427 2810 528 2889 Πάριον
551 2807 605 2873 lV.
631 2812 671 2873 8:
707 2809 759 2874 κοιί
784 2802 941 2886 μῆνίτοιν
965 2802 1062 2883 χειά
1094 2808 1269 2891 πράττωσιν
1289 2813 1323 2875 οιί

143 2912 249 2988 τίλεις
276 2915 451 2996 ίσχυρῶς
480 2916 507 2979 σί
530 2912 675 2994 άνίροιτοι
699 2915 841 2994 άρχυρίου
865 2912 1031 2977 δέσντοιι.

190 3019 226 3087 lu
252 3017 321 3085 Vll.
345 3024 385 3084 6:
420 3018 516 3084 ίκοινοί
540 3019 571 3083 δὲ
604 3018 656 3083 ont
691 3023 817 3100 τρουράν
851 3019 933 3083 οὐδὲν
964 3014 1052 3092 ἧττον
1082 3020 1107 3084 σί
1140 3019 1237 3098 ὀλίγον
1266 3026 1326 3086 τῶν

145 3131 267 3192 πολλῶν
285 3124 338 3190 xci
360 3123 536 3206 Φυλάττειν
558 3125 654 3188 τοίνυν
678 3124 730 3188 col
755 3126 828 3187 άνοι
834 3121 932 3202 χυρί
940 3119 1018 3201 ζειν
1048 3123 1098 3187 τά
1125 3127 1248 3207 Φίλιον
1271 3129 1326 3193 οὐκ

144 3230 329 3311 omptume
359 3231 386 3295 υί
416 3230 498 3308 μήτε
520 3231 624 3301 αὐτοῖς
657 3231 739 3306 μήτε
761 3237 824 3300 τοῖς
856 3224 959 3300 ίττσις
988 3228 1174 3303 τιςειίυντες.
1225 3231 1325 3297 l'robo

144 3333 332 3404 Schneideri
355 3335 574 3401 coniecturam
599 3335 651 3399 κοί
676 3338 849 3415 άνοιχορεῖν
876 3334 918 3405 είς
944 3333 987 3398 τά
1009 3335 1126 3416 φίλιοι
1161 3345 1326 3421 practerea

144 3440 316 3509 deleverim
346 3439 520 3506 articulum
554 3440 585 3503 iu
612 3439 665 3526 [ol]
693 3441 773 3517 μήτε
805 3440 911 3511 οιὺτοῖς
940 3440 1022 3518 μήτε
1054 3448 1116 3514 τοῖς
1148 3438 1251 3516 ἵπποις
1276 3470 1325 3510 τι·

143 3547 302 3621 ςοάοντερ,
329 3553 460 3623 uatum,
484 3551 520 3611 ut
540 3546 673 3632 opinor,
697 3564 736 3610 ex
758 3543 994 3630 dittographia,
1028 3565 1102 3611 uam
1132 3549 1325 3632 οίκσιρίτερον

143 3654 177 3719 iu
212 3650 304 3717 lihris
337 3658 385 3717 cst
419 3669 476 3736 pro
508 3652 704 3733 άκοοιρότεροι.
753 3648 925 3735 Xenophon
958 3650 1058 3734 igitur
1083 3648 1142 3717 hoc
1169 3651 1265 3720 dicit:
1298 3659 1326 3722 oi

143 3759 242 3838 ίλίχοι
269 3755 329 3822 ίίτι
358 3757 439 3835 μήτε
472 3756 577 3830 οιὺτοῖρ
602 3760 683 3835 μήτε
712 3765 774 3830 τοῖς
808 3754 912 3830 ίνττοις
942 3758 1117 3830 τιςειίουτες
1150 3761 1215 3825 κτὲ.
1272 3761 1324 3828 Sic

144 3865 265 3951 optime
299 3860 492 3946 intelligitur
529 3881 624 3947 quarn
665 3860 869 3929 vehementer
908 3863 1065 3927 erraverit
1108 3861 1323 3933 Schneiderus

145 3987 246 4058 quum
268 3967 399 4052 eosqui
424 3966 620 4052 speculaturi
644 3967 767 4032 hostem
790 3967 933 4044 exirent,
968 3967 1107 4032 maxime
1127 3967 1269 4035 imbelles
1296 3981 1325 4036 ct

145 4071 520 4158 omninipotentem
545 4072 627 4159 quod
654 4074 787 4138 »mirum
806 4085 834 4136 ct
855 4073 1024 4138 ridiculum
1037 4074 1058 4101 '¹
1082 4093 1152 4139 esse
1172 4075 1229 4141 ait.
1276 4077 1325 4145 Ex

146 4178 253 4247 ventris
278 4175 497 4264 Xenophontis
525 4177 603 4245 u'ihil
637 4177 817 4245 huiusmodi
846 4197 931 4243 nunc
961 4178 1067 4262 colligi
1090 4188 1204 4265 potest.
1251 4181 1325 4250 Flos

146 4293 178 4353 ot
202 4282 300 4355 rohur
323 4283 469 4370 equitum
493 4294 615 4371 poterat
643 4283 681 4350 acl
704 4283 931 4370 speculantium
952 4284 1088 4362 exiisse,
1124 4294 1231 4351 tarucu
1255 4306 1325 4373 pro·

146 4399 217 4479 pter
249 4409 340 4459 stram
380 4391 574 4475 paucitatem
610 4413 664 4459 nec
696 4391 756 4457 sihi
782 4391 857 4456 sotis
892 4389 1076 4476 considentes
1109 4413 1207 4477 νιουρυο
1238 4396 1324 4478 equis
