2940 5010
702 269 768 333 696

146 465 220 514 nam
245 452 339 534 poeta
362 441 513 511 dederat:
546 448 609 509 τοῖν
633 444 790 525 άδελφοοῖν
813 449 878 510 τοῖν
906 439 985 509 δυοῖν
1016 439 1146 509 τούτοιν.
1193 438 1243 511 Ne
1271 439 1326 509 dn·

148 553 231 619 bites
262 551 385 638 inspice
417 547 568 614 Codicum
602 546 755 616 lectiones
785 548 818 614 in
850 546 1003 614 isocratis
1033 546 1193 637 Panegpr.
1229 550 1329 634 5¹23,

146 657 200 725 uhi
225 677 312 723 nuuc
335 663 423 722 recte
446 663 525 722 τοῖν
548 654 667 721 πολίοιν
690 654 839 721 τούτοιν
862 652 980 719 editur.

191 764 227 831 In
252 764 383 829 Memor.
407 760 446 828 ΙΙ.
472 781 500 825 ν.
526 763 556 825 i.
586 759 690 826 scribe
723 762 831 826 δυοῖν
861 769 956 840 μναῖν
989 778 1046 846 pro
1069 760 1142 827 δίον
1168 766 1261 826 recte
1285 756 1331 826 di·

146 869 234 936 citur
254 868 304 935 δύο
327 878 427 948 μναῖ,
461 868 512 934 δύο
543 871 625 947 μνάς
655 875 687 933 et
711 866 761 932 δίο
784 873 882 946 μνῖνν,
918 864 974 931 sed
998 864 1055 932 ubi
1081 864 1170 933 duali
1196 884 1330 931 numero

147 982 241 1054 μναῖν
267 981 405 1040 utuntur
437 972 571 1038 iormam
605 975 684 1038 δυοῖν
713 970 830 1039 addere
864 971 979 1039 soient.
1027 971 1153 1039 Passim
1189 970 1331 1037 occurrit

147 1082 226 1148 δυοῖν
247 1082 369 1156 ποδοῖν,
392 1080 471 1146 δυοῖν
490 1079 610 1157 ὀβολοῖν
623 1087 656 1145 et
678 1078 771 1146 sim:
795 1079 873 1146 δυοῖν
895 1076 1201 1154 ἔνίτοῖνιίίουδαιιῑ,
1225 1074 1330 1143 nodo

148 1185 231 1252 ῖτεοι
255 1183 339 1251 δυοῖν
364 1190 420 1249 ant
439 1184 471 1249 ἐν
494 1184 541 1249 δύ’
569 1182 678 1250 ἔτεσιν.
725 1192 819 1250 Δυεῖν
843 1182 957 1249 vitiosa
980 1192 1031 1249 est
1053 1182 1245 1270 sequiorem
1274 1178 1331 1248 ior·

147 1309 223 1368 ma,
254 1309 351 1377 quam
383 1289 508 1357 scribae
530 1297 596 1356 tam
620 1308 713 1376 saepe
735 1287 906 1356 Veteribus
936 1285 1168 1368 aiii-iuuerunt,
1191 1295 1233 1354 ut
1255 1284 1331 1354 mui-

148 1397 193 1462 tis
215 1393 315 1482 proba
347 1402 379 1461 et
403 1394 569 1461 retinenda
602 1403 661 1460 aut
683 1395 823 1462 etiame
853 1393 946 1460 libris
979 1392 1164 1479 recipienda
1197 1411 1271 1460 case
1291 1390 1329 1457 ri·

149 1499 274 1567 deatur.
311 1508 402 1566 Δοοῖν
422 1508 515 1580 μναῖν
531 1507 562 1567 et
584 1499 660 1566 aiibi
681 1499 802 1587 legitur
821 1510 855 1567 et
875 1498 959 1587 apud
979 1498 1198 1586 Antiphanem
1218 1496 1328 1565 Athen.

148 1627 179 1694 p.
201 1610 277 1672 691.
304 1604 340 1671 ii.

283 1713 385 1788 ςαιιτίν
407 1711 510 1779 δυοῖν
534 1721 627 1791 μναῖν
650 1714 704 1778 οὐκ
725 1712 847 1794 άοίτιοιι
870 1714 906 1792 μ’
930 1711 1082 1789 οὐδαμῶς.

195 1814 233 1882 ln
264 1817 395 1884 Memor.
416 1816 455 1886 ΙΙ.
481 1838 510 1883 v.
537 1823 570 1886 5.
603 1817 704 1883 ioruua
730 1818 885 1884 inusitata
909 1825 941 1883 et
965 1814 1117 1882 mendosa
1152 1813 1258 1880 nimis
1278 1810 1326 1878 diu

150 1931 276 1990 secreta
297 1931 345 1987 est
379 1924 411 1988 in
436 1922 562 1989 verbis:
585 1924 638 1989 τὸν
662 1925 687 1989 δ’
712 1925 772 1989 οὐδ’
794 1924 833 1988 άν
858 1920 1026 2002 ἡμιμναίου
1060 1914 1328 2001 oportunus!-

149 2052 239 2109 μην,
263 2027 398 2094 emenda
421 2031 646 2110 προπιμήοαιμ
672 2026 730 2105 άν,
755 2027 937 2094 cuiusmodi
965 2046 1091 2094 errores
1114 2024 1232 2093 crebro
1253 2044 1328 2093 com·

152 2135 330 2200 mittuntur
353 2132 518 2212 inlibris,
543 2144 579 2200 ut
603 2136 636 2199 in
660 2132 806 2201 Nubibus
830 2154 876 2199 vs.
902 2138 987 2200 785:

288 2238 412 2312 ίίλεῖς·
436 2237 564 2321 ἄπερρ’,
588 2241 642 2306 οὐκ
666 2238 705 2306 ἂν
728 2237 960 2319 διδαξαίμνν
984 2244 1014 2304 ο·
1037 2236 1107 2317 ἔτι,

152 2343 207 2411 ubi
239 2344 416 2411 correxisse
444 2344 587 2411 nondum
621 2346 761 2432 poenitet
791 2343 949 2424 διδάξαιμ’
984 2341 1035 2412 άν.
1093 2339 1203 2409 Facite
1241 2358 1328 2409 rinus·

152 2448 288 2536 quisque
312 2451 486 2536 comperiet
510 2453 718 2533 προτιμοῖοῖοοι
743 2468 902 2537 nusquam
929 2468 986 2535 pro
1014 2451 1169 2529 προτιμοῖν
1190 2447 1278 2526 dici,
1298 2452 1329 2513 ni

152 2574 256 2639 neque
279 2557 431 2632 τιμάοάαι
455 2575 514 2641 pro
536 2560 654 2634 τιμάν,
678 2564 711 2622 et
736 2564 860 2623 certum
888 2553 1040 2621 mendum
1070 2553 1239 2620 lenissima
1269 2570 1329 2618 mn·

153 2661 274 2726 tatione
299 2662 345 2726 sic
375 2659 452 2725 toili.
508 2662 665 2747 Perpetua
689 2670 737 2728 est
761 2663 793 2726 in
817 2661 936 2726 tatibus
968 2659 1080 2735 elisio,
1116 2679 1179 2745 quo
1213 2656 1330 2724 facilius

153 2785 245 2834 error
280 2766 433 2831 nascitur.
487 2765 556 2832 Noli
593 2766 741 2833 dubitare
771 2768 849 2852 quin
881 2774 915 2832 et
936 2766 975 2831 ΙΙ.
1000 2784 1046 2830 ιιι.
1074 2771 1127 2831 11.
1163 2763 1330 2851 Xenophon

154 2872 322 2958 scripserit
345 2871 537 2954 κατάρχοιμ’
570 2870 631 2949 ἄν,
669 2892 731 2938 non
765 2871 957 2954 κατάρχοιμι
990 2868 1051 2949 eiu,
1085 2867 1172 2956 qued
1209 2872 1330 2935 servatii

154 2999 275 3045 omnes.

208 3081 347 3149 Retrahe
378 3082 547 3168 fugitivam
580 3081 771 3170 particulam
797 3081 838 3148 li.
863 3102 904 3147 vr.
930 3086 962 3148 2.
998 3078 1051 3145 ubi
1084 3079 1256 3166 quaerenti
1284 3076 1330 3145 So·

154 3190 256 3256 crati:
290 3192 323 3256 οὐ
354 3191 437 3256 δοκεῖ
461 3215 505 3256 οοι
530 3190 582 3255 καὶ
607 3185 693 3262 οὗτος
723 3188 869 3271 χαλεπὸς
892 3187 985 3269 Φίλος
1016 3179 1117 3259 doen
1154 3182 1331 3251 Critobulus

152 3294 344 3381 respondet:
369 3295 461 3360 πάνυ.
510 3295 577 3361 Non
601 3296 685 3360 enirn
706 3296 753 3361 sic
771 3295 872 3369 dixit,
900 3292 956 3359 sed
977 3290 1059 3358 πάνυ
1083 3313 1141 3369 γει
1167 3298 1206 3357 ut
1229 3304 1331 3356 omnes

155 3407 341 3467 constanter
364 3401 451 3466 eires
473 3410 505 3465 et
530 3399 698 3486 populares
721 3398 873 3466 solebant.

199 3503 278 3570 lbid.
305 3507 323 3589 §
347 3510 379 3574 t.
412 3503 529 3587 εὔορκοι
554 3509 585 3573 δὲ
609 3508 660 3573 καί
685 3505 878 3586 εὐξάμβολος
909 3506 948 3571 ὢν
969 3501 1144 3584 τυγχάνειν
1172 3501 1227 3567 καί
1251 3496 1333 3584 onae

156 3633 250 3684 νεικος
274 3611 347 3691 πρὸς
365 3612 401 3676 ri
435 3612 480 3690 pii
513 3613 776 3680 ἐλλείπεσθαι
810 3608 844 3676 εὖ
875 3618 964 3677 ποιῶν
998 3611 1068 3683 τοὺς
1100 3611 1333 3688 εὐεργετοῦνται

156 3715 272 3791 αὐτόν,
298 3735 359 3780 non
381 3715 448 3782 iero
471 3736 565 3783 usum
589 3716 675 3784 uerbi
700 3717 866 3803 compositi
892 3717 1096 3793 ἐλλείπομαι,
1122 3712 1207 3799 quod
1229 3731 1249 3776 a
1271 3728 1334 3777 sen·

156 3821 256 3890 tentia
277 3819 339 3886 lori
362 3830 394 3887 et
418 3820 567 3908 loquendi
592 3842 653 3888 usu
678 3822 846 3899 abhorret,
871 3821 925 3888 sed
951 3820 1087 3907 simplex
1109 3820 1272 3886 λείπεσθαι
1291 3836 1333 3884 re·

155 3928 269 4015 quino,
294 3927 407 3992 tritum
435 3928 467 3992 in
489 3946 526 3992 ea
549 3948 584 3994 re
606 3927 690 4013 apud
713 3947 823 3993 omnes
842 3947 898 4014 pro
919 3925 999 4003 ἥττω
1028 3922 1105 3991 εἶναι
1131 3925 1199 3990 sive
1223 3926 1334 4002 ἦττοῖο·

157 4035 216 4100 ίαι.
276 4030 365 4113 Quod
402 4031 630 4098 lschomachus
667 4032 790 4099 Socrati
827 4033 907 4099 dicit
942 4034 975 4096 in
1012 4029 1127 4098 Oecon.
1157 4029 1273 4097 xviii.
1303 4033 1333 4095 t.

156 4143 263 4205 ταῦτα
283 4138 365 4204 οὐδὲν
390 4140 465 4217 ἐμοῦ
486 4138 615 4204 λείπει
638 4138 835 4217 γιγνώσκων,
859 4146 891 4205 et
916 4139 983 4225 ipse
1008 4135 1145 4204 dixerim
1171 4134 1335 4211 omnibus,

157 4244 212 4329 qui
234 4243 370 4310 Graecos
395 4245 568 4330 scriptores
591 4243 762 4329 diiigenter
784 4242 984 4310 lectitarunt.
1034 4241 1093 4309 Hic
1117 4260 1246 4329 quoque
1269 4239 1334 4307 luce

155 4345 275 4415 clarius
298 4357 347 4415 est
369 4347 525 4432 φιλόνικος
549 4349 643 4417 unice
667 4368 778 4419 uerum
801 4367 881 4417 esse.
