2940 5010
703 256 766 324 752

143 449 253 497 nemo-
270 428 459 516 praebuerat
490 449 624 511 aurem,
658 431 777 500 Baitios
809 432 850 500 ad
884 434 1038 523 lpsioem
1076 454 1108 521 p.
1136 438 1212 507 too.
1239 437 1312 525 apul

142 535 336 625 Hyperidem
363 542 469 602 τοῦτον
493 539 510 612 ή
535 537 625 611 πίλιτ
650 541 733 619 ἡμῶν
764 541 952 619 ἠτίμωσεν
974 538 1155 608 emendans
1177 562 1234 630 pro
1257 546 1313 620 ήτί-

140 666 243 720 μασεν
261 640 370 708 eadem
395 660 491 726 opera
515 638 621 709 locum
652 642 795 710 Platonis
825 647 912 732 turpi
937 645 1054 712 mendo
1084 644 1245 715 lilrerarit.
1282 646 1314 715 Ιι

141 746 283 812 Platonis
307 747 383 832 llep.
406 745 489 811 Vlll.
521 753 650 832 [1555.
675 748 709 813 B.
741 747 816 816 ὅταν
845 753 940 818 αὑτὸν
963 752 1012 834 ίδρ
1033 790 1082 803 ·-
1104 754 1149 827 είς
1171 754 1315 833 δεσμωτή-

141 876 198 934 ριον
229 851 408 931 ἐμπεσόντα
443 852 689 942 [βλαπτόμενον]
726 857 784 921 ὑπὸ
816 864 1017 940 συκοφαντῶν
1044 858 1063 935 ἢ
1090 858 1316 937 inclusam}

141 959 402 1037 ἀτιμωθέντα
426 959 478 1023 καὶ
503 961 557 1036 τήν
581 961 686 1026 οὐσίαν
716 957 847 1027 άπασαν
869 963 1102 1042 ἀποβαλόντα,
1135 964 1170 1029 111
1199 962 1318 1031 11111111-

140 1063 209 1129 bris
234 1064 542 1143 ominaomina,
570 1066 653 1152 quotl
679 1086 773 1132 nemo
797 1066 891 1135 facilc
913 1069 1060 1155 recipiet.
1108 1070 1318 1149 Βλαπτίμινιν

141 1190 161 1236 a
191 1172 363 1236 temerario
391 1169 489 1234 sciolo
513 1172 670 1236 insertum
703 1190 773 1238 esso
804 1182 835 1238 et
863 1172 1086 1260 expellendum
1119 1184 1219 1240 acute
1249 1172 1321 1241 vttit

143 1275 336 1341 Badhamus.
382 1275 571 1341 Nesciolmnt
595 1275 742 1343 Graeculi
763 1277 940 1358 ἐμβάλλειν
963 1286 996 1344 et
1015 1280 1209 1358 ἐμπίπτειν,
1234 1278 1322 1360 apo

141 1391 208 1449 λεῖν
232 1391 264 1446 ct
288 1382 446 1459 ἐκπεσεῖν,
470 1380 675 1462 περιβάλλειν
698 1393 805 1456 κακοῖς
829 1391 862 1448 et
885 1391 991 1457 κακοῖς
1020 1383 1322 1465 reputrescunt

143 1507 237 1554 secus
261 1485 321 1550 sibi
346 1488 430 1550 inter
452 1507 486 1551 se
511 1485 702 1572 respondere
722 1506 819 1573 quam
842 1489 982 1555 activum
1005 1498 1039 1554 et
1060 1491 1251 1576 passivum:
1273 1491 1325 1557 ita-

142 1613 206 1682 que
230 1600 266 1658 ut
288 1591 465 1671 ἐμβάλλειν
487 1594 558 1658 τινά
583 1594 626 1666 εἷς
656 1594 693 1659 τδ
717 1595 919 1675 δεσμωτήριον
950 1592 1073 1660 1111111111·
1083 1644 1094 1674 ,
1125 1595 1176 1662 sie
1209 1596 1326 1682 passive

143 1720 207 1766 non
231 1699 443 1778 ἐμβληθῆναι,
467 1697 524 1764 sed
546 1700 695 1777 ἐμπεσεῖν
713 1701 757 1773 είς
780 1701 816 1766 τὸ
836 1701 1038 1780 δεσμωτήριον
1055 1701 1117 1766 ὑπά
1135 1724 1219 1775 τινος
1239 1701 1325 1769 (int-

145 1825 220 1873 cum
250 1812 307 1870 est.
356 1802 439 1882 Quid
465 1813 572 1869 autem
606 1803 705 1870 iacias
728 1803 915 1870 lutilissimo
938 1804 1116 1883 Graeculo,
1149 1806 1207 1892 qui
1232 1826 1326 1892 cunm

144 1914 186 1986 είς
208 1912 411 1989 δεσμωτήριον
434 1909 653 1988 ἐμπεσόντα
676 1912 749 1976 ὑπὸ
781 1918 1027 1992 συκοφαντῶν
1056 1909 1146 1975 nullo
1170 1910 1265 1977 motlo
1283 1932 1326 1978 tt·

145 2037 220 2105 pere
243 2024 349 2102 posset
376 2023 408 2079 et
432 2015 612 2100 requireret
634 2015 763 2101 aliquod
788 2016 993 2102 participium
1020 2016 1168 2101 passivae
1194 2016 1327 2093 torum,

145 2123 232 2190 undo
262 2123 321 2187 ὑπὸ
351 2126 551 2203 συκοφαντῶν
576 2120 749 2204 penderet,
783 2121 864 2185 nihil
899 2119 1001 2186 aliud>
1018 2123 1203 2206 excogitare
1231 2124 1327 2209 potuit

144 2248 240 2317 quam
264 2226 497 2307 βλαπτόμενον.
547 2223 648 2290 Simul
676 2226 783 2311 cogita
804 2246 900 2311 quam
926 2225 1082 2292 absurdae
1114 2226 1327 2314 interpolatio·

144 2355 201 2401 nes
223 2335 320 2399 etiarn
346 2333 378 2397 in
411 2330 641 2396 vetustissimis
675 2330 817 2396 Platonis
851 2330 947 2396 Codtl.
980 2331 1132 2397 lectorem
1169 2331 1327 2399 ludificeo·

145 2449 209 2505 tur.
260 2436 321 2503 Sed
355 2435 449 2503 redeo
481 2435 520 2499 ad
552 2438 709 2513 άτιμῶσαι
738 2444 771 2500 et
799 2434 977 2514 άτιμάσαι,
1000 2455 1083 2521 quae
1106 2443 1139 2501 et
1162 2435 1243 2501 alibi
1268 2435 1326 2503 viti

146 2547 232 2610 inter
263 2561 297 2607 se
327 2541 505 2628 permutari
530 2549 563 2604 ct
594 2539 677 2624 apud
702 2538 947 2605 Demosthenem
984 2559 1054 2625 pag.
1077 2544 1166 2617 425,
1190 2544 1234 2608 8:
1265 2542 1327 2614 τοὺς

146 2651 278 2729 πράτονς
303 2647 537 2725 εἰσαγαγόντος
562 2645 762 2723 άτιμάσατε,
796 2643 849 2709 ulti
881 2646 913 2708 itt
938 2664 1002 2709 uno
1026 2644 1108 2710 libro
1140 2653 1186 2710 esi
1219 2647 1327 2726 άτιμά·

144 2779 245 2831 σατε,
270 2752 324 2818 scd
349 2753 456 2816 statim
483 2759 678 2816 correctum.
727 2749 818 2833 Apud
852 2748 987 2815 cundem
1020 2770 1051 2835 p.
1074 2754 1159 2828 745,
1184 2754 1240 2817 19..
1275 2754 1326 2818 ε’τι-

144 2862 272 2941 μήσατε
296 2867 328 2922 et
351 2859 529 2935 ἠτιμάσατε
557 2853 689 2920 confusa
724 2854 856 2919 videbis.
905 2856 979 2939 l'ag.
1003 2859 1089 2929 255,
1115 2860 1145 2920 P.
1181 2877 1239 2942 pro
1270 2860 1326 2923 άτι·

144 2967 306 3045 μάσαντες
331 2965 363 3028 111
388 2960 461 3026 Cotl.
487 2960 521 3027 0.
546 2959 763 3037 ἀτιμάσαντες
789 2962 947 3045 scriplum
972 2969 1042 3036 usi,
1067 2970 1099 3024 cl
1127 2981 1200 3046 pag.
1230 2968 1326 3038 1547,

149 3077 201 3138 10.
239 3090 295 3156 pro
328 3066 363 3132 ἵν’
400 3067 632 3146 άτιμάσειεν
662 3067 755 3131 αὑτὸν
787 3066 839 3130 καὶ
875 3065 992 3136 παῖδας
1028 3064 1098 3136 τοὺς
1134 3067 1268 3145 ἐκεῖνον,
1301 3070 1326 3133 11

146 3178 268 3264 optimo
294 3172 315 3239 S
342 3182 375 3239 et
406 3173 567 3258 plerisque
594 3172 665 3236 aliis
693 3171 813 3256 legitur
842 3168 890 3236 ἵνα
925 3169 1119 3248 άτιμάσειεν.
1170 3170 1232 3237 Sed
1258 3172 1327 3239 nittt

147 3285 179 3348 in
206 3282 265 3346 ltoc
289 3298 406 3364 genere
433 3276 497 3341 virli
526 3296 677 3361 umquam
707 3276 832 3342 loetlius
857 3296 952 3361 quam
977 3275 1129 3341 ruentlum
1154 3278 1241 3362 qnod
1270 3298 1327 3344 om

146 3408 203 3455 nes
238 3385 342 3450 atlltuc
380 3383 518 3450 Criticos
551 3381 646 3446 clusit
681 3383 712 3446 in
750 3382 901 3447 Isocratis
932 3379 1076 3444 antidosi
1114 3383 1131 3465 §
1160 3387 1234 3449 175.
1282 3384 1330 3449 ‚o'

143 3491 341 3583 philosophia
364 3491 443 3554 ίιοιιο
467 3489 528 3552 cim
552 3487 686 3561 ίιοίνοί,”
711 3489 836 3573 inquit,
872 3498 924 3550 »ut
948 3489 1137 3551 ιἰινοιιίωίεωι
1158 3500 1329 3577 corrumpat

147 3600 271 3670 πάντας
296 3598 425 3660 ἐκποδὼν
458 3596 607 3660 ποιεῖοίαι
643 3596 704 3675 χρή
737 3595 808 3665 τοὺς
840 3593 906 3673 περὶ
937 3594 992 3665 τήν
1024 3594 1186 3673 διατριβήν
1217 3597 1330 3669 ταύτην

146 3706 259 3778 ὄντας·
292 3705 318 3767 εί
355 3704 385 3767 δέ
420 3701 593 3766 τούναντίον
629 3700 769 3780 πέφυκεν
803 3698 854 3769 ὡς
889 3702 1020 3781 ὠφελεῖν
1054 3698 1203 3786 (emenda
1234 3700 1331 3767 ohllet

146 3814 286 3894 πέφυκεν
310 3805 454 3893 ὠφελεῖν)
480 3806 532 3870 καὶ
557 3807 702 3885 βελτίους
727 3815 821 3872 ποιεῖν
847 3807 917 3877 τοὺς
941 3804 1175 3885 πλησιάζοντας
1199 3842 1246 3856 —-
1264 3810 1329 3881 τοὺς

146 3918 203 3996 μὲν
222 3911 488 3994 διαβεβλημένους
515 3913 586 3991 πρὸς
612 3913 709 3985 αὐτήν
732 3912 885 3988 παυςέον,
909 3911 979 3984 τοὺς
1005 3911 1035 3974 δὲ
1059 3918 1330 3993 συκοφαντοῦντας

145 4019 363 4099 άτιμντέον.
413 4015 501 4082 Satin
530 4014 735 4083 manifestum
768 4018 881 4081 uitium
908 4036 979 4082 csse
1013 4015 1165 4082 ridetur?
1213 4017 1332 4084 Isocra·

146 4136 195 4193 tes
229 4146 290 4190 non
325 4123 428 4208 magis
458 4121 554 4187 rerlro
585 4123 704 4200 άτιμοῖν
737 4123 782 4187 uti
817 4124 921 4208 potuit
956 4140 1053 4206 quiam
1082 4124 1136 4188 τίω
1164 4143 1223 4210 pro
1256 4131 1332 4204 τιμῶ

147 4241 203 4299 ant
226 4232 320 4312 άτίζοι
351 4250 407 4314 pro
430 4227 599 4308 άτιμάζοι,
626 4236 681 4292 aul
702 4236 869 4308 χραισμεῖν
895 4247 952 4312 pro
976 4231 1110 4309 ὠφελεῖν
1139 4238 1196 4294 aut
1224 4230 1333 4295 πίλνα·

146 4363 204 4420 μαι
237 4358 296 4423 pro
326 4335 497 4417 πλησιάζοι.
548 4334 608 4400 Sed
644 4332 692 4399 lac
723 4335 886 4419 potuisse,
923 4332 1000 4418 quill
1032 4352 1151 4419 quaeso
1183 4346 1229 4400 cst
1264 4337 1335 4409 τοὺς
