2940 5010
718 241 783 303 586

151 436 222 482 esse
255 418 436 483 ἀποκτενεῖν
470 412 574 501 polam
603 422 663 480 est.
709 413 862 481 Grossauo
892 422 943 480 ost
965 432 1006 479 en
1039 413 1126 483 inires
1148 418 1354 502 gravissime,

152 521 185 586 in
210 521 301 588 iibris
331 519 550 609 Tiruoydideis
578 528 610 586 et
638 521 769 608 seriptis
792 527 825 586 ει
848 518 945 585 edilis
967 539 1044 587 cum
1076 542 1193 610 magno
1217 525 1342 591 incom-

151 627 246 693 modo
264 648 375 694 eorum
401 627 456 713 qui
481 627 578 693 eiiam
600 626 634 691 in
658 625 777 694 talibus
808 625 1034 691 anctoritatem
1067 626 1225 696 librorum
1250 648 1340 697 rere·

151 741 275 798 rentur.
322 732 442 820 Nempe
467 753 528 799 non
555 740 679 799 ionium
705 733 746 798 iis
766 729 962 797 credendum
989 739 1039 797 est
1068 733 1207 820 perbene
1229 733 1341 813 dioisi

150 836 250 918 ζῶντα
281 836 367 915 ἀξειν
398 840 416 917 ἢ
446 840 638 906 ἀποκτείνειν
660 837 708 903 vcl
731 840 934 912 ἀποκτεῖναι,
967 834 1022 903 sed
1054 839 1152 905 etium
1181 839 1236 907 lv.
1265 843 1343 909 120.

151 943 324 1025 τρέψασθαι
348 953 380 1011 ei
403 946 562 1011 διασύσειν
586 941 752 1010 commode
775 942 928 1028 coniungi
952 950 985 1009 ei
1007 944 1242 1027 τρέψασθαι
1266 948 1344 1028 πρὸς

147 1049 183 1113 τὸ
214 1049 347 1115 έλασσον
371 1069 428 1137 pro
460 1050 631 1131 τραπέσθαι
663 1047 744 1114 nihii
769 1045 1027 1133 reprehensionis
1058 1048 1186 1117 habere.
1232 1050 1342 1119 iidem

149 1164 355 1242 concoquunt
376 1155 429 1221 vl.
456 1158 509 1220 δέ.
534 1159 551 1233 ἣ
576 1154 763 1236 ἀποτρέψειν
783 1191 827 1206 —-
847 1153 864 1230 ii
888 1153 1084 1233 ἐκπλεῦσαι,
1107 1154 1246 1241 quinon
1272 1164 1342 1223 inm

151 1257 233 1325 duro
257 1259 423 1327 stomacho
450 1268 528 1325 suni
559 1267 715 1346 reponunt
745 1257 858 1338 μάλιτ’
892 1257 956 1348 (ἀν)
981 1256 1075 1334 ούτας
1101 1261 1261 1344 ἀσφαλῶς
1292 1263 1345 1329 έκ-

148 1372 297 1432 σλεύσαι.
346 1364 431 1434 Nihil
452 1386 506 1432 eos
531 1364 662 1432 offendi!
686 1363 740 1429 111.
765 1369 819 1430 46.
843 1365 1144 1446 ταρασκευάσασθαι
1167 1402 1211 1415 ·-
1236 1390 1343 1451 παρα·

148 1474 300 1538 τενεῑσίαι
334 1492 392 1559 pro
424 1471 718 1553 παρασκευάσεσθαι
747 1488 916 1556 perperam
940 1471 1093 1556 posiiunr.
1140 1470 1269 1539 Faciles
1292 1472 1345 1541 Ie·

150 1585 227 1640 runi
255 1579 291 1644 V.
318 1581 371 1643 22.
402 1579 456 1644 ούκ
486 1576 613 1660 ἔφασαν
639 1572 808 1652 δέξασθαι,
839 1574 929 1642 etv.
955 1581 1009 1643 50.
1045 1577 1215 1655 μέλλοντες
1247 1580 1346 1647 σπεί-

148 1683 282 1759 σασθαι,
310 1692 340 1750 oi
363 1683 415 1749 lv.
437 1687 491 1749 uc.
523 1681 725 1747 κακύσειν-
739 1683 969 1763 χειρώσασθαι,
992 1692 1024 1748 ei
1045 1683 1097 1748 iv.
1122 1687 1177 1751 80.
1208 1684 1345 1768 ἤλπιζον

147 1787 347 1872 ἀποτρέψαι,
372 1789 455 1875 quod
480 1785 601 1873 duplici
631 1785 709 1850 vicio
737 1785 862 1851 laboral
886 1805 1025 1873 namque
1049 1808 1160 1855 serum
1185 1799 1236 1856 est
1259 1794 1345 1857 ἀσα-

150 1894 292 1976 τρέψειν,
318 1903 349 1961 ci
373 1894 442 1961 Vll.
467 1896 521 1958 ἀί.
554 1890 690 1973 ἐλπίζειν
723 1890 1001 1972 κατεργάσασθαι,
1029 1901 1062 1959 ei
1086 1893 1137 1959 vl.
1161 1898 1215 1961 24.
1248 1896 1348 1965 οίσειν

149 1999 202 2064 καί
231 2000 502 2081 προσκτήσασθαι,
537 2006 570 2064 ei
594 1996 647 2063 vl.
674 2000 727 2062 42.
760 1999 929 2077 ύρμιεῑσίκί
959 2022 994 2063 τε
1026 1999 1080 2065 καί
1114 2002 1346 2080 §paroman-

148 2108 239 2183 σθαι,
260 2114 294 2172 ci
319 2106 402 2172 Vlll.
430 2110 482 2171 75.
516 2097 616 2182 ἦμῖιν
639 2102 927 2183 δνμοκρατύσεσίαί
946 2127 982 2167 τε
1004 2103 1056 2169 καί
1085 2104 1262 2181 ὁμονοήσειν
1283 2112 1344 2176 καὶ

147 2213 256 2277 τθν--
269 2212 405 2290 πόλεμον
423 2209 579 2290 προθύμως
601 2208 720 2274 διοίσειν
738 2206 790 2272 καί
818 2221 881 2280 τοῖς
909 2210 1117 2289 τετρακοσίοις
1139 2210 1286 2291 πολέμιοί
1304 2240 1345 2283 τε

145 2314 272 2381 ἔσεσθαι
302 2316 355 2381 καί
381 2316 463 2381 οὐδὲν
495 2313 868 2394 ἐπικηρυκεύεσθαι,
900 2312 1016 2397 ecquid
1047 2334 1116 2381 csse
1139 2322 1247 2403 potest
1271 2340 1346 2387 ccr-

146 2423 213 2485 iius
249 2440 344 2506 quam
380 2419 669 2500 έπικαρνκεύσεσθαι
703 2419 880 2503 gerruinom
913 2418 1009 2483 ossei
1057 2420 1159 2487 Habet
1191 2421 1343 2510 niiqnnm

145 2526 274 2592 venium
305 2525 486 2591 scribarum
511 2543 601 2589 error
623 2522 678 2589 lv.
707 2527 780 2587 1⁶27.
813 2523 995 2601 νομίσαντες
1018 2526 1151 2606 Φεύγειν
1173 2550 1209 2592 τε
1242 2531 1345 2597 αὐτὸν

144 2633 197 2697 καὶ
229 2630 470 2710 καταλαβθντες
495 2630 696 2711 διαφθείρειν,
727 2627 781 2693 sed
807 2626 1014 2695 manifestum
1049 2639 1156 2698 iernen
1189 2642 1241 2701 esi
1272 2636 1343 2703 δια-

145 2741 300 2821 φθερεῑνε
320 2734 509 2823 Thucydide
527 2754 596 2800 esse
616 2735 786 2819 scriptum.
818 2733 870 2797 urs
887 2732 996 2799 eadem
1021 2734 1108 2801 lebes
1129 2735 1244 2805 iniecit
1264 2760 1342 2827 pur-

142 2843 292 2929 iioipium
316 2841 372 2909 IV.
396 2844 438 2906 92
463 2847 495 2906 ei
519 2844 583 2916 95,
609 2837 662 2903 uhi
684 2837 776 2904 iaciie
796 2836 918 2923 patebit
942 2859 1053 2905 verum
1074 2861 1144 2907 esse
1162 2845 1238 2924 πρὸς
1262 2847 1339 2919 τοὺς

143 2952 188 3030 μέν
216 2946 442 3029 ἀμυνουμένους
471 2944 608 3019 ἐπιόντες
639 2953 671 3009 ci
700 2941 950 3016 ἀντικατέενσαν
980 2945 1050 3018 τοὺς
1081 2949 1339 3029 ἀμυνουμένους,

139 3075 244 3142 quum
267 3051 439 3138 utrobique
463 3049 612 3117 mendose
633 3047 842 3127 ἀμυνομένους
868 3045 1002 3133 legator.
1051 3049 1246 3121 Simiilinrus
1272 3055 1335 3124 Xe·

140 3158 344 3246 -nophorueo,
372 3155 411 3223 de
435 3175 499 3242 qno
518 3154 626 3220 dicere
653 3154 877 3229 instituimus,
911 3153 1000 3219 iocus
1022 3164 1072 3222 esi
1095 3158 1118 3225 1.
1144 3162 1198 3225 δύ.
1230 3169 1334 3243 πραεῖ-

139 3289 200 3330 ττον
219 3263 417 3337 -ἀπιέναι,
441 3263 468 3326 εί
492 3262 523 3327 δὲ
547 3261 592 3339 μέν
613 3263 652 3333 ὥς
681 3259 840 3338 πολεμίοις
865 3261 1065 3341 χρήσασθαι,
1091 3282 1173 3349 quae
1194 3273 1229 3331 ei
1263 3267 1336 3353 ipsu

143 3367 341 3455 perabsurda
374 3367 613 3452 scriptumest
646 3384 702 3450 pro
725 3367 906 3447 χρήσεσθαι.
954 3364 1075 3433 Eadem
1103 3367 1250 3437 eiusdem
1285 3392 1336 3439 er·

141 3475 229 3539 roris
252 3472 432 3557 frequentia
452 3480 500 3537 esi
523 3477 555 3536 ei
575 3468 660 3555 opud
681 3468 769 3534 alios.
818 3471 855 3535 ln
879 3470 1020 3537 Platonis
1044 3474 1122 3562 Rep.
1143 3475 1182 3542 Χ.
1209 3480 1333 3562 pddi.

140 3582 181 3646 u.
206 3578 238 3643 in
267 3576 358 3641 libris
379 3583 444 3642 esi:
477 3576 602 3656 πθτερον
622 3577 746 3654 μάλλον
771 3577 865 3641 αὐτὸν
887 3575 941 3642 οίει
968 3587 1008 3661 τῇ
1036 3580 1122 3663 λύπῃ
1150 3584 1334 3664 μαχεῖσθαί

136 3709 179 3750 τε
200 3682 252 3748 καί
272 3682 530 3758 ἀντιτείνειν,
556 3677 630 3746 ὅταν
654 3680 761 3760 ύράται
786 3682 845 3747 ὑπὸ
866 3688 926 3747 τῶν
945 3683 1054 3761 ὁμοίαν
1078 3682 1189 3762 ἣύταν
1210 3689 1243 3755 έν
1262 3689 1334 3772 dpu-

140 3790 203 3874 μίρι
238 3787 356 3877 [μένος]
380 3786 474 3859 αὐτὸς
496 3789 564 3851 καθ’
585 3787 679 3851 αὑτὸν
699 3787 874 3866 νίνννταις
902 3789 955 3856 ubi
976 3800 1054 3857 suut
1073 3793 1130 3877 qui
1149 3795 1332 3862 ἀντιτείνειν

139 3893 265 3962 seruari
301 3911 393 3978 posse
415 3898 539 3978 pulani.
587 3892 649 3972 Qui
676 3894 844 3959 ἀντιτενεῑν
875 3897 1020 3963 senliunt
1055 3898 1177 3983 requiri
1205 3898 1332 3967 uanum

144 3999 224 4067 mihi
250 3999 339 4077 μένος
371 4016 441 4064 esse
475 3995 734 4083 expungendum.
789 3999 881 4087 Apud
922 4001 1165 4089 Xenophonlem
1202 4024 1331 4093 quoque

136 4111 323 4173 ἀποκτενεῖν
346 4102 582 4170 emendandum
606 4110 675 4181 esi,
699 4104 752 4170 sed
775 4108 871 4173 etiem
891 4108 979 4174 aliud
1004 4107 1156 4175 nuendum
1182 4111 1332 4197 suspicor

25 4233 27 4237 ·
140 4216 174 4278 in
188 4211 298 4279 eodem
320 4209 389 4275 ioco
408 4227 464 4274 nos
484 4206 656 4274 ludificari.
678 4208 798 4297 Nempe
810 4215 866 4300 qui
878 4214 1086 4282 Leoniiadanr
1100 4226 1331 4302 oppresserunt

133 4317 277 4384 onereris
302 4317 344 4381 ilo
374 4321 586 4401 pepercerunt
609 4322 646 4379 ui
669 4313 828 4384 dicerem:
854 4322 871 4395 ἡ
895 4321 952 4397 μὲν
978 4322 1052 4401 θύρα
1084 4320 1279 4405 κεκλείσθυ,
1303 4322 1329 4387 εί
