2940 5010
660 226 723 273 xxu

104 415 203 483 aequo
234 397 341 461 animo
373 393 459 468 lero.
494 392 520 459 si
543 391 724 480 petulanter
755 401 788 460 et
816 399 963 480 proterve
992 400 1093 480 agunt
1127 388 1215 459 rideo
1250 398 1288 457 et

103 525 287 594 contemno,

281 637 317 701 τὸ
340 634 403 716 γὰρ
426 632 571 713 ὀξύθυμον
594 638 683 699 τοῦτο
707 632 759 701 uel
783 634 854 699 λίοον
877 634 982 716 reseda

282 756 386 836 δεῖγμ’
409 754 472 824 ectu
495 755 582 828 εὐθὺς
605 758 684 820 τοῖον
707 757 930 836 μικροψυχίας.

102 885 138 942 ιιι
161 876 332 943 Menander
363 874 445 942 dixit
467 882 499 940 et
521 875 606 939 vitae
636 893 713 941 usus
737 874 915 941 confirmat.
965 872 1062 941 Probe
1092 874 1159 943 seio
1182 890 1286 961 quarn

102 997 180 1063 nihil
205 995 331 1063 valeant
350 993 518 1061 maledicta
541 1001 572 1061 et
596 994 754 1072 convicia,
779 993 895 1081 quibus
915 1014 1009 1060 nemo
1028 994 1133 1060 utitur
1153 1001 1289 1079 praeter

102 1138 154 1184 eos
178 1119 233 1203 qui
265 1114 345 1182 nihil
377 1113 463 1181 aliud
496 1113 613 1181 habent
636 1114 720 1200 quod
751 1112 870 1181 dicant.
917 1114 1129 1182 Verissimum
1161 1120 1210 1179 est
1232 1132 1289 1181 ma

102 1236 208 1303 iudice
243 1235 326 1322 quod
362 1233 525 1301 Philemon
567 1234 648 1302 dixit
690 1234 793 1324 (apud
826 1234 988 1303 Plutarch.
1024 1236 1062 1301 do
1095 1234 1167 1300 eud.
1201 1242 1288 1322 poet.

105 1379 133 1444 p.
153 1363 205 1425 55.
230 1356 267 1423 lt.
294 1364 326 1423 et
350 1352 522 1422 Stobaeum
552 1355 585 1423 iu
608 1354 718 1422 Floril.
743 1355 825 1422 xlx.
852 1356 902 1444 t):

326 1477 403 1555 ἥδιον
426 1477 507 1543 οὐδὲν
530 1477 596 1545 οὐδὲ
619 1477 837 1557 μουσικώτερον

324 1595 390 1663 ἔστ’
413 1597 430 1673 ἢ
455 1596 601 1664 δύνασθον
624 1599 843 1678 λοιδορούμενον
866 1598 978 1681 φέρειν.

100 1716 215 1787 deindo
236 1715 358 1784 addidit
384 1715 504 1803 aliquid
527 1726 620 1805 poeta
642 1717 767 1805 lepidus
789 1727 822 1784 st
844 1738 950 1786 rnores
971 1717 1137 1787 loominum
1160 1719 1286 1805 optimo

99 1845 284 1927 perspectos
309 1834 442 1914 habens,
465 1835 550 1923 qued
578 1855 676 1923 quam
700 1838 743 1903 sit
765 1857 877 1904 verum
903 1857 1143 1925 nonnumquam
1167 1840 1285 1927 etipse

98 1963 130 2027 in
155 1960 228 2025 sinu
252 1955 362 2023 ridens
384 1966 535 2043 expertus
558 1975 640 2025 sum.
690 1957 768 2024 Vide
789 1957 822 2024 id
843 1957 928 2045 apud
952 1959 1068 2044 insnum.
1112 1958 1283 2027 Abstinea-

98 2101 171 2148 mus
195 2079 297 2166 igitur
320 2098 433 2145 censeo
456 2076 575 2145 odiosis
598 2078 897 2157 criminationibus,
922 2098 1004 2164 quae
1023 2077 1068 2144 nil
1093 2077 1216 2147 iaciunt
1241 2079 1282 2149 ad

97 2222 164 2268 rem
186 2209 220 2266 et
240 2201 399 2267 nominem
426 2207 553 2265 movent
574 2206 606 2266 et
629 2198 815 2265 auctoribus
838 2200 907 2265 suis
931 2200 962 2264 in
989 2199 1095 2286 capito
1116 2198 1280 2268 recidunt.

98 2318 261 2407 Quidquid
285 2326 427 2385 erratum
450 2337 469 2385 a
492 2336 695 2405 quocumque
717 2328 766 2385 est
790 2338 906 2406 magua
938 2339 1011 2386 cum
1042 2319 1189 2388 libertate
1212 2341 1281 2389 om·

99 2464 155 2511 nes
177 2441 431 2526 redarguamus,
455 2439 551 2505 etiam
577 2440 718 2517 aeriter,
743 2441 770 2506 si
795 2441 849 2508 oui
873 2441 918 2507 ita
937 2439 1062 2527 placet,
1085 2443 1279 2520 autiocose.

96 2568 122 2631 si
149 2565 223 2650 quis
245 2571 295 2629 est
318 2560 446 2646 ingenio
468 2559 622 2639 hilarior,
646 2580 757 2628 rerum
780 2561 969 2629 obtrectatio
992 2561 1098 2642 absit,
1123 2562 1207 2629 absit
1230 2565 1281 2631 in·

96 2684 182 2752 vidia
205 2690 237 2750 et
258 2680 377 2747 odium.
424 2679 625 2768 Exprobrare
648 2680 730 2747 mibi
752 2700 851 2748 ausus
873 2691 922 2748 est
942 2680 1060 2770 aliquis
1082 2682 1166 2769 quod
1198 2683 1277 2751 Badr

96 2807 192 2873 hamo
217 2803 325 2870 neseio
348 2821 445 2888 quam
467 2803 698 2870 correctionem
723 2799 810 2870 lurlo
828 2802 1041 2890 sublegerim‚
1060 2812 1092 2870 et
1116 2807 1271 2892 suspican'

96 2946 131 2995 se
160 2926 242 2994 dixit
273 2922 382 3012 plures
414 2922 493 2990 olias
522 2922 760 2993 emendationes
788 2922 908 2991 alienas
940 2944 993 2991 ure
1025 2924 1190 2993 uenditare
1218 2946 1259 3013 pr

95 3050 186 3117 meis.
234 3046 337 3128 Quam
356 3053 390 3113 tu
411 3046 480 3132 ipsc
502 3046 599 3113 istum
621 3045 783 3115 homiuem
804 3052 1007 3124 contemnes,
1031 3048 1077 3112 mi
1096 3046 1253 3118 badbams

94 3172 122 3238 si
147 3167 274 3256 quando
296 3167 375 3234 haee
392 3166 489 3253 leges.
537 3166 626 3234 Nosti
651 3166 730 3233 illud
753 3165 919 3233 hominum
941 3187 1043 3255 genus
1067 3169 1150 3256 quod
1174 3189 1242 3257 quu

97 3293 128 3357 in
159 3288 250 3357 ltalia
281 3308 345 3355 uua
369 3308 511 3354 essemus
543 3290 670 3375 saepius
698 3290 842 3356 straviter
873 3289 1016 3357 risimus.
1064 3289 1237 3358 Graviusr

95 3416 272 3479 commovet
307 3406 389 3498 quod
431 3406 471 3473 ad
506 3406 665 3475 Gleaeneti
705 3407 881 3476 versiculos
921 3409 1008 3498 apud
1044 3409 1131 3479 Stob.
1167 3412 1229 3479 Plo·

96 3530 202 3601 xulx.
228 3534 265 3598 b:

273 3648 359 3727 λύτο
381 3649 445 3732 γὰρ
468 3650 542 3733 ὀργή
565 3649 595 3715 τ’
618 3650 662 3722 οἷς
685 3645 739 3715 ἔνο
761 3653 871 3731 ψυχῆς
894 3649 986 3717 τόπον

274 3771 403 3843 ἐλθόντα
426 3771 525 3852 μονον
547 3779 611 3846 τοῖς
635 3768 741 3853 ἔχοντο
765 3770 935 3850 γίγνεται,

96 3892 273 3962 llcioelrius
307 3912 402 3960 senex
441 3889 633 3958 uenerabilis
667 3892 851 3959 annotavit:
893 3890 1039 3959 nrimutot
1075 3891 1193 3959 Cobotm

97 4016 172 4084 boec
195 4037 256 4083 non
278 4013 475 4101 intelligere,
505 4014 656 4080 nimirem
677 4023 711 4079 ut
734 4012 941 4080 coniecturam
967 4024 1124 4101 promeret
1148 4019 1188 4102 so.

96 4159 170 4206 rone
189 4149 219 4206 et
242 4137 411 4225 eloquentem
435 4134 556 4203 ἐλθόντε
579 4137 696 4219 naulae
719 4174 763 4189 --
786 4137 944 4215 τίκτετον,
977 4135 1032 4203 red
1055 4157 1113 4204 nou
1138 4159 1172 4205 nr
