2940 5010
726 279 793 342 752

169 452 236 519 lum
262 450 376 517 vitium
401 469 438 515 cx
463 447 640 537 Hesychio:
665 450 776 531 ἁθρόος
801 451 886 518 eninr
913 458 1068 539 corrupta
1101 452 1262 541 scriptura
1281 464 1339 539 ut,

168 559 275 630 εὐθέως
299 553 489 629 emendata,
513 563 548 622 ut
572 555 682 621 statim
707 557 740 622 in
765 557 904 622 vicinia:
936 558 1181 640 Παραψίδες
1204 562 1224 639 ἢ
1245 586 1338 645 πορν·

167 667 296 746 ψίδεςε
320 662 362 727 τοὶ
383 660 517 741 μεγθλα
541 661 697 741 τρυβλία·
723 661 812 728 villos
836 663 923 729 enim
944 665 1124 747 rrapoeprhec
1148 664 1246 732 nihili
1264 686 1339 737 τοτα·

167 769 279 836 bulmu
303 787 321 833 a
342 767 449 832 nescio
473 785 536 852 quo
561 773 745 832 correctum
769 785 840 833 esse
863 767 896 832 in
924 770 1115 851 παροψίδες,
1140 770 1276 851 deinde,
1302 774 1340 841 uti

167 875 225 951 bt,
251 882 421 959 utramque
444 872 639 957 scripturam
671 872 877 938 coniunctam
907 893 988 941 esse.
1036 873 1116 943 Sina
1142 874 1261 943 mendo
1283 876 1340 945 Sui·

167 980 244 1047 das:
269 985 551 1059 Παραχρῆμαι
576 977 776 1057 παραυτίκα,
802 977 919 1053 εὐθέος.
967 979 1139 1047 Mirarisne
1165 982 1284 1061 eliam,
1307 984 1340 1049 ti·

167 1085 242 1151 cubi
272 1092 471 1165 παραχρῆμα
507 1082 668 1168 legeretur
703 1083 876 1151 Graeculos
909 1104 1004 1151 suum
1043 1087 1133 1161 εθίθς
1167 1086 1217 1153 rel
1250 1088 1340 1163 εὖίίικ

165 1192 319 1258 continno
351 1188 555 1255 adscribere?
602 1189 797 1276 corruptum
821 1190 932 1271 οὶθρίονο
955 1188 1043 1277 apud
1071 1190 1274 1279 Hesychium
1293 1190 1340 1259 al·

165 1304 274 1362 monet
299 1313 351 1358 nnc
368 1291 430 1358 loci
452 1294 588 1361 ridicule
608 1295 752 1382 corrupti
776 1294 860 1381 apud
882 1295 1055 1361 Diorlorum
1083 1294 1339 1367 Siciliane

166 1400 205 1466 tle
229 1398 394 1484 Ephialte:
418 1401 452 1464 οὐ
475 1402 536 1476 μην
561 1399 698 1481 οὶθρθινς
724 1424 765 1479 γε
786 1400 917 1483 διέφυγε
938 1402 1132 1478 τηλικούτοις
1154 1404 1340 1485 incuriam

163 1504 413 1584 ἐπιβαλόμενος·
437 1524 500 1568 non
531 1524 644 1570 vereor
671 1507 756 1571 enim
782 1526 822 1572 ne
846 1507 921 1593 quis
943 1505 1024 1572 mibi
1049 1506 1246 1594 cbthcamr
1266 1528 1341 1597 repe

164 1610 274 1676 nenti:
299 1612 331 1674 οὐ
352 1610 414 1688 μην
435 1611 538 1692 alipii
546 1635 561 1684 ς
585 1634 625 1688 γε
647 1611 798 1694 διέφυγε,
822 1631 885 1696 quo
914 1610 1066 1677 vocabulo
1086 1631 1146 1699 pro
1168 1612 1341 1695 ἑζιίμιοιοῑ

161 1714 218 1781 alii
251 1715 369 1802 passim
414 1725 551 1781 utuntur
586 1724 618 1781 et
653 1717 721 1801 ipse
756 1715 914 1782 Diodorus
939 1716 1022 1782 XIV.
1049 1721 1103 1783 to.
1138 1720 1260 1801 ἀθῷος
1292 1727 1340 1787 νῦν

161 1820 399 1903 ἀσεβημάτων,
424 1829 456 1887 et
479 1820 592 1887 XVlll.
618 1826 671 1888 59.
695 1824 819 1904 οἱθῷον
842 1823 1017 1906 σίφεικθτας
1041 1830 1099 1900 τῆς
1122 1827 1339 1907 τιμωρίας,εί

163 1929 235 1995 XX.
261 1931 316 1995 bl.
342 1929 465 2008 θρῶντει
489 1926 637 2009 οὶθῴονς
661 1926 858 2006 γεγονότας,
882 1936 915 1994 el
936 1925 1023 1993 alibi.
1071 1928 1166 1995 Nune
1186 1930 1228 1997 oti
1249 1934 1338 2000 Xeno·

161 2034 313 2120 phontem
335 2040 489 2097 revertor.

206 2138 241 2205 ln
266 2158 336 2224 cap.
359 2137 412 2203 lX.
439 2141 469 2202 l.
494 2134 605 2203 ἕπεται
626 2149 665 2221 τῇ
686 2139 781 2221 αρετῇ
803 2138 951 2221 σώζεσθαι
973 2177 1018 2191 -—
1042 2142 1170 2220 μᾶλλον
1193 2142 1213 2220 ἢ
1235 2151 1275 2225 τῇ
1291 2166 1338 2209 ιιι·

159 2245 233 2329 alp,
264 2261 379 2309 revoca
404 2243 622 2308 necessarium
655 2243 829 2310 articulum
857 2244 917 2334 (τὸ)
949 2244 1119 2327 σώζεσθαι,
1149 2254 1185 2314 et
1212 2249 1245 2314 in
1275 2251 1336 2334 §h

160 2350 302 2417 rescribe
336 2346 483 2429 οὶγοροίζει
520 2348 551 2413 δὲ
587 2349 618 2412 έν
652 2350 783 2431 ταθτξο
818 2351 832 2414 θ
865 2352 959 2423 κακὸς
992 2352 1124 2434 τάγαθῷ
1157 2373 1218 2439 pro
1241 2354 1273 2419 έν
1302 2356 1338 2436 τι]

158 2459 254 2538 αὐτῷ.

205 2562 322 2626 Mirum
354 2567 404 2625 est
432 2560 619 2625 etiamnunc
652 2558 856 2625 circumferri
888 2558 1097 2627 manifestum
1126 2562 1281 2631 mendum
1310 2565 1337 2631 ir
1381 2568 1383 2573 '

159 2668 198 2734 X.
227 2671 253 2731 1.
287 2665 338 2730 ἐπὶ
368 2666 432 2744 γθορ
455 2668 497 2747 τῷ
521 2665 653 2745 τέρματι
687 2672 741 2730 τοῦ
772 2667 843 2744 βίον
879 2668 933 2741 την
969 2668 1065 2749 κρίσιν
1097 2677 1154 2744 τιῑς
1189 2670 1336 2751 γεροντίατ

158 2773 349 2855 προσθείς
382 2773 446 2836 κσὲ.
473 2790 611 2855 namque
639 2772 757 2851 προθείς
781 2770 880 2836 scribi
904 2781 1051 2857 oportere
1075 2772 1183 2860 palam
1206 2786 1277 2853 est,
1298 2774 1336 2841 il·

158 2900 221 2966 que
249 2876 324 2944 olirn
352 2875 563 2942 Lourrclarius
590 2878 701 2964 reponi
733 2877 850 2953 iussit,
883 2877 937 2943 setl
963 2897 1057 2943 nemo
1081 2889 1170 2945 recte
1204 2881 1337 2949 monenti

157 2986 367 3069 obtemperat.
415 2982 495 3063 Quis
520 2983 622 3048 nescit
646 2982 703 3059 ποθ
726 2990 758 3047 et
781 2983 855 3063 πρθς
880 2983 912 3047 in
942 2983 1048 3049 verbis
1070 2986 1260 3071 compositis
1279 3004 1336 3073 per·

157 3098 255 3178 petuo
286 3091 369 3154 inter
397 3108 431 3153 se
463 3088 666 3172 permutari?
714 3087 827 3173 ltaque
858 3097 930 3153 ulra
963 3090 1005 3152 sit
1032 3089 1151 3176 ubique
1184 3093 1337 3178 scriptori

155 3198 263 3262 uerior
283 3215 321 3260 eu
338 3194 495 3279 cuiusque
517 3193 577 3259 loci
599 3193 758 3259 sententia
779 3202 809 3259 cl
835 3213 893 3258 usu
917 3193 1086 3279 loquentli,
1113 3215 1176 3259 non
1199 3215 1239 3262 ex
1256 3196 1338 3263 librir

156 3298 418 3367 constituendum
443 3307 500 3363 est.
550 3298 634 3379 Quid
664 3308 773 3365 autern
806 3301 928 3365 certius
960 3310 1010 3365 est
1033 3320 1131 3386 quam
1155 3304 1254 3383 κρίσιν
1276 3326 1336 3385 τρο-

156 3408 291 3479 πιθέναι,
323 3406 469 3485 προύτέθη
501 3406 619 3486 κρίσις,
650 3405 774 3486 κρίσεως
809 3406 1002 3486 προτεθείσης
1024 3407 1056 3470 in
1083 3406 1140 3472 tuli
1172 3416 1264 3474 recl
1293 3408 1338 3475 tle·

155 3513 231 3579 bere
253 3510 315 3576 clici
340 3519 372 3576 et
396 3510 519 3576 solere?
570 3510 669 3577 Vetus
690 3510 749 3576 hoc
771 3510 923 3576 menrlum
949 3509 1152 3597 Xenophonti
1178 3511 1339 3579 inolevisse

155 3626 288 3705 apparet
317 3636 356 3681 cx
389 3613 475 3680 Stob.
510 3615 618 3681 blant.
642 3623 704 3693 40,
730 3621 794 3694 44,
826 3615 880 3681 ubi
914 3616 1065 3683 Nicotaus
1099 3617 1339 3709 (llarnascenns)

153 3725 222 3807 περὶ
247 3725 315 3788 ἐθῶν
344 3741 382 3787 en
407 3719 467 3785 hoc
492 3722 560 3807 ipso
585 3721 805 3808 Xenophontis
833 3721 939 3788 libello
970 3722 1122 3788 nonnulla
1155 3725 1190 3789 iu
1216 3724 1338 3791 brevius

154 3836 319 3899 contracta
350 3826 532 3912 excerpsit,
565 3827 597 3891 in
631 3827 748 3913 quibus
773 3836 805 3893 ct
838 3828 916 3893 baec
949 3836 1045 3893 sunt:
1081 3830 1213 3912 αἰσχρὸν
1237 3833 1264 3897 δ’
1298 3830 1339 3901 lei

154 3939 257 4004 δειλῶν
283 3933 421 4022 (corrige
444 3932 545 4020 δειλῷ)
570 3934 716 4007 σύσκηνον
737 3935 754 4008 ἢ
779 3937 1008 4013 σνγγομναςην
1030 3936 1046 4011 ἢ
1071 3934 1164 4017 Φίλοκ
1187 3936 1338 4015 γενέσθαι.

154 4042 239 4132 (ritlc
263 4039 317 4104 lX.
343 4037 386 4125 4.)
421 4039 516 4118 κρίσις
541 4040 572 4105 δὲ
595 4050 667 4113 ταῖς
690 4040 862 4120 γεροντίαις
886 4039 937 4104 ἐπὶ
967 4042 1009 4120 τῷ
1033 4039 1167 4120 τέρματι
1192 4046 1247 4106 τοῦ
1272 4044 1338 4123 βίον

152 4146 397 4230 προστίθεται
432 4152 496 4218 τοῖς
531 4170 567 4210 τε
594 4143 627 4210 εὖ
660 4146 677 4222 ἢ
709 4153 810 4220 κακῶς
845 4145 985 4228 ζήσασιν.
1043 4143 1141 4211 Vides
1173 4145 1339 4216 Nicolaum

151 4250 370 4339 Xenophontis
389 4250 495 4316 locum
517 4251 650 4316 minime
675 4251 871 4318 intellexisse
892 4262 923 4318 ct
945 4252 1053 4318 nescio
1074 4271 1157 4339 quas
1178 4257 1338 4336 γεροντίοις

152 4360 349 4434 somniasse,
375 4355 492 4442 quibus
516 4357 600 4423 ritae
621 4358 762 4424 rationes
791 4357 970 4425 reddendas
996 4356 1105 4425 luisse.
1155 4358 1340 4447 byrrirgnm
