2940 5010
759 272 824 335 466

206 445 354 532 ερατιιίν,
378 442 435 512 sed
456 444 614 521 ἐδέδισαν,
638 443 672 509 in
692 464 757 532 que
780 445 883 511 torma
907 443 1027 532 uhique
1048 443 1252 533 depravanda
1282 456 1316 514 et
1343 445 1398 513 oh

206 551 368 622 scuranda
398 548 523 617 scribae
556 568 668 617 ornnes
698 548 800 616 vetuti
822 551 1009 617 coniurasse
1040 547 1203 619 videntur.
1262 550 1399 621 Veteres

205 679 269 749 qua
297 655 400 724 solent
425 656 606 722 constantia
628 653 778 722 dicebant
800 674 913 722 omnes
934 656 1077 736 δίδιμιν,
1098 656 1216 737 δίδισε,
1237 658 1399 738 δεδίασιν,

204 772 238 831 et
260 763 417 841 εδέδιμεν,
440 760 552 827 ἐδέδισε
574 769 606 827 ct
629 760 787 840 ε’δθδισαν,
812 769 846 828 et
864 762 898 827 in
918 762 1110 849 imperativo
1130 762 1242 843 δίδιθι,
1264 764 1398 840 δεδίτιι,

203 870 313 936 δέδιτε.
359 864 479 933 Iisdem
503 863 618 932 formis
640 873 781 933 utuntur
797 875 912 954 poetae
934 867 1135 954 antiquiores
1157 868 1207 937 sie
1227 878 1265 935 nt
1289 869 1324 935 in
1350 889 1401 936 re·

205 970 422 1060 duplicatione
445 990 567 1057 sempor
589 969 808 1059 diphthongus
831 973 876 1038 sit
897 973 1048 1053 δείδιμεν,
1070 973 1204 1052 δείδιτε,
1225 974 1402 1055 ίδείδιμεν,

209 1080 359 1156 ἕδείδιτε,
395 1076 566 1154 ἐδείδισαν,
600 1077 701 1144 δείδιθι
735 1085 768 1144 et
791 1078 911 1146 δείδιτε.
959 1077 1088 1145 Δειδίσιι
1123 1097 1285 1166 nuquam
1314 1077 1400 1145 mihi

206 1182 291 1272 apud
315 1190 443 1270 poetam
466 1181 586 1248 lectum
611 1189 713 1248 σείει
735 1183 851 1251 δεδίασι
884 1184 918 1250 in
949 1191 1094 1249 extremo
1121 1181 1311 1251 hexametro
1342 1204 1400 1273 po-

206 1292 317 1356 nitur:
351 1287 446 1367 μιίιιι
478 1287 509 1351 δδ
539 1290 642 1367 Τρῶες
677 1288 805 1355 δεδίασι.
851 1287 999 1356 Graeculi
1037 1288 1139 1374 igitur
1170 1287 1253 1355 hace
1282 1290 1398 1358 omnia

206 1394 326 1482 possim
354 1399 569 1477 corrumpunt
601 1392 633 1456 in
664 1393 800 1473 δείδιμεν
824 1403 881 1460 aut
911 1395 1057 1473 δεδίαμεν
1080 1411 1139 1481 pro
1160 1394 1304 1475 δέδιμεν,
1338 1402 1400 1463 aut

205 1501 327 1568 δεδίασι
352 1517 409 1584 pro
431 1495 548 1573 δέδιτε,
572 1505 630 1562 aut
649 1498 769 1565 δεδιίτιι
789 1518 849 1585 pro
869 1498 996 1576 δεδίτιι,
1024 1498 1074 1565 nel
1096 1499 1212 1565 δείδιτε
1243 1518 1304 1586 pro
1334 1501 1399 1568 διί·

206 1609 288 1683 διτε,
312 1611 370 1669 aut
392 1602 545 1668 ἐδεδίεσαν
568 1601 618 1667 rel
641 1601 760 1670 ἔδεισαν
784 1601 833 1669 vei
854 1603 1043 1671 ἐδεδοίκεσαν
1063 1623 1123 1692 pro
1144 1604 1292 1670 ἐδέδισαν.
1343 1607 1400 1673 lti-

207 1712 263 1779 det
293 1705 498 1796 Phrynichus
528 1704 727 1786 hodienum,
759 1708 812 1774 cui
835 1709 989 1775 ἐδεδίεσαν
1020 1707 1185 1776 exciderat
1216 1728 1289 1797 pag.
1314 1715 1395 1780 180.

207 1815 284 1884 Lon.
325 1812 558 1880 Ἐδεδίεσαντ
581 1813 635 1879 καί
657 1818 748 1880 τοῦτο
771 1822 828 1891 τῆς
850 1820 1025 1881 Λολλιανοῦ
1046 1814 1175 1894 μούσης.
1199 1816 1237 1881 σὺ
1259 1815 1292 1882 δὲ
1314 1817 1398 1897 λέγι

205 1916 474 2002 τετρασιιλλιθβισς
507 1917 581 1984 ἄνευ
604 1924 659 1985 τοῦ
688 1919 924 1996 εέδίδισαν,
949 1919 990 1985 ad
1023 1939 1119 2006 quem
1149 1919 1257 1987 locutu
1285 1922 1398 1989 utilis·

206 2028 289 2093 sime
315 2024 482 2090 annotarit
506 2022 652 2103 Lohech‚
680 2043 777 2111 quem
808 2024 842 2089 in
873 2044 910 2091 ea
934 2045 970 2092 re
997 2027 1106 2093 nescio
1135 2025 1295 2113 quomodo
1327 2025 1398 2093 tan·

207 2133 285 2198 dant
304 2128 432 2196 assidue
453 2146 587 2205 ornnes,
611 2128 667 2195 sed
699 2148 793 2195 nemo
813 2128 880 2197 iere
903 2130 1074 2198 verissima
1104 2131 1318 2218 praecipienti
1341 2130 1396 2198 oh·

206 2244 375 2324 temperat.
423 2233 538 2301 Adhuc
571 2234 786 2301 commaculat
821 2235 949 2325 hysiarn
973 2237 1135 2323 scriptura
1166 2239 1221 2303 σιἰιι
1253 2237 1398 2305 ίδεδίε·

205 2366 280 2408 σαν
303 2342 529 2422 βασανισθῆναι
552 2340 587 2404 in
620 2336 816 2406 0131.ΧΙΙΙ.
842 2345 895 2406 27.
942 2340 1057 2408 Adhuc
1088 2341 1262 2408 Isocratem
1287 2342 1399 2430 inqui·

205 2457 261 2515 nat
284 2451 317 2512 οὐ
341 2447 404 2525 γὰρ
438 2444 649 2510 ἐδεδίεσαν
682 2447 714 2508 in
741 2447 896 2531 Areopag.
929 2445 1030 2535 §in
1076 2446 1113 2513 ln
1138 2445 1313 2514 Hellenicis
1338 2447 1396 2516 iV.

206 2574 246 2619 ιν.
275 2555 327 2618 16.
362 2554 388 2615 οἱ
411 2549 573 2617 retrussi
597 2551 749 2615 ἐδεδίεσαν
779 2550 962 2618 emendavit
993 2550 1137 2618 nindort.
1162 2569 1203 2619 ex
1227 2551 1398 2619 Prisciano

205 2662 231 2724 oi
256 2656 416 2724 retrussi
440 2656 584 2720 ὤκνουν
605 2653 832 2742 Xenophonteo
855 2676 944 2723 more
966 2657 1102 2723 dictum.
1149 2656 1242 2744 Apud
1265 2656 1397 2747 Thucy·

206 2761 313 2829 didem
338 2758 416 2846 quid
436 2758 676 2844 designaverint
698 2758 823 2826 scrihae
845 2760 999 2828 indicavit
1024 2762 1170 2840 Lohech‚
1194 2768 1298 2829 otest
1321 2782 1397 2850 ops-

207 2889 262 2936 rac
293 2867 434 2954 pretium
467 2864 639 2951 diiigenter
671 2874 827 2953 spectare.
874 2865 1006 2933 Codices
1035 2868 1110 2934 diss.
1134 2886 1249 2933 omnes
1271 2867 1311 2932 V.
1338 2873 1394 2934 11.

205 2974 392 3060 conspirent
414 2972 447 3036 in
470 2972 541 3045 τοὺς
564 2969 754 3054 ξνμμθχσνς
783 2969 855 3051 ἅμα
889 2974 1105 3049 ἐδεδίεσαν,
1137 2981 1170 3039 et
1196 2971 1249 3038 IV.
1271 2979 1326 3040 dh.
1360 2975 1395 3041 in

205 3081 417 3147 ἐδεδίεσαν
447 3078 492 3156 μή
522 3100 598 3142 ποτε
635 3073 720 3150 αὖθις
753 3076 900 3160 ξυμφοραί
928 3103 976 3152 τις
1008 3079 1115 3152 αὐτοῖς
1142 3079 1306 3162 περιτύχω.
1355 3078 1396 3146 lu

204 3186 259 3254 111.
275 3189 328 3252 ca.
354 3184 386 3249 in
412 3201 477 3248 uno
499 3190 550 3247 est
569 3182 729 3261 δεδίαμεν,
753 3180 808 3247 sed
832 3187 972 3267 genuina
996 3183 1098 3249 iorrna
1121 3184 1241 3264 δέδιμεν
1266 3185 1300 3250 in
1322 3203 1394 3272 sqq.

206 3289 304 3356 semet
340 3297 371 3354 et
401 3288 522 3353 iterum
557 3285 729 3352 incolumis
761 3289 873 3353 evasit.
930 3290 1052 3355 Locum
1085 3288 1172 3355 hune
1206 3288 1397 3357 adscribens

207 3395 381 3481 ltionpsius
410 3391 511 3458 idalio.
544 3390 689 3470 δεδίαμεν
710 3391 839 3459 exhibet
864 3391 942 3478 (vid.
975 3393 1124 3482 hoheoh.)
1157 3415 1221 3461 non
1253 3413 1315 3461 suo
1337 3394 1396 3462 sod

207 3498 389 3566 scribarum
412 3515 532 3563 errore.
579 3496 710 3562 'l'ertius
732 3506 781 3562 est
804 3496 1004 3586 Thucydidis
1032 3499 1123 3566 locus
1144 3499 1199 3567 IV.
1225 3505 1313 3578 117,
1337 3496 1397 3566 uhi

206 3608 240 3670 in
274 3602 355 3668 duas
385 3609 493 3688 partes
526 3598 601 3666 iihri
631 3601 811 3668 discedunt.
866 3602 929 3670 Alii
958 3605 1195 3684 Λακεδαιμόνιοι
1225 3606 1257 3670 δδ
1284 3609 1396 3673 ταῦτα

204 3711 275 3784 τοὺς
298 3707 474 3782 Ἀθηναίους
500 3707 662 3787 θνοιίμενοι
685 3705 765 3789 ἅπερ
788 3709 1000 3775 ἐδεδίεσαν
1021 3713 1208 3794 Φοβείσθαι,
1231 3709 1287 3776 alii
1309 3707 1396 3793 ὅπερ

203 3815 370 3882 ἔδεισαν
392 3813 560 3895 Φοβεῒσίαι
584 3822 735 3890 servant,
760 3813 949 3880 mendosum
974 3824 1158 3903 utrumque.
1205 3814 1395 3884 danninum

204 3928 255 3988 est
281 3899 361 4002 c‘e'nip
394 3917 596 3994 ἐδέδισαν,
633 3916 664 3983 id
696 3928 746 3984 est
777 3917 857 4000 ι’ίιιερ
881 3921 1074 4003 ἐφοβοῦντο,
1107 3931 1205 4008 atque
1227 3920 1289 3989 hnc
1314 3922 1395 4011 (nort

204 4024 416 4112 ἐφοβήθησαν)
441 4022 582 4111 postulat
605 4023 786 4090 necessario
817 4024 877 4091 toci
911 4028 1083 4094 sententia.
1132 4026 1252 4094 Eadem
1276 4028 1395 4096 coniu-

204 4134 252 4198 sio
275 4131 309 4197 in
333 4129 472 4197 nnahasi
495 4127 576 4194 rnihi
600 4127 765 4196 observata
785 4139 834 4196 est
855 4129 908 4196 Vt.
932 4152 973 4196 vr.
1001 4139 1030 4198 7.
1063 4132 1183 4199 ἔδεισαν
1202 4133 1235 4201 n
1256 4133 1309 4199 ιιαδ
1333 4143 1394 4202 τῶν

203 4243 357 4319 τριηριτῶν
380 4235 489 4301 πολλοὶ
515 4233 568 4299 καί
592 4235 740 4317 ἔφευγον,
766 4237 944 4323 requiritur
967 4239 1160 4320 ἐφοβοῦντο,
1188 4247 1223 4305 ut
1246 4258 1286 4305 ex
1318 4261 1392 4328 sqq.

204 4344 301 4408 ctiam
325 4341 419 4407 tacite
442 4338 591 4425 colliges,
615 4348 648 4405 et
671 4361 728 4426 pro
750 4340 869 4409 ἔδεισαν
888 4344 1019 4430 antiquo
1041 4342 1141 4412 torma
1155 4344 1292 4413 ἐδέδισαν
1305 4346 1395 4414 undo
