<?xml version="1.0" encoding="UTF-8"?>
<!DOCTYPE html PUBLIC "-//W3C//DTD XHTML 1.0 Transitional//EN"
    "http://www.w3.org/TR/xhtml1/DTD/xhtml1-transitional.dtd">
<html xmlns="http://www.w3.org/1999/xhtml" xml:lang="en" lang="en">
 <head>
  <title>
</title>
<meta http-equiv="Content-Type" content="text/html;charset=utf-8" />
  <meta name='ocr-system' content='tesseract 3.04.00' />
  <meta name='ocr-capabilities' content='ocr_page ocr_carea ocr_par ocr_line ocrx_word'/>
</head>
<body>
  <div class='ocr_page' id='page_1' title='image "./novaelectionesq00cobegoog/novaelectionesq00cobegoog_0213.png"; bbox 0 0 2940 5010; ppageno 0'>
   <div class='ocr_carea' id='block_1_1' title="bbox 691 286 750 347">
    <p class='ocr_par' dir='ltr' id='par_1_1' title="bbox 691 286 750 347">
     <span class='ocr_line' id='line_1_1' title="bbox 691 286 750 347; baseline 0 -2"><span class='ocrx_word' id='word_1_1' title='bbox 691 286 750 347; x_wconf 74' lang='lat'><strong><em>1723</em></strong></span> 
     </span>
    </p>
   </div>
   <div class='ocr_carea' id='block_1_2' title="bbox 104 457 1309 4239">
    <p class='ocr_par' dir='ltr' id='par_1_2' title="bbox 104 457 1309 4239">
     <span class='ocr_line' id='line_1_2' title="bbox 348 457 1021 541; baseline -0.003 -16"><span class='ocrx_word' id='word_1_2' title='bbox 348 460 522 541; x_wconf 62' lang='lat' dir='ltr'><strong><em>decerpatis</em></strong></span> <span class='ocrx_word' id='word_1_3' title='bbox 545 459 731 541; x_wconf 74' lang='grc' dir='ltr'><strong><em>τρεφόμενος</em></strong></span> <span class='ocrx_word' id='word_1_4' title='bbox 755 458 794 523; x_wconf 71' lang='grc' dir='ltr'><strong><em>αν</em></strong></span> <span class='ocrx_word' id='word_1_5' title='bbox 817 460 870 540; x_wconf 82' lang='grc' dir='ltr'><strong><em>ἐφ’</em></strong></span> <span class='ocrx_word' id='word_1_6' title='bbox 891 457 1021 538; x_wconf 75' lang='grc' dir='ltr'><strong><em>ἑσπέρας</em></strong></span> 
     </span>
     <span class='ocr_line' id='line_1_3' title="bbox 348 563 978 649; baseline -0.003 -18"><span class='ocrx_word' id='word_1_7' title='bbox 348 564 426 649; x_wconf 50' lang='lat' dir='ltr'><strong><em>pop,</em></strong></span> <span class='ocrx_word' id='word_1_8' title='bbox 447 564 595 643; x_wconf 84' lang='grc' dir='ltr'><strong><em>τιθέμενοι</em></strong></span> <span class='ocrx_word' id='word_1_9' title='bbox 617 570 707 630; x_wconf 80' lang='grc' dir='ltr'><strong><em>τοῦτο</em></strong></span> <span class='ocrx_word' id='word_1_10' title='bbox 731 563 857 643; x_wconf 78' lang='grc' dir='ltr'><strong><em>σημεῖόν</em></strong></span> <span class='ocrx_word' id='word_1_11' title='bbox 879 588 978 641; x_wconf 85' lang='grc' dir='ltr'><strong><em>τινες,</em></strong></span> 
     </span>
     <span class='ocr_line' id='line_1_4' title="bbox 126 664 1304 758; baseline 0 -21"><span class='ocrx_word' id='word_1_12' title='bbox 126 664 180 737; x_wconf 73' lang='lat' dir='ltr'><strong><em>lbi</em></strong></span> <span class='ocrx_word' id='word_1_13' title='bbox 197 688 309 737; x_wconf 75' lang='lat' dir='ltr'><strong>rerum</strong></span> <span class='ocrx_word' id='word_1_14' title='bbox 334 688 405 737; x_wconf 82' lang='lat' dir='ltr'><strong>esse</strong></span> <span class='ocrx_word' id='word_1_15' title='bbox 431 668 597 755; x_wconf 84' lang='lat' dir='ltr'><strong>suspicor:</strong></span> <span class='ocrx_word' id='word_1_16' title='bbox 620 669 766 748; x_wconf 91' lang='grc' dir='ltr'><strong><em>τιθέμεθα</em></strong></span> <span class='ocrx_word' id='word_1_17' title='bbox 788 674 878 735; x_wconf 81' lang='grc' dir='ltr'><strong><em>τοῦτο</em></strong></span> <span class='ocrx_word' id='word_1_18' title='bbox 899 668 1026 749; x_wconf 77' lang='grc' dir='ltr'><strong><em>σημεῖόν</em></strong></span> <span class='ocrx_word' id='word_1_19' title='bbox 1054 692 1155 747; x_wconf 76' lang='grc' dir='ltr'><strong><em>τινος,</em></strong></span> <span class='ocrx_word' id='word_1_20' title='bbox 1182 682 1304 758; x_wconf 75' lang='lat' dir='ltr'><strong>porten-</strong></span> 
     </span>
     <span class='ocr_line' id='line_1_5' title="bbox 134 772 1309 863; baseline 0 -20"><span class='ocrx_word' id='word_1_21' title='bbox 134 772 200 843; x_wconf 77' lang='grc' dir='ltr'><strong><em>έοτι</em></strong></span> <span class='ocrx_word' id='word_1_22' title='bbox 218 774 273 843; x_wconf 80' lang='lat' dir='ltr'><strong><em>boe</em></strong></span> <span class='ocrx_word' id='word_1_23' title='bbox 294 773 418 863; x_wconf 83' lang='lat' dir='ltr'><strong>abiquid</strong></span> <span class='ocrx_word' id='word_1_24' title='bbox 437 774 602 841; x_wconf 81' lang='grc' dir='ltr'><strong><em>σνοιίίιιιιιι.</em></strong></span> <span class='ocrx_word' id='word_1_25' title='bbox 650 776 727 840; x_wconf 86' lang='lat' dir='ltr'><strong>Bion</strong></span> <span class='ocrx_word' id='word_1_26' title='bbox 749 774 973 863; x_wconf 82' lang='lat' dir='ltr'><strong>borysthenita</strong></span> <span class='ocrx_word' id='word_1_27' title='bbox 991 774 1075 861; x_wconf 91' lang='lat' dir='ltr'><strong>apud</strong></span> <span class='ocrx_word' id='word_1_28' title='bbox 1094 774 1251 844; x_wconf 81' lang='lat' dir='ltr'><strong>eundern:</strong></span> <span class='ocrx_word' id='word_1_29' title='bbox 1274 778 1309 843; x_wconf 88' lang='grc' dir='ltr'><strong><em>σί</em></strong></span> 
     </span>
     <span class='ocr_line' id='line_1_6' title="bbox 108 878 1306 964; baseline -0.001 -15"><span class='ocrx_word' id='word_1_30' title='bbox 108 878 110 900; x_wconf 90' lang='lat'>&#39;</span> <span class='ocrx_word' id='word_1_31' title='bbox 137 878 230 949; x_wconf 77' lang='grc' dir='ltr'><strong><em>δδιοαδ</em></strong></span> <span class='ocrx_word' id='word_1_32' title='bbox 250 882 411 961; x_wconf 81' lang='grc' dir='ltr'><strong><em>θανμαςδν</em></strong></span> <span class='ocrx_word' id='word_1_33' title='bbox 433 882 460 947; x_wconf 81' lang='grc' dir='ltr'><strong><em>εἶ</em></strong></span> <span class='ocrx_word' id='word_1_34' title='bbox 484 882 498 947; x_wconf 75' lang='lat' dir='ltr'>d</span> <span class='ocrx_word' id='word_1_35' title='bbox 519 885 582 959; x_wconf 81' lang='grc' dir='ltr'><strong><em>μῦς</em></strong></span> <span class='ocrx_word' id='word_1_36' title='bbox 604 882 657 947; x_wconf 83' lang='grc' dir='ltr'><strong><em>τδν</em></strong></span> <span class='ocrx_word' id='word_1_37' title='bbox 685 881 815 947; x_wconf 81' lang='grc' dir='ltr'><strong><em>θύλακον</em></strong></span> <span class='ocrx_word' id='word_1_38' title='bbox 847 880 1007 960; x_wconf 85' lang='grc' dir='ltr'><strong><em>διέτραγεν</em></strong></span> <span class='ocrx_word' id='word_1_39' title='bbox 1033 882 1095 964; x_wconf 80' lang='grc' dir='ltr'><strong><em>οὐχ</em></strong></span> <span class='ocrx_word' id='word_1_40' title='bbox 1125 882 1213 963; x_wconf 77' lang='grc' dir='ltr'><strong><em>εὑρὼν</em></strong></span> <span class='ocrx_word' id='word_1_41' title='bbox 1240 880 1306 948; x_wconf 75' lang='grc' dir='ltr'><strong><em>ὅτι</em></strong></span> 
     </span>
     <span class='ocr_line' id='line_1_7' title="bbox 144 984 1308 1075; baseline 0.002 -23"><span class='ocrx_word' id='word_1_42' title='bbox 144 984 228 1071; x_wconf 60' lang='lat' dir='ltr'><strong><em>pt„</em></strong></span> <span class='ocrx_word' id='word_1_43' title='bbox 270 990 463 1069; x_wconf 81' lang='grc' dir='ltr'><strong><em>Διατριίγειν</em></strong></span> <span class='ocrx_word' id='word_1_44' title='bbox 488 984 566 1051; x_wconf 87' lang='lat' dir='ltr'><strong>haee</strong></span> <span class='ocrx_word' id='word_1_45' title='bbox 592 1005 702 1051; x_wconf 88' lang='lat' dir='ltr'><strong>nrures</strong></span> <span class='ocrx_word' id='word_1_46' title='bbox 723 985 844 1062; x_wconf 78' lang='lat' dir='ltr'><strong>solent,</strong></span> <span class='ocrx_word' id='word_1_47' title='bbox 869 1005 930 1050; x_wconf 93' lang='lat' dir='ltr'><strong><em>non</em></strong></span> <span class='ocrx_word' id='word_1_48' title='bbox 956 986 1110 1063; x_wconf 71' lang='grc' dir='ltr'><strong><em>διεσθίειν,</em></strong></span> <span class='ocrx_word' id='word_1_49' title='bbox 1134 986 1308 1075; x_wconf 86' lang='lat' dir='ltr'><strong>sedsaepe</strong></span> 
     </span>
     <span class='ocr_line' id='line_1_8' title="bbox 146 1088 1307 1177; baseline 0.003 -20"><span class='ocrx_word' id='word_1_50' title='bbox 146 1088 439 1175; x_wconf 65' lang='lat' dir='ltr'><strong>vittameno</strong></span> <span class='ocrx_word' id='word_1_51' title='bbox 459 1094 632 1175; x_wconf 82' lang='grc' dir='ltr'><strong><em>διαφαγεῖν</em></strong></span> <span class='ocrx_word' id='word_1_52' title='bbox 652 1092 737 1157; x_wconf 86' lang='lat' dir='ltr'><strong>inter</strong></span> <span class='ocrx_word' id='word_1_53' title='bbox 760 1110 794 1157; x_wconf 88' lang='lat' dir='ltr'><strong><em>se</em></strong></span> <span class='ocrx_word' id='word_1_54' title='bbox 812 1092 1007 1177; x_wconf 81' lang='lat' dir='ltr'><strong>permutari,</strong></span> <span class='ocrx_word' id='word_1_55' title='bbox 1028 1092 1180 1176; x_wconf 83' lang='lat' dir='ltr'><strong>quoniam</strong></span> <span class='ocrx_word' id='word_1_56' title='bbox 1202 1093 1234 1158; x_wconf 87' lang='lat' dir='ltr'><strong><em>in</em></strong></span> <span class='ocrx_word' id='word_1_57' title='bbox 1256 1115 1307 1161; x_wconf 85' lang='lat' dir='ltr'><strong><em>ve·</em></strong></span> 
     </span>
     <span class='ocr_line' id='line_1_9' title="bbox 149 1194 1304 1283; baseline 0.003 -20"><span class='ocrx_word' id='word_1_58' title='bbox 149 1202 231 1263; x_wconf 69' lang='lat' dir='ltr'><strong><em>tun</em></strong></span> <span class='ocrx_word' id='word_1_59' title='bbox 252 1196 409 1265; x_wconf 77' lang='lat' dir='ltr'><strong>Godioum</strong></span> <span class='ocrx_word' id='word_1_60' title='bbox 438 1198 601 1283; x_wconf 78' lang='lat' dir='ltr'><strong>scriptura</strong></span> <span class='ocrx_word' id='word_1_61' title='bbox 624 1204 652 1282; x_wconf 94' lang='grc' dir='ltr'><strong><em>φ</em></strong></span> <span class='ocrx_word' id='word_1_62' title='bbox 679 1206 713 1263; x_wconf 87' lang='lat' dir='ltr'><strong><em>ot</em></strong></span> <span class='ocrx_word' id='word_1_63' title='bbox 737 1220 773 1279; x_wconf 85' lang='grc' dir='ltr'><strong><em>πρ</em></strong></span> <span class='ocrx_word' id='word_1_64' title='bbox 796 1196 961 1261; x_wconf 78' lang='lat' dir='ltr'><strong>simillimo</strong></span> <span class='ocrx_word' id='word_1_65' title='bbox 985 1194 1087 1261; x_wconf 81' lang='lat' dir='ltr'><strong>doctu</strong></span> <span class='ocrx_word' id='word_1_66' title='bbox 1116 1208 1304 1266; x_wconf 84' lang='lat' dir='ltr'><strong>exurantur.</strong></span> 
     </span>
     <span class='ocr_line' id='line_1_10' title="bbox 151 1298 1306 1388; baseline 0.002 -19"><span class='ocrx_word' id='word_1_67' title='bbox 151 1298 286 1369; x_wconf 76' lang='lat' dir='ltr'><strong>hiiesta</strong></span> <span class='ocrx_word' id='word_1_68' title='bbox 322 1322 375 1369; x_wconf 88' lang='lat' dir='ltr'><strong><em>res</em></strong></span> <span class='ocrx_word' id='word_1_69' title='bbox 405 1309 454 1368; x_wconf 90' lang='lat' dir='ltr'><strong><em>est</em></strong></span> <span class='ocrx_word' id='word_1_70' title='bbox 481 1302 514 1367; x_wconf 91' lang='lat' dir='ltr'><strong><em>in</em></strong></span> <span class='ocrx_word' id='word_1_71' title='bbox 547 1304 646 1369; x_wconf 85' lang='lat' dir='ltr'><strong>bione</strong></span> <span class='ocrx_word' id='word_1_72' title='bbox 674 1302 781 1369; x_wconf 85' lang='lat' dir='ltr'><strong>Cassio</strong></span> <span class='ocrx_word' id='word_1_73' title='bbox 800 1301 927 1368; x_wconf 81' lang='lat' dir='ltr'><strong>bxxlt.</strong></span> <span class='ocrx_word' id='word_1_74' title='bbox 953 1306 1006 1366; x_wconf 75' lang='lat' dir='ltr'><strong><em>tt.</em></strong></span> <span class='ocrx_word' id='word_1_75' title='bbox 1039 1300 1154 1385; x_wconf 80' lang='grc' dir='ltr'><strong><em>φύλλα</em></strong></span> <span class='ocrx_word' id='word_1_76' title='bbox 1186 1304 1306 1388; x_wconf 77' lang='grc' dir='ltr'><strong><em>δσίφνηι</em></strong></span> 
     </span>
     <span class='ocr_line' id='line_1_11' title="bbox 151 1406 1306 1491; baseline 0.001 -16"><span class='ocrx_word' id='word_1_77' title='bbox 151 1406 219 1481; x_wconf 67' lang='lat' dir='ltr'><strong><em>dtis</em></strong></span> <span class='ocrx_word' id='word_1_78' title='bbox 237 1432 273 1475; x_wconf 90' lang='grc' dir='ltr'><strong><em>τε</em></strong></span> <span class='ocrx_word' id='word_1_79' title='bbox 298 1408 497 1491; x_wconf 70' lang='grc' dir='ltr'><strong><em>διέφαινεν</em></strong></span> <span class='ocrx_word' id='word_1_80' title='bbox 522 1408 577 1474; x_wconf 77' lang='grc' dir='ltr'><strong><em>καί</em></strong></span> <span class='ocrx_word' id='word_1_81' title='bbox 604 1409 676 1483; x_wconf 78' lang='grc' dir='ltr'><strong><em>τοὺς</em></strong></span> <span class='ocrx_word' id='word_1_82' title='bbox 697 1406 815 1481; x_wconf 76' lang='grc' dir='ltr'><strong><em>ἄλλους</em></strong></span> <span class='ocrx_word' id='word_1_83' title='bbox 841 1407 913 1481; x_wconf 79' lang='grc' dir='ltr'><strong><em>τοὺς</em></strong></span> <span class='ocrx_word' id='word_1_84' title='bbox 937 1408 1065 1483; x_wconf 76' lang='grc' dir='ltr'><strong><em>πλησίον</em></strong></span> <span class='ocrx_word' id='word_1_85' title='bbox 1090 1431 1151 1487; x_wconf 89' lang='grc' dir='ltr'><strong><em>μιν</em></strong></span> <span class='ocrx_word' id='word_1_86' title='bbox 1172 1412 1306 1490; x_wconf 86' lang='grc' dir='ltr'><strong><em>καθημέ·</em></strong></span> 
     </span>
     <span class='ocr_line' id='line_1_12' title="bbox 152 1512 1307 1601; baseline 0.001 -20"><span class='ocrx_word' id='word_1_87' title='bbox 152 1531 199 1589; x_wconf 63' lang='grc' dir='ltr'><strong><em>αι</em></strong></span> <span class='ocrx_word' id='word_1_88' title='bbox 218 1514 456 1597; x_wconf 68' lang='grc' dir='ltr'><strong><em>διατραγεῖν</em></strong></span> <span class='ocrx_word' id='word_1_89' title='bbox 484 1512 620 1591; x_wconf 75' lang='grc' dir='ltr'><strong><em>ἔπεισα,</em></strong></span> <span class='ocrx_word' id='word_1_90' title='bbox 651 1533 726 1579; x_wconf 85' lang='lat' dir='ltr'><strong><em>num</em></strong></span> <span class='ocrx_word' id='word_1_91' title='bbox 752 1514 826 1599; x_wconf 83' lang='lat' dir='ltr'><strong>quis</strong></span> <span class='ocrx_word' id='word_1_92' title='bbox 850 1512 1010 1578; x_wconf 74' lang='lat' dir='ltr'>dubitabit</span> <span class='ocrx_word' id='word_1_93' title='bbox 1040 1515 1120 1601; x_wconf 89' lang='lat' dir='ltr'><strong>quin</strong></span> <span class='ocrx_word' id='word_1_94' title='bbox 1149 1515 1307 1597; x_wconf 85' lang='grc' dir='ltr'><strong><em>διέτραγον</em></strong></span> 
     </span>
     <span class='ocr_line' id='line_1_13' title="bbox 151 1617 1308 1701; baseline 0.001 -14"><span class='ocrx_word' id='word_1_95' title='bbox 151 1624 215 1687; x_wconf 60' lang='lat' dir='ltr'><strong><em>ab</em></strong></span> <span class='ocrx_word' id='word_1_96' title='bbox 232 1618 274 1687; x_wconf 82' lang='lat' dir='ltr'><strong><em>rit</em></strong></span> <span class='ocrx_word' id='word_1_97' title='bbox 301 1618 523 1687; x_wconf 86' lang='lat' dir='ltr'><strong>emendatum.</strong></span> <span class='ocrx_word' id='word_1_98' title='bbox 570 1617 659 1685; x_wconf 88' lang='lat' dir='ltr'><strong>idem</strong></span> <span class='ocrx_word' id='word_1_99' title='bbox 683 1620 798 1684; x_wconf 85' lang='lat' dir='ltr'><strong>vitium</strong></span> <span class='ocrx_word' id='word_1_100' title='bbox 827 1618 893 1685; x_wconf 82' lang='grc' dir='ltr'><strong><em>θδσῦ</em></strong></span> <span class='ocrx_word' id='word_1_101' title='bbox 917 1618 1069 1701; x_wconf 86' lang='grc' dir='ltr'><strong><em>πιίρεργσν</em></strong></span> <span class='ocrx_word' id='word_1_102' title='bbox 1095 1619 1145 1686; x_wconf 90' lang='lat' dir='ltr'><strong><em>bis</em></strong></span> <span class='ocrx_word' id='word_1_103' title='bbox 1171 1640 1211 1687; x_wconf 87' lang='lat' dir='ltr'><strong><em>ex</em></strong></span> <span class='ocrx_word' id='word_1_104' title='bbox 1231 1622 1308 1689; x_wconf 87' lang='lat' dir='ltr'><strong>Plu-</strong></span> 
     </span>
     <span class='ocr_line' id='line_1_14' title="bbox 154 1720 1306 1812; baseline 0.003 -23"><span class='ocrx_word' id='word_1_105' title='bbox 154 1720 235 1791; x_wconf 65' lang='lat' dir='ltr'><strong>hrbo</strong></span> <span class='ocrx_word' id='word_1_106' title='bbox 260 1725 361 1793; x_wconf 84' lang='lat' dir='ltr'><strong>eximi</strong></span> <span class='ocrx_word' id='word_1_107' title='bbox 391 1725 529 1812; x_wconf 86' lang='lat' dir='ltr'><strong>poterit:</strong></span> <span class='ocrx_word' id='word_1_108' title='bbox 563 1725 596 1789; x_wconf 93' lang='lat' dir='ltr'><strong><em>in</em></strong></span> <span class='ocrx_word' id='word_1_109' title='bbox 629 1722 1043 1811; x_wconf 75' lang='lat' dir='ltr'><strong>biar·oeiioeap.KXV111.</strong></span> <span class='ocrx_word' id='word_1_110' title='bbox 1078 1725 1168 1791; x_wconf 84' lang='grc' dir='ltr'><strong><em>σίλλίι</em></strong></span> <span class='ocrx_word' id='word_1_111' title='bbox 1197 1728 1306 1793; x_wconf 77' lang='grc' dir='ltr'><strong><em>πολλὰ</em></strong></span> 
     </span>
     <span class='ocr_line' id='line_1_15' title="bbox 152 1830 1306 1916; baseline 0.003 -21"><span class='ocrx_word' id='word_1_112' title='bbox 152 1836 238 1907; x_wconf 62' lang='lat' dir='ltr'><strong>meria</strong></span> <span class='ocrx_word' id='word_1_113' title='bbox 257 1830 428 1912; x_wconf 77' lang='grc' dir='ltr'><strong><em>έτοίραττσν</em></strong></span> <span class='ocrx_word' id='word_1_114' title='bbox 450 1830 545 1895; x_wconf 74' lang='grc' dir='ltr'><strong><em>αὑτὸν</em></strong></span> <span class='ocrx_word' id='word_1_115' title='bbox 571 1830 625 1895; x_wconf 83' lang='grc' dir='ltr'><strong><em>καὶ</em></strong></span> <span class='ocrx_word' id='word_1_116' title='bbox 649 1830 727 1909; x_wconf 79' lang='grc' dir='ltr'><strong><em>μύες</em></strong></span> <span class='ocrx_word' id='word_1_117' title='bbox 751 1832 804 1896; x_wconf 84' lang='grc' dir='ltr'><strong><em>τὸν</em></strong></span> <span class='ocrx_word' id='word_1_118' title='bbox 828 1831 859 1895; x_wconf 84' lang='grc' dir='ltr'><strong><em>έν</em></strong></span> <span class='ocrx_word' id='word_1_119' title='bbox 884 1832 956 1904; x_wconf 75' lang='grc' dir='ltr'><strong><em>Διὸς</em></strong></span> <span class='ocrx_word' id='word_1_120' title='bbox 987 1832 1100 1913; x_wconf 80' lang='grc' dir='ltr'><strong><em>χρυσὸν</em></strong></span> <span class='ocrx_word' id='word_1_121' title='bbox 1128 1833 1306 1916; x_wconf 79' lang='grc' dir='ltr'><strong><em>διαφαγόν-</em></strong></span> 
     </span>
     <span class='ocr_line' id='line_1_16' title="bbox 152 1932 1305 2007; baseline -0.003 0"><span class='ocrx_word' id='word_1_122' title='bbox 152 1954 195 2007; x_wconf 74' lang='lat' dir='ltr'><strong>tto·</strong></span> <span class='ocrx_word' id='word_1_123' title='bbox 231 1932 335 2003; x_wconf 81' lang='grc' dir='ltr'><strong><em>έίιιπσι</em></strong></span> <span class='ocrx_word' id='word_1_124' title='bbox 356 1936 391 2001; x_wconf 86' lang='lat' dir='ltr'><strong><em>in</em></strong></span> <span class='ocrx_word' id='word_1_125' title='bbox 413 1936 489 2001; x_wconf 81' lang='lat' dir='ltr'><strong><em>aede</em></strong></span> <span class='ocrx_word' id='word_1_126' title='bbox 522 1934 607 2001; x_wconf 76' lang='lat' dir='ltr'><strong>lovis</strong></span> <span class='ocrx_word' id='word_1_127' title='bbox 627 1956 742 2001; x_wconf 87' lang='lat' dir='ltr'><strong>ourum</strong></span> <span class='ocrx_word' id='word_1_128' title='bbox 764 1935 879 2001; x_wconf 80' lang='lat' dir='ltr'><strong>rosisse</strong></span> <span class='ocrx_word' id='word_1_129' title='bbox 910 1934 1025 2001; x_wconf 75' lang='lat' dir='ltr'><strong>scribit</strong></span> <span class='ocrx_word' id='word_1_130' title='bbox 1047 1936 1156 2003; x_wconf 85' lang='lat' dir='ltr'><strong>Livius</strong></span> <span class='ocrx_word' id='word_1_131' title='bbox 1175 1937 1305 2005; x_wconf 75' lang='lat' dir='ltr'><strong>xxvii.</strong></span> 
     </span>
     <span class='ocr_line' id='line_1_17' title="bbox 151 2038 1305 2128; baseline 0.005 -23"><span class='ocrx_word' id='word_1_132' title='bbox 151 2038 194 2115; x_wconf 73' lang='lat' dir='ltr'><strong><em>ib,</em></strong></span> <span class='ocrx_word' id='word_1_133' title='bbox 208 2040 339 2109; x_wconf 75' lang='lat' dir='ltr'><strong>emenda</strong></span> <span class='ocrx_word' id='word_1_134' title='bbox 360 2048 469 2106; x_wconf 80' lang='lat' dir='ltr'><strong>aulem</strong></span> <span class='ocrx_word' id='word_1_135' title='bbox 492 2040 736 2123; x_wconf 80' lang='grc' dir='ltr'><strong><em>διατραγθντες,</em></strong></span> <span class='ocrx_word' id='word_1_136' title='bbox 760 2047 792 2105; x_wconf 81' lang='lat' dir='ltr'><strong><em>et</em></strong></span> <span class='ocrx_word' id='word_1_137' title='bbox 816 2040 849 2104; x_wconf 87' lang='lat' dir='ltr'><strong><em>in</em></strong></span> <span class='ocrx_word' id='word_1_138' title='bbox 871 2038 959 2128; x_wconf 75' lang='lat' dir='ltr'><strong>Sylla</strong></span> <span class='ocrx_word' id='word_1_139' title='bbox 984 2060 1054 2128; x_wconf 82' lang='lat' dir='ltr'><strong>cap.</strong></span> <span class='ocrx_word' id='word_1_140' title='bbox 1074 2040 1145 2110; x_wconf 83' lang='lat' dir='ltr'><strong>vit.</strong></span> <span class='ocrx_word' id='word_1_141' title='bbox 1169 2052 1253 2123; x_wconf 76' lang='grc' dir='ltr'><strong><em>μνῶν</em></strong></span> <span class='ocrx_word' id='word_1_142' title='bbox 1273 2046 1305 2111; x_wconf 86' lang='grc' dir='ltr'><strong><em>έν</em></strong></span> 
     </span>
     <span class='ocr_line' id='line_1_18' title="bbox 150 2144 1306 2229; baseline 0.003 -16"><span class='ocrx_word' id='word_1_143' title='bbox 150 2144 196 2227; x_wconf 60' lang='lat' dir='ltr'><strong><em>bri</em></strong></span> <span class='ocrx_word' id='word_1_144' title='bbox 211 2148 321 2229; x_wconf 79' lang='grc' dir='ltr'><strong><em>χρναδν</em></strong></span> <span class='ocrx_word' id='word_1_145' title='bbox 349 2147 550 2225; x_wconf 79' lang='grc' dir='ltr'><strong><em>σίνααείμενον</em></strong></span> <span class='ocrx_word' id='word_1_146' title='bbox 574 2144 811 2229; x_wconf 81' lang='grc' dir='ltr'><strong><em>διαφαγόντων,</em></strong></span> <span class='ocrx_word' id='word_1_147' title='bbox 838 2146 903 2210; x_wconf 85' lang='lat' dir='ltr'><strong>into</strong></span> <span class='ocrx_word' id='word_1_148' title='bbox 922 2146 1160 2228; x_wconf 71' lang='grc' dir='ltr'><strong><em>διατραγόντων.</em></strong></span> <span class='ocrx_word' id='word_1_149' title='bbox 1209 2148 1306 2218; x_wconf 75' lang='lat' dir='ltr'><strong>Obse-</strong></span> 
     </span>
     <span class='ocr_line' id='line_1_19' title="bbox 150 2251 1305 2340; baseline 0.003 -21"><span class='ocrx_word' id='word_1_150' title='bbox 150 2265 225 2337; x_wconf 67' lang='grc' dir='ltr'><strong><em>μιν</em></strong></span> <span class='ocrx_word' id='word_1_151' title='bbox 242 2270 312 2340; x_wconf 79' lang='lat' dir='ltr'><strong>sap.</strong></span> <span class='ocrx_word' id='word_1_152' title='bbox 333 2256 387 2318; x_wconf 84' lang='grc'><strong><em>79.</em></strong></span> <span class='ocrx_word' id='word_1_153' title='bbox 432 2251 608 2317; x_wconf 76' lang='lat' dir='ltr'><strong><em>Frusinone</em></strong></span> <span class='ocrx_word' id='word_1_154' title='bbox 630 2272 743 2317; x_wconf 85' lang='grc' dir='ltr'><strong><em>ιιιιιιιιιι</em></strong></span> <span class='ocrx_word' id='word_1_155' title='bbox 765 2272 889 2316; x_wconf 83' lang='lat' dir='ltr'><strong>socrum</strong></span> <span class='ocrx_word' id='word_1_156' title='bbox 910 2272 1016 2317; x_wconf 85' lang='lat' dir='ltr'><strong>mores</strong></span> <span class='ocrx_word' id='word_1_157' title='bbox 1034 2253 1226 2321; x_wconf 82' lang='grc' dir='ltr'><strong><em>σιίιοισιιιιιι.</em></strong></span> <span class='ocrx_word' id='word_1_158' title='bbox 1251 2256 1305 2322; x_wconf 88' lang='lat' dir='ltr'><strong><em>Sie</em></strong></span> 
     </span>
     <span class='ocr_line' id='line_1_20' title="bbox 151 2352 1303 2445; baseline 0.003 -22"><span class='ocrx_word' id='word_1_159' title='bbox 151 2352 224 2442; x_wconf 58' lang='lat' dir='ltr'><strong>Uitr</strong></span> <span class='ocrx_word' id='word_1_160' title='bbox 241 2356 328 2445; x_wconf 73' lang='lat' dir='ltr'><strong>apud</strong></span> <span class='ocrx_word' id='word_1_161' title='bbox 348 2354 605 2443; x_wconf 81' lang='lat' dir='ltr'><strong>Theophrastum</strong></span> <span class='ocrx_word' id='word_1_162' title='bbox 627 2362 689 2435; x_wconf 82' lang='grc' dir='ltr'><strong><em>μῦς</em></strong></span> <span class='ocrx_word' id='word_1_163' title='bbox 713 2358 795 2423; x_wconf 81' lang='grc' dir='ltr'><strong><em>οὐδὲν</em></strong></span> <span class='ocrx_word' id='word_1_164' title='bbox 820 2354 895 2421; x_wconf 76' lang='grc' dir='ltr'><strong><em>ἄλλ’</em></strong></span> <span class='ocrx_word' id='word_1_165' title='bbox 919 2356 1019 2439; x_wconf 83' lang='grc' dir='ltr'><strong><em>έχων,</em></strong></span> <span class='ocrx_word' id='word_1_166' title='bbox 1043 2361 1104 2441; x_wconf 84' lang='grc' dir='ltr'><strong><em>οὐχ</em></strong></span> <span class='ocrx_word' id='word_1_167' title='bbox 1125 2360 1213 2441; x_wconf 73' lang='grc' dir='ltr'><strong><em>εὑρὼν</em></strong></span> <span class='ocrx_word' id='word_1_168' title='bbox 1234 2358 1253 2426; x_wconf 77' lang='grc' dir='ltr'><strong><em>ἶν’</em></strong></span> <span class='ocrx_word' id='word_1_169' title='bbox 1272 2387 1303 2428; x_wconf 92' lang='grc' dir='ltr'><strong><em>τι</em></strong></span> 
     </span>
     <span class='ocr_line' id='line_1_21' title="bbox 150 2458 1303 2551; baseline 0.003 -20"><span class='ocrx_word' id='word_1_170' title='bbox 150 2458 232 2547; x_wconf 50' lang='lat' dir='ltr'><strong><em>un,</em></strong></span> <span class='ocrx_word' id='word_1_171' title='bbox 252 2462 369 2531; x_wconf 74' lang='lat' dir='ltr'><strong>rosisse</strong></span> <span class='ocrx_word' id='word_1_172' title='bbox 391 2460 513 2529; x_wconf 79' lang='lat' dir='ltr'><strong>dicitur</strong></span> <span class='ocrx_word' id='word_1_173' title='bbox 540 2482 602 2528; x_wconf 87' lang='lat' dir='ltr'><strong><em>non</em></strong></span> <span class='ocrx_word' id='word_1_174' title='bbox 625 2463 756 2529; x_wconf 76' lang='grc' dir='ltr'><strong><em>θύλακον</em></strong></span> <span class='ocrx_word' id='word_1_175' title='bbox 779 2463 924 2544; x_wconf 79' lang='grc' dir='ltr'><strong><em>σίλφίτιον</em></strong></span> <span class='ocrx_word' id='word_1_176' title='bbox 949 2461 1069 2551; x_wconf 70' lang='lat' dir='ltr'><strong>(nerto)</strong></span> <span class='ocrx_word' id='word_1_177' title='bbox 1094 2463 1149 2529; x_wconf 88' lang='lat' dir='ltr'><strong><em>sed</em></strong></span> <span class='ocrx_word' id='word_1_178' title='bbox 1172 2466 1303 2533; x_wconf 80' lang='grc' dir='ltr'><strong><em>θύλακον</em></strong></span> 
     </span>
     <span class='ocr_line' id='line_1_22' title="bbox 149 2562 1304 2659; baseline 0.003 -22"><span class='ocrx_word' id='word_1_179' title='bbox 149 2562 287 2651; x_wconf 74' lang='grc' dir='ltr'><strong><em>έίφιαιρθν</em></strong></span> <span class='ocrx_word' id='word_1_180' title='bbox 311 2566 434 2659; x_wconf 84' lang='grc' dir='ltr'><strong><em>(ιιενέν).</em></strong></span> <span class='ocrx_word' id='word_1_181' title='bbox 481 2568 527 2635; x_wconf 84' lang='lat' dir='ltr'><strong><em>De</em></strong></span> <span class='ocrx_word' id='word_1_182' title='bbox 549 2569 616 2654; x_wconf 83' lang='lat' dir='ltr'><strong>ipsa</strong></span> <span class='ocrx_word' id='word_1_183' title='bbox 642 2567 745 2634; x_wconf 80' lang='lat' dir='ltr'><strong>forma</strong></span> <span class='ocrx_word' id='word_1_184' title='bbox 762 2567 936 2650; x_wconf 79' lang='grc' dir='ltr'><strong><em>σὶλφιτηρθς</em></strong></span> <span class='ocrx_word' id='word_1_185' title='bbox 960 2588 1022 2634; x_wconf 95' lang='lat' dir='ltr'><strong><em>non</em></strong></span> <span class='ocrx_word' id='word_1_186' title='bbox 1043 2572 1227 2654; x_wconf 79' lang='grc' dir='ltr'><strong><em>σίλφιτιίριις</em></strong></span> <span class='ocrx_word' id='word_1_187' title='bbox 1251 2594 1304 2640; x_wconf 90' lang='lat' dir='ltr'><strong><em>ne·</em></strong></span> 
     </span>
     <span class='ocr_line' id='line_1_23' title="bbox 149 2672 750 2741; baseline 0 -4"><span class='ocrx_word' id='word_1_188' title='bbox 149 2672 239 2741; x_wconf 84' lang='grc' dir='ltr'><strong><em>Ιίιιιιι</em></strong></span> <span class='ocrx_word' id='word_1_189' title='bbox 261 2673 488 2741; x_wconf 76' lang='lat' dir='ltr'><strong>dubitaturum</strong></span> <span class='ocrx_word' id='word_1_190' title='bbox 509 2692 580 2740; x_wconf 87' lang='lat' dir='ltr'><strong>esse</strong></span> <span class='ocrx_word' id='word_1_191' title='bbox 599 2673 750 2739; x_wconf 76' lang='lat' dir='ltr'><strong>arbitror.</strong></span> 
     </span>
     <span class='ocr_line' id='line_1_24' title="bbox 177 2776 1072 2867; baseline 0.001 -22"><span class='ocrx_word' id='word_1_192' title='bbox 177 2776 440 2867; x_wconf 76' lang='lat' dir='ltr'><strong>biristopbenis</strong></span> <span class='ocrx_word' id='word_1_193' title='bbox 462 2778 531 2845; x_wconf 86' lang='lat' dir='ltr'><strong>loeo</strong></span> <span class='ocrx_word' id='word_1_194' title='bbox 555 2777 639 2865; x_wconf 90' lang='lat' dir='ltr'><strong>apud</strong></span> <span class='ocrx_word' id='word_1_195' title='bbox 664 2777 739 2843; x_wconf 83' lang='lat' dir='ltr'><strong>rou.</strong></span> <span class='ocrx_word' id='word_1_196' title='bbox 762 2778 830 2845; x_wconf 83' lang='lat' dir='ltr'><strong><em>VH.</em></strong></span> <span class='ocrx_word' id='word_1_197' title='bbox 858 2784 897 2845; x_wconf 83' lang='lat'><strong><em>15</em></strong></span> <span class='ocrx_word' id='word_1_198' title='bbox 921 2778 1072 2865; x_wconf 79' lang='lat' dir='ltr'><strong>legerim:</strong></span> 
     </span>
     <span class='ocr_line' id='line_1_25' title="bbox 339 2882 1008 2965; baseline 0 -15"><span class='ocrx_word' id='word_1_199' title='bbox 339 2882 482 2965; x_wconf 77' lang='grc' dir='ltr'><strong><em>αρθτιςαν</em></strong></span> <span class='ocrx_word' id='word_1_200' title='bbox 506 2888 580 2963; x_wconf 74' lang='grc' dir='ltr'><strong><em>ἡμῖν</em></strong></span> <span class='ocrx_word' id='word_1_201' title='bbox 598 2886 642 2957; x_wconf 81' lang='grc' dir='ltr'><strong><em>είς</em></strong></span> <span class='ocrx_word' id='word_1_202' title='bbox 661 2884 697 2949; x_wconf 82' lang='grc' dir='ltr'><strong><em>τὸ</em></strong></span> <span class='ocrx_word' id='word_1_203' title='bbox 717 2894 846 2959; x_wconf 76' lang='grc' dir='ltr'><strong><em>Θησεῖον</em></strong></span> <span class='ocrx_word' id='word_1_204' title='bbox 866 2885 1008 2965; x_wconf 82' lang='grc' dir='ltr'><strong><em>δραμεῖν,</em></strong></span> 
     </span>
     <span class='ocr_line' id='line_1_26' title="bbox 342 2987 1014 3073; baseline 0 -18"><span class='ocrx_word' id='word_1_205' title='bbox 342 2990 409 3057; x_wconf 80' lang='grc' dir='ltr'><strong><em>εἰιιῖ</em></strong></span> <span class='ocrx_word' id='word_1_206' title='bbox 426 2991 454 3056; x_wconf 85' lang='grc' dir='ltr'><strong><em>δ’</em></strong></span> <span class='ocrx_word' id='word_1_207' title='bbox 474 2988 529 3065; x_wconf 78' lang='grc' dir='ltr'><strong><em>ἕως</em></strong></span> <span class='ocrx_word' id='word_1_208' title='bbox 552 2990 592 3057; x_wconf 77' lang='grc' dir='ltr'><strong><em>ἂν</em></strong></span> <span class='ocrx_word' id='word_1_209' title='bbox 612 2996 724 3073; x_wconf 75' lang='grc' dir='ltr'><strong><em>πρᾶσιν</em></strong></span> <span class='ocrx_word' id='word_1_210' title='bbox 748 2987 881 3069; x_wconf 78' lang='grc' dir='ltr'><strong><em>εὕρωμεν</em></strong></span> <span class='ocrx_word' id='word_1_211' title='bbox 903 2989 1014 3069; x_wconf 85' lang='grc' dir='ltr'><strong><em>μένειν.</em></strong></span> 
     </span>
     <span class='ocr_line' id='line_1_27' title="bbox 145 3092 1303 3187; baseline 0.003 -22"><span class='ocrx_word' id='word_1_212' title='bbox 145 3092 205 3179; x_wconf 71' lang='grc' dir='ltr'><em>Μ</em></span> <span class='ocrx_word' id='word_1_213' title='bbox 229 3094 339 3165; x_wconf 79' lang='lat' dir='ltr'><strong>oditur</strong></span> <span class='ocrx_word' id='word_1_214' title='bbox 365 3096 433 3176; x_wconf 73' lang='grc' dir='ltr'><strong><em>ἐμοὶ</em></strong></span> <span class='ocrx_word' id='word_1_215' title='bbox 457 3094 465 3187; x_wconf 86' lang='grc' dir='ltr'>Ι</span> <span class='ocrx_word' id='word_1_216' title='bbox 488 3096 632 3179; x_wconf 81' lang='grc' dir='ltr'><strong><em>αριίτιςίν</em></strong></span> <span class='ocrx_word' id='word_1_217' title='bbox 663 3097 726 3165; x_wconf 76' lang='grc' dir='ltr'><strong><em>έιιν</em></strong></span> <span class='ocrx_word' id='word_1_218' title='bbox 757 3115 820 3161; x_wconf 89' lang='grc' dir='ltr'><strong><em>ιιοιι</em></strong></span> <span class='ocrx_word' id='word_1_219' title='bbox 848 3096 926 3161; x_wconf 86' lang='lat' dir='ltr'><strong>satis</strong></span> <span class='ocrx_word' id='word_1_220' title='bbox 951 3094 1031 3162; x_wconf 87' lang='lat' dir='ltr'><strong>bene</strong></span> <span class='ocrx_word' id='word_1_221' title='bbox 1054 3100 1204 3165; x_wconf 82' lang='lat' dir='ltr'><strong>convenit</strong></span> <span class='ocrx_word' id='word_1_222' title='bbox 1227 3120 1303 3168; x_wconf 86' lang='lat' dir='ltr'><strong>curn</strong></span> 
     </span>
     <span class='ocr_line' id='line_1_28' title="bbox 145 3200 1301 3292; baseline 0.003 -23"><span class='ocrx_word' id='word_1_223' title='bbox 145 3202 229 3279; x_wconf 74' lang='grc' dir='ltr'><strong><em>Ιιίιιι</em></strong></span> <span class='ocrx_word' id='word_1_224' title='bbox 248 3200 392 3285; x_wconf 79' lang='grc' dir='ltr'><strong><em>εὕραμεν.</em></strong></span> <span class='ocrx_word' id='word_1_225' title='bbox 428 3202 613 3269; x_wconf 82' lang='lat' dir='ltr'><strong>Deliberant</strong></span> <span class='ocrx_word' id='word_1_226' title='bbox 635 3202 723 3268; x_wconf 83' lang='lat' dir='ltr'><strong>inter</strong></span> <span class='ocrx_word' id='word_1_227' title='bbox 744 3221 779 3268; x_wconf 89' lang='lat' dir='ltr'><strong><em>so</em></strong></span> <span class='ocrx_word' id='word_1_228' title='bbox 798 3201 918 3268; x_wconf 87' lang='lat' dir='ltr'><strong>servuli</strong></span> <span class='ocrx_word' id='word_1_229' title='bbox 937 3201 976 3268; x_wconf 89' lang='lat' dir='ltr'><strong><em>de</em></strong></span> <span class='ocrx_word' id='word_1_230' title='bbox 1001 3201 1076 3289; x_wconf 84' lang='lat' dir='ltr'><strong>iuga</strong></span> <span class='ocrx_word' id='word_1_231' title='bbox 1097 3206 1301 3292; x_wconf 81' lang='lat' dir='ltr'><strong>capessenda.</strong></span> 
     </span>
     <span class='ocr_line' id='line_1_29' title="bbox 143 3300 1303 3392; baseline 0.003 -17"><span class='ocrx_word' id='word_1_232' title='bbox 143 3312 150 3325; x_wconf 92' lang='lat'>&#39;</span> <span class='ocrx_word' id='word_1_233' title='bbox 175 3300 247 3375; x_wconf 77' lang='lat' dir='ltr'><strong>tui·</strong></span> <span class='ocrx_word' id='word_1_234' title='bbox 270 3306 350 3375; x_wconf 77' lang='lat' dir='ltr'><strong>olibi</strong></span> <span class='ocrx_word' id='word_1_235' title='bbox 379 3306 673 3375; x_wconf 80' lang='lat' dir='ltr'><strong>demonstravimus</strong></span> <span class='ocrx_word' id='word_1_236' title='bbox 696 3327 758 3372; x_wconf 97' lang='lat' dir='ltr'><strong><em>non</em></strong></span> <span class='ocrx_word' id='word_1_237' title='bbox 790 3308 959 3388; x_wconf 83' lang='grc' dir='ltr'><strong><em>κέχρισμαι</em></strong></span> <span class='ocrx_word' id='word_1_238' title='bbox 983 3316 1016 3375; x_wconf 91' lang='lat' dir='ltr'><strong><em>et</em></strong></span> <span class='ocrx_word' id='word_1_239' title='bbox 1039 3311 1163 3392; x_wconf 83' lang='grc' dir='ltr'><strong><em>χρίσμα</em></strong></span> <span class='ocrx_word' id='word_1_240' title='bbox 1184 3310 1303 3379; x_wconf 81' lang='lat' dir='ltr'><strong>dixisse</strong></span> 
     </span>
     <span class='ocr_line' id='line_1_30' title="bbox 145 3398 1302 3503; baseline 0.006 -24"><span class='ocrx_word' id='word_1_241' title='bbox 145 3398 271 3493; x_wconf 66' lang='lat' dir='ltr'><strong><em>Vm,</em></strong></span> <span class='ocrx_word' id='word_1_242' title='bbox 304 3420 340 3481; x_wconf 86' lang='lat' dir='ltr'><strong><em>ut</em></strong></span> <span class='ocrx_word' id='word_1_243' title='bbox 362 3415 537 3495; x_wconf 80' lang='grc' dir='ltr'><strong><em>πέπρισμαι</em></strong></span> <span class='ocrx_word' id='word_1_244' title='bbox 560 3420 593 3479; x_wconf 90' lang='lat' dir='ltr'><strong><em>et</em></strong></span> <span class='ocrx_word' id='word_1_245' title='bbox 616 3415 763 3495; x_wconf 86' lang='grc' dir='ltr'><strong><em>πρίσμα,</em></strong></span> <span class='ocrx_word' id='word_1_246' title='bbox 796 3432 992 3500; x_wconf 85' lang='lat' dir='ltr'><strong>quamquam</strong></span> <span class='ocrx_word' id='word_1_247' title='bbox 1014 3423 1047 3480; x_wconf 90' lang='lat' dir='ltr'><strong><em>et</em></strong></span> <span class='ocrx_word' id='word_1_248' title='bbox 1065 3416 1140 3498; x_wconf 85' lang='grc' dir='ltr'><strong><em>πρίω</em></strong></span> <span class='ocrx_word' id='word_1_249' title='bbox 1162 3418 1302 3503; x_wconf 83' lang='lat' dir='ltr'><strong>priorem</strong></span> 
     </span>
     <span class='ocr_line' id='line_1_31' title="bbox 146 3512 1300 3603; baseline 0.007 -18"><span class='ocrx_word' id='word_1_250' title='bbox 146 3512 281 3597; x_wconf 62' lang='lat' dir='ltr'><strong>morit,</strong></span> <span class='ocrx_word' id='word_1_251' title='bbox 305 3518 362 3587; x_wconf 80' lang='lat' dir='ltr'><strong><em>sed</em></strong></span> <span class='ocrx_word' id='word_1_252' title='bbox 380 3518 530 3601; x_wconf 80' lang='grc' dir='ltr'><strong><em>νιέχριμαι</em></strong></span> <span class='ocrx_word' id='word_1_253' title='bbox 557 3526 590 3585; x_wconf 85' lang='lat' dir='ltr'><strong><em>et</em></strong></span> <span class='ocrx_word' id='word_1_254' title='bbox 610 3527 733 3601; x_wconf 80' lang='grc' dir='ltr'><strong><em>χρῖμα.</em></strong></span> <span class='ocrx_word' id='word_1_255' title='bbox 757 3526 794 3585; x_wconf 88' lang='lat' dir='ltr'><strong><em>ut</em></strong></span> <span class='ocrx_word' id='word_1_256' title='bbox 817 3518 975 3598; x_wconf 88' lang='grc' dir='ltr'><strong><em>ιιειιθνιμαι</em></strong></span> <span class='ocrx_word' id='word_1_257' title='bbox 1004 3526 1036 3586; x_wconf 84' lang='lat' dir='ltr'><strong><em>et</em></strong></span> <span class='ocrx_word' id='word_1_258' title='bbox 1062 3524 1195 3603; x_wconf 68' lang='grc' dir='ltr'><strong><em>μήνιμα.</em></strong></span> <span class='ocrx_word' id='word_1_259' title='bbox 1242 3526 1300 3593; x_wconf 88' lang='lat' dir='ltr'><strong><em>be-</em></strong></span> 
     </span>
     <span class='ocr_line' id='line_1_32' title="bbox 146 3616 1011 3711; baseline -0.001 -18"><span class='ocrx_word' id='word_1_260' title='bbox 146 3616 325 3703; x_wconf 60' lang='lat' dir='ltr'><strong>mimoni</strong></span> <span class='ocrx_word' id='word_1_261' title='bbox 343 3624 446 3711; x_wconf 76' lang='lat' dir='ltr'><strong>igitur</strong></span> <span class='ocrx_word' id='word_1_262' title='bbox 468 3622 558 3690; x_wconf 78' lang='lat' dir='ltr'><strong>fraus</strong></span> <span class='ocrx_word' id='word_1_263' title='bbox 580 3623 811 3691; x_wconf 82' lang='lat' dir='ltr'><strong>Graeculorum</strong></span> <span class='ocrx_word' id='word_1_264' title='bbox 834 3625 867 3689; x_wconf 88' lang='lat' dir='ltr'><strong><em>in</em></strong></span> <span class='ocrx_word' id='word_1_265' title='bbox 889 3624 1011 3692; x_wconf 85' lang='lat' dir='ltr'><strong>verbis:</strong></span> 
     </span>
     <span class='ocr_line' id='line_1_33' title="bbox 340 3724 1110 3813; baseline 0.004 -17"><span class='ocrx_word' id='word_1_266' title='bbox 340 3732 355 3796; x_wconf 78' lang='grc' dir='ltr'><em>ὃ</em></span> <span class='ocrx_word' id='word_1_267' title='bbox 375 3732 402 3796; x_wconf 89' lang='grc' dir='ltr'><strong><em>δ’</em></strong></span> <span class='ocrx_word' id='word_1_268' title='bbox 421 3724 462 3795; x_wconf 82' lang='grc' dir='ltr'><strong><em>αὖ</em></strong></span> <span class='ocrx_word' id='word_1_269' title='bbox 486 3730 681 3811; x_wconf 80' lang='grc' dir='ltr'><strong><em>Σοφοκλέους</em></strong></span> <span class='ocrx_word' id='word_1_270' title='bbox 700 3736 755 3796; x_wconf 77' lang='grc' dir='ltr'><strong><em>τοῦ</em></strong></span> <span class='ocrx_word' id='word_1_271' title='bbox 777 3731 883 3809; x_wconf 79' lang='grc' dir='ltr'><strong><em>μέλιτι</em></strong></span> <span class='ocrx_word' id='word_1_272' title='bbox 908 3733 1110 3813; x_wconf 76' lang='grc' dir='ltr'><strong><em>κεχρισμένον</em></strong></span> 
     </span>
     <span class='ocr_line' id='line_1_34' title="bbox 104 3832 979 3919; baseline 0.002 -19"><span class='ocrx_word' id='word_1_273' title='bbox 104 3900 107 3909; x_wconf 86' lang='grc'><strong><em>,</em></strong></span> <span class='ocrx_word' id='word_1_274' title='bbox 338 3832 440 3917; x_wconf 74' lang='grc' dir='ltr'><strong><em>ὅσπερ</em></strong></span> <span class='ocrx_word' id='word_1_275' title='bbox 458 3836 604 3901; x_wconf 80' lang='grc' dir='ltr'><strong><em>καδίσκον</em></strong></span> <span class='ocrx_word' id='word_1_276' title='bbox 627 3835 802 3919; x_wconf 80' lang='grc' dir='ltr'><strong><em>περιέλειχε</em></strong></span> <span class='ocrx_word' id='word_1_277' title='bbox 821 3838 856 3902; x_wconf 87' lang='grc' dir='ltr'><strong><em>τδ</em></strong></span> <span class='ocrx_word' id='word_1_278' title='bbox 876 3837 979 3915; x_wconf 77' lang='grc' dir='ltr'><strong><em>ςθμιι,</em></strong></span> 
     </span>
     <span class='ocr_line' id='line_1_35' title="bbox 104 3939 1299 4031; baseline 0.008 -28"><span class='ocrx_word' id='word_1_279' title='bbox 104 3996 107 4003; x_wconf 95' lang='grc'>.</span> <span class='ocrx_word' id='word_1_280' title='bbox 148 3941 260 4017; x_wconf 61' lang='grc' dir='ltr'><strong><em>μοι</em></strong></span> <span class='ocrx_word' id='word_1_281' title='bbox 280 3939 494 4028; x_wconf 72' lang='lat' dir='ltr'><strong>Aristophane</strong></span> <span class='ocrx_word' id='word_1_282' title='bbox 519 3939 612 4008; x_wconf 85' lang='lat' dir='ltr'><strong>aiiert</strong></span> <span class='ocrx_word' id='word_1_283' title='bbox 632 3940 691 4007; x_wconf 85' lang='lat' dir='ltr'><strong><em>bio</em></strong></span> <span class='ocrx_word' id='word_1_284' title='bbox 713 3940 960 4030; x_wconf 76' lang='lat' dir='ltr'><strong>Chrysostomus</strong></span> <span class='ocrx_word' id='word_1_285' title='bbox 979 3942 1018 4009; x_wconf 91' lang='lat'><strong><em>11.</em></strong></span> <span class='ocrx_word' id='word_1_286' title='bbox 1043 3948 1163 4031; x_wconf 76' lang='lat' dir='ltr'><strong>pers.</strong></span> <span class='ocrx_word' id='word_1_287' title='bbox 1205 3946 1299 4013; x_wconf 85' lang='lat' dir='ltr'><strong>bioni</strong></span> 
     </span>
     <span class='ocr_line' id='line_1_36' title="bbox 148 4030 1299 4139; baseline 0.011 -33"><span class='ocrx_word' id='word_1_288' title='bbox 148 4030 184 4101; x_wconf 74' lang='lat' dir='ltr'><strong><em>bt</em></strong></span> <span class='ocrx_word' id='word_1_289' title='bbox 203 4036 306 4113; x_wconf 80' lang='lat' dir='ltr'><strong>iirebut</strong></span> <span class='ocrx_word' id='word_1_290' title='bbox 330 4044 459 4123; x_wconf 80' lang='lat' dir='ltr'><strong>disere,</strong></span> <span class='ocrx_word' id='word_1_291' title='bbox 489 4047 671 4129; x_wconf 79' lang='grc' dir='ltr'><strong><em>κεχριμένον</em></strong></span> <span class='ocrx_word' id='word_1_292' title='bbox 704 4045 786 4113; x_wconf 85' lang='lat' dir='ltr'><strong>dixit</strong></span> <span class='ocrx_word' id='word_1_293' title='bbox 818 4048 1068 4135; x_wconf 81' lang='lat' dir='ltr'><strong>Aristophanes,</strong></span> <span class='ocrx_word' id='word_1_294' title='bbox 1101 4060 1137 4117; x_wconf 84' lang='lat' dir='ltr'><strong><em>ut</em></strong></span> <span class='ocrx_word' id='word_1_295' title='bbox 1169 4052 1299 4139; x_wconf 79' lang='lat' dir='ltr'><strong>biagnes</strong></span> 
     </span>
     <span class='ocr_line' id='line_1_37' title="bbox 150 4134 689 4239; baseline 0.004 -24"><span class='ocrx_word' id='word_1_296' title='bbox 150 4134 244 4217; x_wconf 79' lang='lat' dir='ltr'><strong>tium</strong></span> <span class='ocrx_word' id='word_1_297' title='bbox 261 4151 347 4238; x_wconf 77' lang='lat' dir='ltr'><strong>apuu</strong></span> <span class='ocrx_word' id='word_1_298' title='bbox 372 4151 486 4219; x_wconf 70' lang='lat' dir='ltr'><strong>neuen.</strong></span> <span class='ocrx_word' id='word_1_299' title='bbox 512 4170 543 4239; x_wconf 83' lang='lat' dir='ltr'><strong><em>p.</em></strong></span> <span class='ocrx_word' id='word_1_300' title='bbox 561 4154 637 4217; x_wconf 85' lang='lat' dir='ltr'><strong>ooo.</strong></span> <span class='ocrx_word' id='word_1_301' title='bbox 662 4172 689 4217; x_wconf 79' lang='grc' dir='ltr'><strong><em>ε.</em></strong></span> 
     </span>
    </p>
   </div>
   <div class='ocr_carea' id='block_1_3' title="bbox 258 4258 1032 4342">
    <p class='ocr_par' dir='ltr' id='par_1_3' title="bbox 258 4258 1032 4342">
     <span class='ocr_line' id='line_1_38' title="bbox 258 4258 1032 4342; baseline 0.003 -19"><span class='ocrx_word' id='word_1_302' title='bbox 258 4308 264 4315; x_wconf 89' lang='grc'>.</span> <span class='ocrx_word' id='word_1_303' title='bbox 337 4258 496 4324; x_wconf 81' lang='grc' dir='ltr'><strong><em>λούσαντα</em></strong></span> <span class='ocrx_word' id='word_1_304' title='bbox 518 4258 637 4324; x_wconf 75' lang='grc' dir='ltr'><strong><em>δεῖκαὶ</em></strong></span> <span class='ocrx_word' id='word_1_305' title='bbox 657 4258 822 4341; x_wconf 69' lang='grc' dir='ltr'><strong><em>βακκάριδι</em></strong></span> <span class='ocrx_word' id='word_1_306' title='bbox 843 4260 1032 4342; x_wconf 82' lang='grc' dir='ltr'><strong><em>κεχριμένον.</em></strong></span> 
     </span>
    </p>
   </div>
   <div class='ocr_carea' id='block_1_4' title="bbox 149 4350 649 4452">
    <p class='ocr_par' dir='ltr' id='par_1_4' title="bbox 149 4350 649 4452">
     <span class='ocr_line' id='line_1_39' title="bbox 149 4350 649 4452; baseline 0 -23"><span class='ocrx_word' id='word_1_307' title='bbox 149 4350 309 4433; x_wconf 60' lang='lat' dir='ltr'><strong>diuum</strong></span> <span class='ocrx_word' id='word_1_308' title='bbox 335 4362 449 4433; x_wconf 79' lang='grc' dir='ltr'><strong><em>ιιιιιειι.</em></strong></span> <span class='ocrx_word' id='word_1_309' title='bbox 474 4385 505 4452; x_wconf 83' lang='lat' dir='ltr'><strong><em>p.</em></strong></span> <span class='ocrx_word' id='word_1_310' title='bbox 528 4368 602 4431; x_wconf 83' lang='grc' dir='ltr'><strong><em>ιιι.</em></strong></span> <span class='ocrx_word' id='word_1_311' title='bbox 628 4362 649 4429; x_wconf 89' lang='grc' dir='ltr'><strong><em>ι.</em></strong></span> 
     </span>
    </p>
   </div>
   <div class='ocr_carea' id='block_1_5' title="bbox 0 0 1474 5010">
    <p class='ocr_par' dir='ltr' id='par_1_5' title="bbox 0 0 1474 5010">
     <span class='ocr_line' id='line_1_40' title="bbox 0 0 1474 5010; baseline 0 0"><span class='ocrx_word' id='word_1_312' title='bbox 0 0 1474 5010; x_wconf 95' lang='lat' dir='ltr'><strong><em> </em></strong></span> 
     </span>
    </p>
   </div>
  </div>
 </body>
</html>
