2940 5010
711 298 775 360 tut

149 470 334 541 unoiaiihus
363 478 492 538 exarato
522 467 695 554 descripsit
724 478 1002 537 ΕΠΙΣΤΛΜΟΤΙ
1034 471 1121 538 atiud
1155 491 1253 558 agens
1284 473 1331 540 sio

147 575 346 667 depravavit
1209 642 1212 647 .

191 682 299 752 Verba
323 680 543 767 Xenophontis
576 679 669 746 Mem.
692 678 734 746 il.
760 700 793 744 u.
821 683 873 745 12.
898 682 916 757 ἢ
940 681 994 748 καί
1024 690 1081 758 τῆς
1109 685 1220 765 παρὰ
1246 687 1330 752 τηρ.

146 812 225 857 τιον
256 788 375 861 εὐνοίας
407 784 460 853 οίει
490 787 552 854 δεῖν
575 786 809 865 ίπιμελεῑοίαι,
842 784 1008 854 declarant
1036 789 1195 874 quomodo
1227 809 1333 857 ειιιειν-

146 892 221 963 tilri
244 900 390 982 oporteat
419 891 526 957 locum
559 893 592 957 in
624 889 776 958 Oratione
799 890 823 956 i.
858 894 930 958 κατ’
960 894 1199 974 Ἀριςογείτουος
1234 899 1253 982 §
1277 901 1333 962 64.

147 998 268 1075 πόντος
298 995 379 1064 οὗτοι
411 1001 568 1066 ουνεςῖοοι.
602 997 788 1076 προδέδοσθε.
824 1000 841 1072 ἡ
877 1001 950 1080 παρ’
985 999 1075 1078 ἐμοὶ
1110 1000 1200 1078 μόνον
1234 1000 1335 1069 εὔνοια

145 1106 254 1183 λοιπή.
302 1102 389 1169 uteri
414 1122 476 1168 non
502 1110 606 1188 potest
629 1102 707 1188 quin
740 1099 856 1168 Orator
879 1103 1066 1190 scripserit:
1091 1107 1109 1182 η
1133 1108 1207 1189 παρ’
1236 1108 1333 1185 ἐμοῦ

145 1210 240 1293 μένον
261 1207 382 1285 εὔνοια,
415 1215 451 1272 ut
477 1207 577 1274 httioi
601 1226 712 1273 omues
741 1214 928 1274 constanter
951 1209 1139 1295 loquuntur.
1186 1210 1276 1278 Plato
1300 1214 1332 1277 in

147 1420 204 1491 ste
236 1439 329 1506 saepe
358 1418 491 1499 τιμωρία
523 1418 610 1501 παροί
644 1442 723 1490 τινος
747 1417 870 1484 tiiuitur
892 1427 925 1485 et
949 1421 1105 1501 ἐπικουρία
1138 1429 1170 1486 et
1189 1423 1334 1502 βοήθεια,

146 1534 183 1597 et
202 1528 322 1604 ἐειίοεις
346 1531 379 1590 et
401 1523 502 1606 φόβος
522 1522 609 1606 παρα
632 1547 730 1601 τινος,
755 1523 808 1590 sed
831 1525 1019 1611 saepissime
1042 1526 1165 1602 εὔνοια,
1189 1537 1226 1594 ut
1249 1527 1334 1615 apud

147 1629 315 1703 Demosth.
339 1627 379 1694 tie
402 1628 525 1694 Corone
550 1631 569 1714 §
594 1634 625 1695 5.
649 1638 706 1704 τῆς
730 1631 803 1709 παρ’
827 1632 909 1708 ὑμῶν
934 1632 1051 1705 εὐνοίας
1075 1632 1279 1714 διαμαρτεῖν,
1303 1640 1336 1701 et

145 1736 225 1807 ΙΙίΙλί
250 1739 268 1815 ἦ
293 1735 380 1817 παρὰ
403 1735 474 1799 θεῶν
497 1734 609 1800 εὔνοια.
658 1731 775 1799 Eodem
803 1734 895 1800 ruodo
918 1736 933 1800 ί
957 1739 1030 1818 παρ’
1054 1737 1129 1816 ἐμοῦ
1161 1739 1255 1816 λόγος
1287 1738 1334 1803 di·

146 1840 266 1913 oehant
288 1846 322 1906 et
343 1840 387 1905 τα
411 1842 485 1921 παρ’
509 1842 603 1920 ἐμοῦ,
626 1838 669 1905 τὰ
692 1845 765 1919 παρ’
786 1841 870 1917 ἡμῶν
894 1849 927 1906 et
948 1844 1020 1906 sim.
1046 1841 1100 1908 sed
1121 1844 1199 1908 vitio
1222 1843 1332 1911 eadem

145 1946 271 2017 loentio
291 1953 366 2012 nota
390 1954 440 2010 est
463 1944 547 2031 apud
571 1942 817 2029 Aristophanem
844 1946 876 2010 in
897 1945 1034 2034 Lysistr.
1055 1951 1132 2013 nte.

329 2052 368 2117 σὺ
391 2052 449 2129 μὲν
471 2050 584 2131 βάδιζε
608 2049 661 2114 καί
684 2049 728 2114 τοὶ
752 2053 825 2130 παρ’
850 2051 947 2129 ὑμῶν
971 2048 1005 2117 εὖ
1025 2053 1122 2129 riter,

329 2156 422 2222 τασδὶ
444 2157 471 2221 δ’
491 2156 618 2236 ὃμηρους
642 2153 800 2237 κατάλιφ’
825 2156 898 2233 ἡμῖν
918 2156 1043 2235 leodos,

142 2262 204 2333 uhi
227 2263 388 2329 sententia
412 2262 550 2347 requirit
572 2261 615 2327 τὰ
639 2264 713 2340 παρ’
737 2259 834 2337 ὑμῖν.

185 2366 262 2437 otoo
283 2367 339 2432 uni
365 2365 434 2432 iooo
456 2365 666 2431 emaculando
698 2363 790 2429 utilia
820 2373 896 2430 sunt
921 2365 1016 2431 verba
1050 2367 1270 2455 Xenophontis
1299 2372 1331 2437 in

143 2472 243 2543 mm.
266 2471 306 2538 ΙΙ.
331 2492 376 2537 rx.
402 2477 432 2538 r.
462 2473 589 2550 νομίσας
611 2471 642 2535 δέ
670 2471 683 2533 ὁ
707 2470 901 2550 Ἀρχέδημος
924 2472 1105 2555 οίπυτροφην
1128 2477 1154 2540 οἱ
1183 2477 1235 2541 τὸν
1264 2478 1333 2556 Κρί-

142 2600 240 2652 τωνος
263 2572 342 2643 οἷκον
363 2575 456 2655 μοίλα
481 2585 693 2657 περιεῖπεν
714 2575 818 2639 αὐτόν.
866 2575 974 2641 lonico
1000 2577 1095 2643 buius
1121 2579 1209 2645 verbi
1231 2581 1333 2648 forma

140 2680 308 2753 retinenda
332 2681 504 2748 Parthenio
528 2689 577 2745 est
602 2681 634 2745 in
660 2679 787 2745 Narrat.
814 2680 955 2746 Amator.
991 2702 1060 2769 oap.
1086 2690 1137 2750 ro.
1173 2688 1206 2750 οὐ
1235 2688 1332 2765 μεθίει

140 2790 298 2861 ταύτὸν
332 2783 615 2870 ἀμφιπεσοῦσα
640 2808 676 2849 τε
705 2785 757 2849 καὶ
786 2783 974 2866 ἐξηρτημένη
1000 2793 1107 2854 ποῖοαν
1130 2788 1225 2870 ὥραν,
1257 2812 1331 2856 nam

141 2894 307 2965 antemio
338 2893 400 2959 loci
424 2891 632 2973 ὦμφιέπουοα
661 2889 811 2975 postutat.
860 2889 931 2956 Alio
956 2892 1048 2957 ruodo
1077 2896 1231 2975 nonciarent
1258 2917 1332 2962 oon·

139 3000 231 3089 oepit
258 3000 375 3065 vitiurn
400 2996 485 3084 apud
511 2993 714 3060 Heliodorum
747 2997 777 3058 in
808 2995 983 3081 Hirsohigii
1016 2997 1156 3064 Erotieis
1191 3021 1219 3086 p.
1243 3006 1331 3080 263,

140 3110 198 3175 δῦ.
222 3104 280 3185 ἐμέ
298 3106 325 3172 δ’
345 3102 529 3184 ἐμακάριζον
550 3101 602 3165 καὶ
624 3101 895 3180 περιείποντο
919 3102 1056 3167 ἐντεῦθεν
1078 3105 1240 3179 παντοίως.
1275 3107 1331 3173 Le·

140 3210 282 3279 nonno
307 3209 449 3275 remedio
473 3206 602 3272 sarrahis
634 3204 741 3269 locon
776 3206 1003 3272 rescribendo:
1040 3218 1194 3289 περιεῖπον
1222 3213 1257 3276 τὸ
1288 3212 1332 3275 ἐ·

138 3316 259 3385 τεῦθον.
306 3313 442 3381 Gravius
465 3311 568 3377 morito
592 3310 725 3377 verhurn
752 3307 835 3374 idem
865 3320 1053 3399 corruptum
1075 3322 1124 3379 est
1146 3313 1231 3400 apud
1258 3314 1331 3382 Piu-

139 3418 294 3491 turollum
318 3420 357 3485 de
380 3417 530 3484 Herodoti
552 3417 749 3501 muliqrn'tute
773 3436 801 3500 p.
818 3420 897 3481 867.
924 3418 961 3482 Ε.
987 3420 1125 3501 τρηχέως
1148 3420 1179 3485 δέ
1202 3445 1330 3504 περιε-

139 3526 364 3611 reniterer
388 3561 433 3574 -—
456 3525 588 3604 δρηομὸυ
610 3523 773 3601 ἐβούλευον
798 3523 841 3594 εἰς
864 3524 920 3598 την
943 3523 1099 3591 Ἑλλοίδα.
1148 3526 1240 3612 Aput
1269 3528 1329 3594 He-

138 3630 292 3703 rntiotum
325 3628 455 3714 benique
484 3628 597 3692 hohere
630 3627 693 3692 dici
720 3625 800 3691 sotet
826 3624 861 3693 εὖ
884 3629 1056 3709 περιέπειν,
1089 3639 1121 3696 ot
1143 3631 1227 3697 mole
1249 3634 1329 3699 mni·

138 3758 236 3815 arro,
257 3734 397 3817 τρηχέως
421 3734 594 3814 περιέπειν,
619 3733 773 3813 περιέπειν
802 3733 1001 3814 τρηχύτατα.
1049 3735 1160 3821 ltaque
1189 3740 1328 3820 τρηχέως

137 3844 174 3915 δέ
196 3840 496 3925 περιεφθέντες
528 3846 616 3902 certa
641 3838 828 3903 coniectura
850 3840 961 3924 reponi
983 3841 1158 3924 potuisset,
1181 3845 1278 3908 etiarn
1300 3846 1327 3911 si

136 3968 219 4019 rere
241 3947 338 4014 lectio
359 3965 421 4010 non
450 3943 560 4009 illaesa
584 3942 667 4029 apud
692 3940 887 4008 Herodotum
910 3953 1050 4010 exstaret
1073 3946 1155 4014 v111.
1184 3953 1235 4015 18.

184 4051 312 4123 Aeeedo
335 4069 423 4116 nuno
447 4053 485 4114 ad
507 4048 587 4120 duos
611 4047 710 4115 libros
730 4049 797 4128 περὶ
819 4056 875 4123 τῆς
895 4050 1147 4129 Λακεδαιμονίων
1167 4056 1326 4127 πολιτείας

135 4168 174 4233 et
207 4156 277 4241 περ)
307 4165 364 4232 τῆς
396 4154 562 4229 Ἀθηναίων
589 4155 766 4229 πολιτείας,
800 4153 856 4239 qui
890 4172 1086 4238 quamquam
1119 4175 1137 4221 a
1166 4156 1328 4246 plerisque

136 4284 205 4335 nori
228 4282 300 4331 esse
322 4261 426 4348 ipsius
449 4257 669 4344 Xenophontis
693 4266 867 4344 putantur,
898 4259 1025 4344 antiqui
1052 4267 1161 4327 tamen
1194 4270 1225 4328 et
1254 4261 1328 4328 honi

136 4368 311 4458 seripturis
334 4386 404 4433 esse
428 4365 519 4432 tacite
547 4371 595 4430 est
625 4364 801 4450 unionique
823 4362 861 4428 ad
884 4361 1140 4450 intelligentium.
1189 4365 1329 4453 Uterque

1076 4478 1104 4516 5⁰
