2940 5010
697 278 761 340 150

137 453 223 544 nysii
252 452 371 519 urinuci
395 452 464 518 ioco
487 448 528 519 ad
552 449 725 517 Locrenses
747 449 895 532 χκμᾶθεν
925 451 997 530 ὑμῖν
1022 449 1048 515 οἱ
1070 447 1217 527 τέττιγες
1240 450 1281 532 da

139 585 212 637 πει,
234 578 334 646 quum
350 557 534 644 significare
551 555 644 622 vellet
666 558 710 623 τὰ
730 556 836 638 δένδρα
861 558 933 634 ὑμῖν
949 554 1174 630 summram,
1198 561 1230 618 et
1246 574 1281 640 ap

141 664 346 733 Aristotelem
370 663 500 729 lihetor.
530 661 570 728 ll.
592 665 631 727 91
663 671 696 728 et
722 663 754 728 in
784 662 940 728 Demetrii
965 659 1048 727 libro
1076 659 1145 741 περὶ
1175 660 1281 741 ἱρμννε.

142 775 182 859 §§
202 773 246 836 99
265 779 297 836 et
322 773 386 834 nto
409 769 442 834 in
469 768 609 853 χκμθθεν
634 787 745 834 omncs
768 767 963 853 conspirant.
1019 763 1090 831 atta
1113 765 1281 850 exemplar

143 874 251 941 dimus
275 875 434 961 inpriore
458 874 552 940 Parte
575 893 647 959 pag.
668 876 730 950 89,
762 871 846 938 unde
866 871 926 938 hoc
948 872 1028 938 satis
1047 879 1174 936 cenum
1199 889 1267 936 esse

144 979 304 1067 telligitur
326 980 468 1061 χκμὸθεν
491 978 661 1045 Veteribus
682 976 866 1043 inauditum
889 996 960 1044 asse
983 984 1016 1043 et
1038 972 1145 1042 sicubi
1168 974 1253 1061 apud
1279 1007 1281 1026 ι

145 1087 290 1152 occurrit
332 1084 511 1150 scribarum
553 1083 697 1150 socordia
737 1083 918 1168 irrepsisse.
976 1082 1148 1148 Praeterea
1188 1079 1265 1166 quid

146 1190 364 1258 Grammatico
386 1187 501 1267 iacias,
524 1190 580 1275 qui
606 1191 691 1256 serio
715 1189 855 1274 potuerit
874 1189 908 1253 in
929 1189 1075 1254 animum
1100 1185 1281 1267 inducere:

144 1298 243 1376 μᾶθεν
271 1315 328 1381 pro
357 1296 470 1376 χκμκθ
493 1313 645 1381 umquam
674 1291 798 1358 dictum
818 1312 889 1359 esse
916 1303 949 1360 et
974 1294 1123 1377 χκμῖιθεν
1147 1294 1222 1365 reas
1246 1292 1281 1356 Ιιν

146 1412 231 1467 stans
256 1397 479 1483 coniungenda
500 1418 586 1477 esse,
610 1397 694 1485 quod
716 1418 777 1463 nou
803 1399 912 1465 miuus
929 1397 1105 1465 absurdum
1125 1406 1176 1463 est
1195 1417 1281 1485 quun

146 1506 222 1593 quis
244 1506 394 1587 χκμᾶθεν
417 1506 535 1571 κεῖσθκν
564 1503 658 1570 vellet
680 1503 788 1570 dicere
811 1512 867 1570 uui
890 1504 1014 1586 θθρκθεν
1045 1522 1103 1590 pru
1134 1503 1258 1586 θθρκπνν

148 1610 367 1691 ὀλνμπθκθεν
384 1629 441 1696 pro
458 1612 684 1690 Ὀλυμπίασιν.
732 1608 828 1675 Misso
847 1616 955 1676 autem
970 1608 1150 1687 Prisciauo,
1172 1608 1257 1697 qui(
1278 1629 1281 1666 ι

145 1714 242 1782 inulti
268 1713 405 1804 iaciunt)
426 1735 488 1781 non
513 1715 599 1781 locos
615 1714 761 1801 singulos
782 1713 823 1780 ad
848 1715 947 1781 totius
969 1713 1100 1801 liuguae
1125 1734 1221 1780 usum
1241 1723 1273 1780 et

149 1821 269 1887 tionem
297 1822 416 1907 exigit,
447 1820 566 1888 sedux
594 1818 732 1906 singulis
758 1817 837 1886 lucis
863 1821 962 1887 etiam
994 1818 1078 1887 male
1104 1817 1278 1885 intellectis

147 1926 274 1994 vitiosis
291 1926 419 1996 dicendi
440 1946 534 1993 usum
556 1927 601 1991 ita
622 1926 791 1992 coustituit
810 1933 842 1992 et
863 1924 1003 2012 colligit,
1026 1932 1064 1991 ut
1086 1923 1166 1990 nihil
1191 1927 1270 1992 satis

147 2050 239 2098 mum
267 2040 301 2098 ct
330 2031 444 2098 stabile
469 2030 633 2107 rideatur,
667 2034 720 2096 cui
749 2030 857 2117 aliqua
883 2029 1037 2097 Codicum
1069 2030 1232 2118 scriptura
1261 2039 1281 2097 t·

149 2156 246 2224 quam
272 2137 423 2204 machina
451 2136 612 2202 obmorari
633 2137 750 2223 possit,
774 2135 940 2202 videamus
961 2155 1002 2202 au
1025 2154 1064 2201 ex
1087 2136 1250 2223 corruptis
1272 2156 1282 2201 r

150 2242 236 2327 quiis
257 2242 380 2308 Cratini
400 2261 533 2308 manum
549 2243 710 2328 possimus
726 2260 842 2309 eruere
862 2249 898 2307 ut
918 2259 1014 2307 sanae
1034 2240 1153 2306 rationi
1171 2249 1281 2308 certae

149 2346 314 2432 analogiae
342 2348 414 2413 usui
440 2349 623 2413 consultum
653 2348 706 2413 sit.
754 2345 872 2413 Videor
898 2344 979 2411 milii
1002 2348 1184 2414 octonarios
1207 2347 1281 2415 later

150 2451 184 2517 iu
209 2450 263 2517 illa
288 2451 427 2538 caligine
451 2451 705 2538 deprehendere,
731 2471 811 2538 quos
834 2453 881 2518 sic
907 2452 1148 2519 constituerim:

734 2553 765 2631 ὃς
788 2558 848 2632 τὰς
875 2560 968 2631 πθτνς
991 2557 1155 2637 ἕκκμπτεν

332 2662 404 2734 ἑςὼς
427 2662 575 2742 χαμᾶθεν
599 2661 730 2750 (ῥᾳδίως)
755 2661 854 2746 ἄκρκς
878 2662 977 2743 adnue
997 2662 1173 2741 κκθθλκων,

149 2765 252 2852 quod,
277 2765 390 2845 credo,
415 2765 520 2832 lacere
540 2765 708 2833 dicebatur
727 2767 814 2834 Sinis
838 2770 923 2855 ipse,
946 2770 961 2833 t
982 2767 1247 2847 πιτυοκάμπτης,

328 2871 385 2958 qui
409 2879 535 2958 poterat
558 2891 694 2937 curvare
717 2873 824 2940 trabes
844 2882 876 2940 et
899 2872 1014 2960 agebat
1035 2871 1075 2940 ab
1099 2871 1164 2939 alto

329 2975 370 3043 ad
396 2985 515 3043 terram
540 2975 603 3043 late
624 2996 794 3063 sparsuras
814 2998 948 3065 corpora
970 2979 1089 3065 pinus,

149 3090 233 3150 teste
245 3081 358 3149 Ovidis
375 3081 584 3170 Metamorph.
608 3082 675 3148 Vll.
689 3087 766 3149 440.
813 3082 1054 3170 Comparuudus
1069 3082 1238 3169 Euripidis
1256 3082 1281 3151 lu

151 3189 183 3254 iu
205 3187 339 3256 Bacchis
364 3192 463 3255 1068:

331 3297 370 3368 ὡς
394 3297 483 3359 κλῶν’
504 3293 593 3376 θρεννν
613 3294 628 3358 θ
652 3292 734 3370 ξένος
757 3302 861 3376 χεροῖν
883 3292 971 3373 ἄνων

332 3398 494 3476 ἔκκμπτεν
518 3400 561 3470 εἷς
584 3407 644 3477 νῦν
668 3398 803 3479 ἔργματ’
825 3398 897 3480 οὐχὶ
922 3401 1017 3476 θνητὰ
1039 3400 1122 3482 δρῶν.

197 3501 321 3569 Cratini
350 3502 527 3569 versiculos
549 3502 635 3589 apud
658 3504 814 3580 Zoparam
838 3524 869 3589 p.
891 3507 976 3571 1366
1000 3504 1081 3572 beno
1110 3505 1281 3574 lleinelriur

152 3606 240 3673 liuuc
260 3606 392 3674 modum
415 3608 605 3674 constituit:

336 3713 349 3777 ὃ
370 3714 506 3794 Φορμίων
525 3721 606 3795 τρεῖς
630 3715 779 3796 ἀργυροῦς
802 3717 906 3791 sirau
928 3714 989 3799 ἔφη

335 3818 496 3900 τρθπνδκς,
518 3819 615 3885 ἔπειτ’
639 3817 742 3894 ἔθηκεν
764 3817 818 3884 ἕνκ
840 3819 1043 3900 μολύβδννον,

153 3923 217 3990 nisi
241 3921 325 4009 quod
348 3922 451 3997 ἔθηκεν
475 3943 538 3989 uon
567 3922 745 3990 satisfacit:
779 3924 884 3993 reatum
903 3926 1034 4007 τρθπνδκ
1062 3926 1183 4014 optime
1208 3926 1281 3994 dicit

152 4029 282 4110 τρίποδες
302 4028 414 4095 τιθέναι
435 4049 498 4095 nou
518 4030 607 4095 item.
654 4028 744 4111 Quod
765 4029 850 4116 apud
870 4031 1027 4097 Zonaram
1046 4039 1096 4099 cst
1112 4031 1226 4100 inaura
1243 4032 1281 4102 θθ

152 4152 253 4201 manu
276 4133 367 4202 ducit
387 4132 427 4202 ad

332 4240 495 4324 τρθπνδκς,
518 4240 616 4307 ἔπειτ’
639 4241 782 4317 ἀνέθηκεν
806 4239 860 4308 ἕνκ
883 4243 1077 4323 μολύβδννεν.

197 4343 234 4410 ln
257 4343 460 4414 Pherecratis
476 4347 703 4415 venustissimo
725 4346 907 4435 fragmento
921 4349 1007 4436 apud
1029 4349 1147 4419 Athen.
1172 4368 1203 4435 p.
1218 4339 1281 4416 ‘aar
