2940 5010
693 276 759 337 540

145 446 323 516 mostbenis
343 447 500 516 disertum
530 447 752 516 testimonium
784 447 1066 528 narratiunculae,
1105 453 1205 521 cuius
1230 470 1326 542 neque

146 562 260 621 auctor
290 553 375 621 ullus
397 561 561 622 constaret
592 572 697 641 neque
720 552 814 623 fides.
858 554 944 623 llaec
963 563 1073 623 autem
1103 556 1177 644 ipsa
1201 555 1326 626 mors

145 683 197 734 σος
226 659 279 726 xci
313 659 521 740 πεπλασμένη
553 658 723 742 παράδοσις
755 658 942 728 incredibile
968 660 1061 730 dictu
1090 667 1143 729 est
1174 671 1328 748 qmluut

146 766 306 852 pepererit
331 772 587 832 commentorum
615 772 649 832 et
673 762 882 844 labellorum,
912 784 995 851 quae
1023 784 1087 833 uon
1111 774 1244 835 tantu·
1265 768 1328 835 iue-

149 890 207 937 nes
230 868 372 938 etlalsae
395 877 488 947 sunt,
512 869 569 937 scd
587 868 681 957 plane
698 870 826 957 ineptae
849 878 883 937 et
903 868 1064 938 absurdae
1084 890 1194 960 neque
1217 880 1330 961 tempo

146 974 238 1043 ribus
255 985 304 1043 sat
318 974 484 1043 commode
496 974 618 1042 diuisae
638 994 743 1062 neque
755 974 901 1041 moribus
923 983 981 1043 aut
1001 975 1132 1065 ingenio
1153 978 1238 1045 satis
1258 996 1328 1045 cou-

143 1081 310 1148 venientes
331 1099 462 1158 eorum,
495 1080 613 1167 quibus
636 1079 878 1157 tribuerentur,
902 1099 1007 1168 neque
1039 1080 1119 1149 adeo
1141 1100 1257 1151 rerum
1277 1101 1329 1149 m·

146 1195 241 1254 turae
267 1194 325 1252 aut
347 1186 477 1252 veritati
502 1205 683 1273 congruae,
705 1205 789 1272 quae
811 1183 911 1252 veluti
931 1185 1042 1253 sordes
1064 1184 1227 1275 quaedam
1245 1187 1330 1276 prin·

146 1291 255 1377 cipum
300 1291 445 1358 uirorum
485 1293 632 1379 personis
664 1289 946 1358 adbaerescebant.
1003 1291 1170 1374 Quantum
1202 1290 1329 1381 ,fabule-

146 1414 219 1460 rum
241 1393 363 1461 nullius
386 1397 481 1482 pretii
494 1396 688 1482 conquisivit
705 1397 847 1483 undique
869 1395 1027 1482 Diogenes
1045 1397 1217 1478 Laertius,
1237 1396 1330 1467 borno

146 1499 269 1567 multae
297 1508 329 1567 et
348 1499 484 1568 diffusae
505 1500 667 1579 lectionis,
690 1501 746 1569 sed
769 1509 835 1569 tam
859 1499 981 1567 nullius
1006 1499 1120 1569 iudicii
1142 1502 1330 1591 ingeniique

147 1605 243 1672 bomo
267 1614 303 1672 ut
326 1606 396 1672 eius
418 1606 578 1691 interpres
607 1605 792 1691 blenagius,
824 1623 1022 1692 quamquam
1044 1605 1169 1693 etipse
1197 1614 1331 1675 naturae

146 1730 209 1776 non
241 1709 430 1789 dissimilis,
464 1729 541 1796 prae
564 1730 602 1776 eo
637 1720 753 1777 acutus
785 1719 817 1777 et
840 1710 1028 1796 ingeniosus
1059 1730 1131 1777 esse
1170 1711 1328 1781 uideatur.

144 1817 302 1902 Diogenes
330 1814 418 1883 nullo
438 1813 582 1894 delectu,
620 1815 707 1882 nullo
739 1816 868 1892 ordine,
904 1814 991 1881 nullo
1022 1836 1156 1903 prorsus
1188 1816 1328 1897 iudicio,

143 1920 302 2009 quidquid
328 1921 445 2008 ubique
468 1920 598 2007 legisset
629 1929 751 1988 temere
774 1923 806 1988 in
830 1920 976 1987 chartam
1008 1922 1168 2001 coniecit,
1199 1923 1235 1989 in
1263 1924 1328 2011 qui·

143 2026 206 2095 bus
242 2028 481 2114 quamplurima
515 2034 591 2093 sunt
624 2026 795 2095 maniiesto
825 2028 1053 2095 commenticia
1082 2036 1116 2096 et
1147 2028 1246 2116 plane
1278 2028 1329 2095 nb-

142 2133 244 2200 surda
276 2153 315 2200 ex
336 2133 509 2200 levissimis
531 2131 792 2220 lutilissimisque
823 2132 1035 2219 scriptoribus
1067 2143 1200 2215 sumta,
1231 2134 1327 2203 dero·

144 2241 238 2317 rino,
262 2237 446 2327 Pamphila,
470 2237 660 2316 idomeneo,
690 2239 852 2305 Demetrio
887 2238 1086 2327 byzantino,
1118 2239 1208 2308 lusto
1240 2240 1326 2309 'libe-

144 2346 261 2423 riensi,
288 2344 381 2420 aliis;
412 2356 578 2431 praeterea
607 2343 670 2410 alia
694 2345 797 2411 multa
818 2345 889 2410 sinc
915 2343 978 2410 ullo
1002 2353 1085 2412 teste
1109 2344 1210 2437 relert
1238 2345 1327 2435 plane

143 2452 312 2517 ἀδέσποτον
334 2451 386 2516 καὶ
412 2449 638 2528 πεπλασμένην
662 2449 840 2532 παράδοσιν.
887 2449 980 2516 Iuvat
1009 2470 1112 2537 pauca
1143 2451 1184 2518 tle
1215 2450 1268 2519 itis
1291 2471 1326 2519 ex

146 2558 211 2622 vita
236 2556 398 2633 Socratis,
422 2555 564 2621 Platonis
591 2563 621 2620 et
647 2555 867 2642 Xenophontis
896 2554 1061 2635 indicare,
1094 2565 1130 2622 ut
1154 2558 1325 2645 unicuique

143 2671 296 2751 appareat
319 2659 398 2747 quid
422 2663 465 2726 sit
487 2659 670 2726 istiusmodi
695 2663 768 2728 testi
792 2660 1011 2727 tribuendum.

190 2766 231 2834 ll.
258 2772 309 2834 19.
357 2765 521 2833 Socratem
555 2765 631 2832 iacit
664 2768 870 2852 Anaxagorae
893 2765 1085 2832 auditorem.
1133 2765 1237 2848 Quam
1262 2785 1322 2834 mu·

141 2872 209 2939 lum
247 2882 280 2939 et
313 2873 476 2958 ingratum
513 2871 709 2957 discipulum
747 2873 953 2958 Anaxagoras
988 2873 1035 2938 sie
1071 2871 1224 2939 babuerit
1258 2870 1320 2941 side

141 2979 226 3067 apud
251 2979 491 3066 Xenophontem
517 2978 648 3043 Memor.
667 2977 720 3043 tv.
746 3000 798 3044 ιιι.
823 2983 843 3043 6
867 2998 936 3064 sqq.

254 3089 307 3153 20.
356 3084 504 3152 Socrates
529 3103 592 3150 una
616 3104 689 3150 eum
711 3083 878 3171 'Aeschine
900 3083 1065 3166 inrepsisse
1088 3080 1237 3160 ἐδίδαξεν.

362 3191 449 3257 Crito
468 3189 632 3257 Socratem
654 3191 818 3271 inarimos
830 3198 887 3267 τῆς
910 3189 998 3255 κατὰ
1013 3191 1122 3272 ψυχὴν
1144 3190 1275 3273 χάριτος

358 3298 504 3380 ἐρασθείς.

254 3407 308 3468 bl.
358 3402 485 3470 Solebat
510 3401 658 3469 Socrates
681 3405 712 3470 ἐν
740 3413 811 3477 ταῖς
837 3403 981 3485 ζησιίσεσι
1012 3401 1240 3485 κονδυλίζεσθαι
1269 3400 1315 3468 ποί

142 3509 392 3588 παρατίλλεσθαι
420 3510 456 3575 τὸ
479 3509 572 3574 πλέον
595 3534 631 3575 σε
653 3512 810 3588 γελᾶσθαι
834 3509 1134 3590 καταφρονούμενος.

254 3616 307 3678 st.
355 3613 503 3680 Socrates
525 3615 615 3692 μίνος
636 3617 867 3698 ἀπεψηφίσατο
891 3621 949 3681 σῶν
974 3615 1246 3695 senescerere«.
1272 3612 1315 3680 lu·

140 3717 301 3785 audivisse
324 3716 446 3805 aliquid
470 3718 561 3786 vides
585 3719 767 3799 bominem,
791 3719 875 3806 quod
905 3719 1087 3786 cuiusmodi
1111 3728 1197 3786 esset
1222 3736 1316 3806 ncqm

139 3832 290 3890 accurate
314 3824 473 3891 intellexit
496 3845 599 3911 neque
627 3825 731 3891 veritis
758 3836 831 3912 apte
853 3824 960 3891 dicere
984 3825 1098 3912 potuit.
1145 3824 1251 3907 Quam
1270 3844 1316 3892 ne·

140 3929 299 4016 gligenter
322 3929 408 3996 enim
434 3930 465 3995 in
491 3949 529 3996 ea
554 3950 588 3997 re
613 3932 720 4016 posuit
741 3930 876 3997 verbum
900 3931 1142 4013 ἀπεψηφίσατο.

251 4039 304 4102 at.
351 4034 531 4102 Alcibiades
555 4034 680 4102 Socrati
703 4035 792 4102 dedit
814 4038 920 4117 χώραν
939 4034 1110 4116 μεγάλην,
1136 4034 1187 4104 ἵνα
1214 4037 1315 4104 οίιιοθο·

136 4143 274 4220 μησηπαι
298 4142 406 4208 οἰκίαν.
453 4139 591 4226 Lepidus
621 4150 691 4207 erat
721 4141 920 4218 Alcibiades,
954 4143 1010 4228 qui
1034 4141 1155 4208 bomini
1188 4141 1315 4231 pauperi

136 4265 299 4339 uragnam
319 4245 407 4313 dedit
441 4265 548 4312 aream
583 4248 616 4312 in
649 4246 745 4325 urbe,
779 4247 833 4314 ubi
866 4247 926 4314 sibi
961 4247 1092 4315 donnum
1123 4248 1314 4317 aedificaret.

137 4352 308 4421 Poteratne
331 4352 480 4421 inutilius
503 4371 623 4419 munus
647 4362 679 4420 et
703 4353 844 4441 ineptius
871 4353 1078 4442 excogitaret
