2940 5010
782 254 846 317 180

228 427 270 494 lt
294 445 397 513 neque
418 429 583 506 μετακκοῖν
606 423 764 493 Graecum
784 447 855 494 esse
876 435 997 514 potest,
1022 427 1073 516 (nt
1092 445 1195 513 neque
1215 427 1321 509 μεναγ

225 535 482 615 μεταρριὶγνυμι,
514 533 696 614 μετατρέβιο
729 551 834 620 neque
869 530 1045 620 quidquam
1076 530 1277 622 huiusmodi)
1313 555 1322 599 r

224 637 471 720 οἱμετοὶκιαςυι,
504 636 714 723 quamobrem
741 638 973 718 οὶμετοὶτκατον
1004 657 1119 705 censeo
1141 656 1212 704 esse
1236 657 1321 705 reson

225 744 316 812 dum.
364 741 426 809 Sed
450 741 545 809 redeo
568 742 608 809 ad
633 743 717 821 λέξιν
744 747 902 824 κυμινυὶν,
929 745 1023 811 ouius
1052 742 1159 810 loounr
1192 741 1321 821 redinte

224 850 408 937 coepimus:
441 856 609 935 postquam
649 850 717 915 ἐστὶ
749 852 776 916 ol
812 847 969 931 Βυζάντιοι
1007 851 1076 918 νιτὲ.
1116 859 1321 936 personatum

224 955 313 1023 nullo
340 954 468 1041 negotio
498 961 624 1020 caetera
649 955 697 1021 sie
726 955 959 1024 restituentur:
992 954 1176 1038 Σιδοὶρεοι
1210 957 1308 1023 leni:

225 1061 423 1146 ἈριςοΦνὶνει
441 1061 472 1125 έν
494 1060 676 1143 Νεφέλαις·
702 1059 762 1149 (vs.
786 1064 850 1127 247
873 1059 956 1148 sqq.)

406 1167 507 1240 τοίους
530 1166 612 1239 θεοὺς
636 1169 709 1245 ὀμεῖ
729 1165 784 1242 συ’;
808 1171 925 1248 πρῶτον
947 1165 1012 1247 γὰρ
1035 1167 1095 1232 leot

405 1274 478 1350 ἡμῖν
503 1270 628 1352 νόμισμ’
651 1275 705 1338 οὐκ
727 1269 785 1340 ἔτι.
804 1283 838 1338 Β.
862 1274 905 1354 τῷ
928 1272 992 1354 γὰρ
1014 1271 1137 1352 ὄμνυτ’,
1162 1271 1181 1347 ἢ

405 1376 603 1458 σιδαρέοισιν,
627 1374 728 1456 ὥσπερ
750 1378 782 1443 ἕν
805 1375 979 1458 Βυζαντίῳ,

222 1480 290 1550 ἕστε)
314 1485 341 1548 οἱ
366 1481 522 1563 Βυζάντιοι
550 1484 616 1548 eri.
664 1479 801 1549 Omnino
831 1482 969 1549 eximiae
995 1480 1151 1568 reliquiae
1178 1490 1235 1558 τῆς
1265 1493 1321 1564 Κυ,

220 1586 344 1666 Λέξευς
368 1587 453 1674 apud
475 1587 673 1676 llesyehium
693 1589 812 1674 passim
836 1595 978 1667 exstant,
1002 1586 1058 1654 sed
1085 1585 1269 1654 foedissime
1301 1588 1320 1655 tl

221 1702 314 1760 ratae
326 1695 522 1780 resectisque
534 1700 703 1779 poetarum
719 1701 752 1759 et
767 1691 949 1760 fabularum
968 1690 1167 1770 nominibus,
1185 1703 1220 1760 ut
1240 1695 1271 1760 in
1293 1698 1321 1761 ’Δ

220 1823 259 1866 σι
280 1798 384 1881 τρίαε
408 1797 459 1864 ixl
481 1798 556 1865 οἴνου
576 1798 703 1878 ε’κέγετο
721 1801 787 1865 κτὲ.
812 1818 852 1865 ex
874 1798 1005 1864 Cratino
1027 1796 1112 1885 apnd
1137 1796 1252 1865 beben.
1274 1809 1321 1886 pt

403 1902 465 1983 οἶμ’
488 1906 528 1978 ὡς
549 1904 674 1979 ἀταλὸς
698 1903 750 1971 καὶ
775 1904 902 1978 λευκός.
927 1899 976 1984 ἆρ’
998 1905 1071 1970 οἴσει
1095 1904 1182 1986 opion

222 2020 256 2078 et
278 2030 308 2077 ν.
333 2013 386 2077 Ἐν
408 2008 475 2092 Κέῳ
495 2009 544 2084 τίς
568 2009 684 2092 ἧμέρα;
707 2030 726 2077 e
746 2010 815 2077 loeo
837 2009 976 2077 Cratetis
999 2007 1084 2094 apud
1107 2007 1223 2076 Athen.
1248 2030 1278 2096 p.
1297 2019 1321 2078 1,

335 2117 409 2182 παῖ’
428 2116 556 2193 ἐκεῖνον,
579 2115 664 2199 ἄγχ’
687 2118 814 2183 ἐκεῖνον.
839 2117 869 2181 έν
887 2115 953 2198 Κέῳ
980 2115 1027 2189 τίς
1049 2114 1166 2196 ἡμέρα;

222 2221 278 2289 ubi
296 2219 400 2288 codex
424 2221 732 2288 unicusllaroianus
752 2222 916 2300 ἐγκοιιῶτνς
938 2219 1038 2301 ἡμέρα
1061 2218 1207 2298 extoilet,
1226 2220 1313 2307 quod

220 2345 319 2394 sonus
343 2325 537 2394 emendavit.
585 2326 668 2393 Alibi
690 2325 884 2416 llesyolnius:
909 2325 1179 2393 Taurooiroo:
1203 2326 1247 2393 τοὶ
1266 2334 1321 2394 τῶν

219 2433 329 2514 γεέρυν
351 2429 430 2514 tola
453 2432 625 2514 ἀρτύματα
651 2434 717 2499 κτέ.
765 2430 891 2519 Optime
913 2431 1056 2498 Pierson.
1078 2428 1118 2495 ad
1138 2431 1271 2498 lloerid.
1300 2451 1320 2520 p

219 2539 366 2605 naturae
395 2535 493 2620 νίτρου
524 2539 682 2615 correxit,
706 2536 790 2624 quod
815 2536 855 2603 ad
883 2537 1041 2623 Ananippi
1068 2533 1173 2601 loeum
1201 2534 1321 2605 releren

221 2642 307 2730 apuu
328 2642 444 2709 Athen.
469 2663 499 2729 p.
520 2645 583 2709 169
605 2643 640 2709 Β.

403 2751 436 2814 οὐ
459 2751 504 2829 μὴ
527 2749 668 2831 πρότερον
689 2748 797 2825 οἴσεις,
821 2751 927 2816 θεοῖσιν
951 2749 1041 2830 exopt
1065 2747 1123 2824 σύ,

401 2854 436 2921 τὸ
458 2857 624 2935 λεβήτιον·
648 2856 712 2921 rain
735 2860 788 2922 τοῦ
813 2856 927 2938 νίτρου·
953 2854 1050 2921 πάλιν
1073 2856 1205 2933 ὑςερεῑςς

220 2959 274 3026 nbi
297 2959 330 3025 in
348 2959 511 3026 llareiano
534 2959 615 3026 libro
634 2968 700 3027 est:
732 2964 795 3027 τιοὶν
823 2965 1007 3042 τοῦκντρου,
1040 2957 1181 3026 contusis
1207 2967 1269 3025 ΛΗ
1290 2966 1321 3027 et

219 3075 256 3135 ut
275 3067 414 3154 saepius.
451 3066 592 3154 Turpius
615 3067 713 3132 etiam
742 3064 915 3152 depravata
941 3074 990 3132 est
1019 3065 1177 3151 particula
1197 3072 1254 3140 τῆς
1271 3089 1321 3145 κον,

216 3170 330 3250 λέξεως
355 3193 383 3238 v.
407 3172 791 3254 Ἐγκεκριωρωμένηε
821 3171 872 3237 διὰ
884 3173 1017 3253 Κριώραν
1039 3172 1096 3246 τὴν
1117 3172 1321 3252 Μεγακλέους

217 3279 293 3361 τέρα
315 3283 369 3343 τοῦ
389 3280 649 3358 'anapaestum
674 3277 720 3347 έςι
747 3277 779 3343 al
803 3277 981 3356 ἐνειλνμένν
1008 3277 1061 3342 καὶ
1086 3280 1321 3361 κεκορδυλνρμένι,

217 3384 482 3463 ἐγκεκαλυμμένη
505 3386 558 3448 καὶ
582 3383 789 3462 σεμνυνομένου
806 3385 848 3464 τῷ
868 3383 962 3461 γένει.
997 3382 1107 3470 Inepte
1131 3385 1312 3470 permixtae

218 3488 423 3566 ἀντιλέξεις
447 3508 486 3554 ox
505 3486 728 3574 Aristophanis
750 3486 895 3554 Nubibus
920 3509 964 3554 vs.
993 3493 1035 3555 10

446 3595 477 3658 έν
500 3593 593 3660 πέντε
616 3596 754 3677 σισύραις
778 3594 1082 3673 ἐγκεκορδυλημένος.

219 3708 251 3768 et
276 3719 321 3766 vs.
345 3703 387 3766 ts

447 3805 580 3886 reperio,
602 3810 788 3888 τρυφῶσαν,
812 3805 1118 3888 ἐγκεκοισυρωμένην.

219 3908 305 3978 unde
330 3911 438 3977 omnia
468 3909 650 3976 scribarum
679 3911 757 3977 vitio
784 3919 818 3979 et
848 3910 978 3978 fraudes
1007 3910 1191 3998 perplnnnt.
1238 3910 1321 3980 Prae

218 4015 520 4083 llindorbuslooum
543 4036 560 4082 e
581 4013 665 4093 λέξει
683 4026 810 4101 Κυμικῇ
831 4017 1035 4105 depromtum
1053 4014 1138 4103 apul
1151 4013 1321 4103 llosyobiu.

219 4124 519 4203 Κατατκνγκμνίοει
539 4119 627 4211 (eod.
644 4141 694 4208 ap.
714 4120 857 4212 Soborv.)
875 4121 1057 4190 emendavit
1073 4120 1113 4187 ad
1135 4119 1246 4207 Stepb.
1260 4119 1321 4190 ab<

136 4295 141 4307 ‚
219 4230 488 4307 Κατατλέσσομαι
509 4232 543 4294 et
554 4227 715 4295 revocavit
724 4227 1300 4310 Κατατκιγήσειε’κατακρατκέήσει,
1320 4286 1321 4290 ,

220 4338 290 4404 tum
305 4352 344 4402 ex
355 4332 579 4421 Aristophanis
591 4331 690 4402 nobili
698 4333 768 4403 loeo
780 4333 865 4423 apud
876 4333 1032 4404 balenum
1045 4332 1149 4405 Praei.
1162 4331 1236 4402 ber.
1255 4332 1321 4423 llip
