2940 5010
670 286 731 349 167

152 462 273 545 Ἧμιίιις,
296 462 433 545 Δωριέας
455 461 528 527 sint.
547 468 603 527 aui
615 460 787 534 Παιανιέα,
812 458 999 534 Λευκονοέα,
1022 462 1188 541 Λίμιλιέα,
1211 474 1299 533 Στει-

149 568 193 651 ph
212 576 279 655 aut¹
294 565 485 646 Αίμιλιέως,
518 566 699 648 Στειριέως,
733 563 927 648 Κηφισιέως,
960 567 1125 648 Ἐρχιέως,
1154 571 1300 647 Μηλιίως

147 670 240 761 duae
258 671 436 759 permulta,
459 692 542 758 quae
563 690 740 757 numquam
762 669 931 736 Veteribus
952 670 984 736 iu
1008 691 1069 737 usu
1092 671 1224 741 iueruut
1247 695 1301 743 ue·

146 796 189 865 pe
205 795 353 863 umquam
379 778 410 841 ie
435 777 578 864 antiquis
600 776 693 842 ithris
722 776 844 861 scripte
868 773 967 843 tuisse
994 785 1120 844 vetusta
1143 778 1301 865 quaedam

145 882 443 951 rit‘udcmuustrant.
490 882 527 948 Iu
552 880 751 972 Thucydidis
773 881 864 947 iihris
881 882 907 947 i.
935 887 996 950 107
1020 884 1191 969 antiquum
1214 906 1303 953 mcu·

144 986 197 1055 dem
212 988 243 1063 ές
259 989 369 1071 δωμὸς
393 988 552 1054 intactum
575 989 713 1053 servarit
737 993 875 1068 Aspicis,
899 986 983 1073 qued
1008 1008 1120 1054 rerum
1140 998 1199 1056 cst.
1248 990 1301 1057 Ni·

143 1090 268 1161 tedred
298 1092 361 1160 sihi
384 1093 455 1159 vuit
481 1093 633 1183 Hesychii
656 1093 782 1178 glossa,
809 1112 890 1179 quae
918 1080 1055 1161 mirihce
1078 1092 1181 1161 doctis
1202 1096 1302 1184 Impo-

143 1196 202 1265 nii:
226 1198 367 1281 Δωριιίςε
397 1197 515 1281 δωριοίς.
562 1196 706 1265 Emendat
738 1201 879 1281 Δωριοῖςι
915 1199 1051 1280 Δωριέας
1079 1209 1111 1266 ei
1142 1199 1183 1267 ad
1214 1199 1302 1269 hunc

119 1328 122 1333 ·
144 1301 220 1391 ’μω
242 1302 443 1393 Thucydidis
461 1303 567 1370 Iocum
588 1304 670 1377 seito
688 1323 759 1371 esse
786 1303 1000 1371 referendum.
1050 1305 1228 1373 I'crmuitas
1250 1307 1302 1373 λε’·

143 1402 185 1485 διε
202 1406 424 1499 Thucydidcas
453 1409 487 1474 in
514 1427 606 1474 suam
631 1407 827 1495 farraginem
859 1409 1040 1499 Hesychius
1070 1412 1212 1498 recepit,
1243 1413 1302 1499 qui

144 1512 277 1581 Indiima
307 1512 405 1581 hahet
431 1524 464 1583 et
486 1513 581 1588 aiibi,
613 1514 707 1600 quale
739 1524 788 1582 est
811 1520 936 1586 Χαςιῖιε
967 1516 1020 1583 τὸν
1050 1518 1114 1583 sieri
1144 1519 1240 1596 Isiacae
1268 1526 1302 1585 et

145 1618 271 1699 hiprtii’rc:
306 1618 395 1709 (cod.
430 1619 516 1707 apud
551 1618 692 1709 sttiow.)
716 1622 786 1687 οίητὶ
816 1626 872 1688 τοῦ
902 1621 1090 1700 Αἰγιαλέως.
1137 1625 1299 1697 Ἀττικῶς.

145 1718 212 1811 Ιιῃει
233 1726 408 1806 struente:
430 1726 502 1793 dari
524 1732 578 1792 τοῦ
609 1726 790 1805 etmarias.
838 1726 921 1793 Hinc
948 1728 1097 1805 Αίγιλιῶς
1120 1726 1219 1795 redde
1241 1728 1299 1795 Dc·

145 1827 271 1897 ndhcui
294 1839 326 1897 et
343 1830 427 1898 aiiis.
473 1838 616 1914 Στειριῶς
643 1833 766 1899 Atticus
789 1831 897 1900 dicere
922 1832 1012 1898 testis
1034 1842 1083 1899 est
1106 1831 1217 1920 Steph.
1239 1833 1300 1923 By·

145 1940 202 2001 πί.
222 1954 252 2001 r.
282 1937 433 2020 Στιιρίοι,
464 1936 522 2005 sed
544 1938 658 2004 vitiose
691 1946 798 2004 tamen
822 1936 907 2026 apud
929 1938 1059 2025 Lysiam
1084 1936 1192 2005 editur
1216 1938 1300 2005 XVI.

148 2040 174 2101 tt
189 2046 302 2107 τυλλῦτ
329 2042 511 2111 έυίαιίητωκ
538 2041 672 2126 hesper
703 2045 888 2125 ἀνεχώρησα
915 2048 969 2110 τοῦ
987 2049 1117 2139 ’σεμνοῦ
1141 2044 1299 2126 Στειριέως

144 2146 181 2209 πί
195 2148 285 2213 riou
308 2150 473 2231 ἀνθρώποις
497 2150 615 2215 δειλίαι
634 2148 834 2225 ὠνειδικότος,
860 2147 915 2213 uhi
936 2148 1113 2234 genuinum
1137 2157 1186 2214 est
1210 2158 1299 2215 Στει·

144 2248 233 2325 μίτοι
252 2250 357 2335 ὕςορος
381 2272 438 2340 pro
470 2252 582 2336 ὅςερον.
629 2252 749 2319 Eodem
775 2255 845 2320 iure
879 2254 912 2318 iu
941 2253 1056 2342 Lysiae
1091 2261 1171 2320 orat.
1192 2254 1300 2321 XXIII

144 2356 353 2425 mudum
379 2357 497 2445 uhiqtte
520 2366 569 2425 esi
591 2363 762 2430 Πλαταιεῖ.
782 2341 972 2435 hareschu,
995 2363 1165 2433 literaria
1192 2367 1226 2426 et
1249 2379 1300 2425 co·

144 2452 193 2527 deu
207 2462 343 2529 medeci
366 2463 445 2551 quid
468 2462 652 2531 huiusmodi
671 2463 703 2528 ie
725 2464 861 2529 caeteris
873 2463 1085 2551 scriptoribus
1111 2465 1228 2531 dtticis
1250 2474 1301 2533 eat

143 2558 333 2653 meatum.

171 2670 259 2755 duem
295 2673 417 2740 muiiae
448 2671 674 2763 Thucydideae
707 2673 808 2751 λέξεις
838 2675 908 2741 siue
937 2676 1080 2741 aucturis
1113 2676 1241 2741 nemine
1266 2677 1298 2741 ie

142 2770 323 2869 Tetychiauis
346 2779 447 2865 copiis
472 2778 634 2865 dispersae
656 2780 723 2845 siut
745 2800 839 2846 nemo
871 2781 998 2866 ignerat
1021 2781 1077 2866 qui
1109 2781 1142 2846 iu
1172 2782 1299 2872 Thucy·

142 2876 263 2955 fletis
280 2892 430 2953 versatus
452 2881 650 2973 hesychium
674 2884 802 2951 evolvit.
850 2884 929 2967 Quis
957 2896 1114 2971 punctum
1148 2889 1301 2975 temporis

112 2981 232 3073 ,Mt
258 2988 409 3059 dubitare
445 2992 524 3077 quin
559 2988 712 3080 Hesychii
742 2989 865 3077 glossa:
904 2988 1146 3074 Ἐξεδιητειε
1178 2994 1215 3059 ri
1243 2991 1300 3070 ἔξω

140 3098 180 3169 rte
195 3096 321 3177 νομίμου
343 3095 463 3172 διαίτης
486 3096 640 3175 ἐγεγόνει.
675 3097 709 3162 iu
733 3095 828 3163 huuc¹
850 3094 981 3162 medum
1013 3097 1056 3162 sit
1080 3094 1300 3165 emendenda:

141 3196 430 3287 ἱξυδεδιήτητυε
453 3199 509 3278 ἔξω
531 3210 587 3278 τῆς
608 3202 736 3282 νομίμου
759 3202 878 3276 διαίτης
898 3200 1055 3281 ἐγεγόνει,
1078 3209 1111 3267 ei
1134 3209 1243 3269 sumta
1262 3223 1301 3270 ex

140 3298 304 3397 Thydidtt
321 3307 348 3375 l.
372 3312 415 3375 75
445 3306 476 3374 εί
494 3305 528 3373 τί
550 3330 609 3372 του
634 3304 842 3389 ἐξεδεδιηίτητο
873 3313 933 3373 τῶν
954 3307 1133 3376 nedfratres
1153 3310 1300 3390 νομίμων.

140 3404 187 3477 hes
202 3412 371 3481 manifesta
392 3420 454 3479 est.
503 3410 637 3499 Saepius
661 3431 701 3478 ex
733 3410 892 3499 Hesychia
923 3419 998 3477 vera
1027 3414 1191 3501 scripture
1217 3414 1303 3483 Thu·

140 3512 224 3603 utitt
251 3516 345 3585 reddi
372 3525 498 3605 potest,
530 3518 624 3584 cuius
650 3518 698 3584 rei
726 3537 813 3584 nunc
837 3515 967 3603 quidem
991 3538 1054 3584 uuo
1083 3519 1227 3608 exemplu
1248 3520 1301 3588 de·
1399 3516 1402 3521 ’

142 3612 243 3709 Iugur.
289 3622 408 3691 Editur
442 3621 528 3709 apud
557 3622 779 3711 Thucydidem
799 3623 824 3689 I.
851 3627 892 3689 77
926 3625 1145 3703 ἐλαττούμενοι
1178 3626 1242 3708 γὰρ
1269 3626 1300 3692 έν

140 3732 194 3803 τοῖς
217 3728 430 3811 ξυμβολαίαις
458 3730 533 3810 τρδς
555 3729 626 3803 τοὺς
651 3726 844 3811 ξυμμάχους
872 3729 993 3807 δίκαις,
1028 3750 1224 3817 quamquam
1258 3730 1302 3797 sa·

140 3826 186 3899 the
202 3844 332 3923 appetet
358 3836 447 3909 δίκας
472 3832 674 3914 ξυμβολαίας
704 3854 766 3900 uon
798 3833 879 3901 hene
907 3833 1027 3901 Graece
1056 3834 1210 3921 appellari
1240 3839 1301 3911 τοὶς

140 3936 206 4003 mh
222 3936 373 4021 ξύμβολα
396 3941 483 4015 δίκας
519 3939 568 4005 rel
596 3939 657 4016 τὰς
684 3940 748 4007 eiad
775 3938 961 4019 ξυμβάλοι,
996 3958 1077 4024 quas
1108 3940 1172 4007 dici
1201 3943 1302 4007 mani·

140 4032 235 4111 hiem
261 4054 320 4113 cst
374 4046 495 4133 Nempe
523 4048 718 4126 ουμβολαῑος
749 4043 943 4111 ediectivum
977 4052 1026 4110 est
1060 4042 1145 4129 qued
1177 4048 1302 4134 respuit

124 4138 307 4239 ‘drmit-ds
327 4158 362 4217 ct
384 4151 467 4217 ratic
488 4161 521 4219 et
542 4171 631 4218 usus.
677 4150 874 4231 Ἐμβίλιμος
898 4148 1055 4216 Graecum
1084 4159 1134 4217 est
1156 4161 1190 4219 et
1213 4153 1302 4233 ἐκβί·

139 4260 211 4331 ’rm
226 4264 259 4323 ei
278 4258 520 4337 ὑποβολιμαῖοςε
544 4258 715 4337 ἕμβολαῑος
739 4266 800 4323 cic.
846 4254 967 4322 Graeca
990 4274 1052 4320 nou
1084 4267 1170 4322 sunt.
1219 4258 1303 4341 Quid

140 4354 242 4429 lidie?
268 4360 414 4433 Servavit
436 4363 590 4433 historici
609 4380 742 4430 manum
768 4360 855 4429 seius
886 4357 1065 4449 Hesychius
1089 4384 1117 4428 v.
1152 4366 1302 4444 Ξυμβο-
