2940 5010
678 295 740 357 ott

122 471 174 535 τσῶ
206 466 362 548 Μισγόλα
394 468 447 534 καί
479 474 533 535 τοῦ
562 466 689 550 Φαίδρου
720 475 785 543 τοῖς
816 464 911 544 ξένοις
943 469 995 535 καί
1035 469 1221 538 κελευόντων
1250 470 1303 549 ἤδη

122 574 294 641 νῖιιολουίεῖν
316 575 359 648 είς
381 574 417 641 τί
435 574 654 656 δεσμωτήριον,
679 583 710 640 et
729 593 789 639 non
807 572 863 639 diu
883 572 1060 654 dubitabis,
1084 576 1164 662 quin
1185 577 1218 642 in
1238 575 1306 643 loco

122 676 237 769 lipsiae
253 679 323 746 Xll.
349 683 402 746 72.
437 679 488 748 ἵνα
518 683 601 760 μήτε
634 682 729 763 ῥήτωρ
763 679 871 758 μηδείς
895 683 1001 754 αὐτοῖς
1027 681 1192 748 ἐναντιοῖτο
1223 685 1306 762 μήτε

122 784 358 865 ῶπειλοΐπο,
391 787 496 874 turpis
530 785 751 853 barbarismus
775 787 822 852 sio
846 785 1059 852 removendus
1083 787 1143 866 sit,
1167 795 1203 854 ut
1225 790 1307 868 μήτε

122 888 382 958 διαπωλοῖτο
406 892 617 959 rescribatur.

167 996 258 1079 Quod
283 996 369 1084 apnrl
393 997 589 1064 llerorlotum
615 997 735 1083 legitur
755 997 794 1063 ll.
824 1001 897 1062 121.
924 1002 955 1063 5.
987 1000 1014 1064 εί
1038 1000 1069 1064 δὲ
1090 1000 1205 1064 τούτων
1228 1000 1307 1077 οἱμε-

122 1102 210 1178 λνίσει
233 1103 487 1170 διαπειλέειν
512 1105 608 1180 αὐτὴν
632 1107 671 1178 ῶς
692 1105 823 1169 ε’λίοῖνσα
847 1105 920 1183 πρὸς
942 1105 994 1170 τὸν
1015 1104 1156 1181 βασιλέα
1177 1108 1306 1184 μηνύσει

122 1208 216 1276 ιιιῖπδν
236 1209 354 1292 ἔχοντα
373 1209 417 1275 eol
445 1213 601 1292 χρήματα
626 1208 845 1295 recipiendum
879 1217 945 1284 est,
970 1208 1054 1295 quod
1087 1210 1202 1296 optimi
1232 1210 1307 1278 libri

122 1312 309 1382 obtulerunt
336 1316 514 1391 οίπειλέειν,
551 1335 615 1401 quo
648 1312 733 1381 sacto
761 1315 794 1379 iu
827 1314 907 1380 libro
932 1314 997 1380 Vll.
1026 1320 1077 1380 lb.
1110 1321 1160 1382 νῶν
1191 1316 1223 1383 δὲ
1253 1321 1306 1386 καί

122 1418 389 1495 διαπειλῆσαν
410 1420 551 1502 οίχετοιι,
576 1422 685 1486 statim
712 1421 888 1507 perspicies
911 1419 1036 1487 duabus
1053 1419 1192 1487 literulis
1213 1442 1307 1490 rocu-

122 1521 170 1593 Ιεσ
188 1534 262 1592 ΚΑΙ
283 1525 366 1592 nrale
386 1526 532 1611 repetitis
558 1526 764 1602 διαπειλῆσαν
787 1547 846 1616 pro
871 1546 945 1593 vera
969 1526 1105 1593 lectione
1131 1528 1308 1604 οῖπειλῆσαν

122 1630 204 1699 vitio
227 1651 297 1699 csso
318 1640 443 1699 natum.

164 1736 346 1823 Diligenter
373 1737 532 1804 lectitavit
563 1738 823 1814 ὀοῖνταττικιςιίς
850 1736 1070 1824 Xenophontis
1103 1735 1308 1825 Symposium

122 1840 209 1909 ttntlc
241 1840 336 1909 allent
365 1864 397 1931 p.
422 1848 485 1921 79,
509 1846 564 1909 35.
594 1844 921 1924 Ἀναττερῶσαιτ
956 1848 1094 1923 Ξενοφῶν
1130 1846 1308 1929 Συμποσίῳ.

122 1946 237 2016 axlX.
262 1953 294 2015 li.
328 1947 446 2022 πάντες
479 1947 790 2029 ῶνεπτερυμίνοι
820 1949 953 2015 ε’ίεῶντσ.
1001 1947 1141 2032 Elegans
1172 1949 1306 2017 verbum

122 2055 311 2135 bannens
332 2063 365 2121 ct
386 2053 472 2139 apud
487 2052 651 2121 Platonem
672 2054 814 2118 occurrit
835 2063 866 2119 ct
886 2053 1047 2141 perfacete
1072 2054 1104 2117 in
1121 2055 1307 2142 bristopba·

122 2160 174 2227 nis
184 2156 311 2225 Avibus
333 2180 360 2225 ν.
379 2164 474 2226 1459.
499 2167 531 2225 et
549 2157 632 2245 apurl
650 2156 731 2224 alios
752 2158 887 2236 multos,
913 2169 1024 2224 utnon
1039 2160 1080 2223 sit
1099 2160 1307 2245 perspicuum

122 2284 182 2333 cur
208 2265 241 2332 id
277 2264 516 2332 Grammaticus
547 2264 735 2330 enotaverit.
783 2263 1026 2330 Eiusdenrmodi
1059 2273 1108 2330 est
1144 2267 1308 2331 annotatio

122 2390 150 2460 p.
172 2373 237 2451 84,
261 2375 292 2436 7.
338 2372 566 2438 Βαλοίντιον
597 2370 668 2452 οὐχί
692 2369 774 2452 φασί
802 2370 864 2436 δεῖν
892 2370 998 2448 λέγειν
1029 2371 1118 2436 οῖλλῶ
1151 2369 1308 2451 φοίσκιο·

122 2492 199 2545 λον.
233 2481 372 2558 Ξενοφῶν
396 2478 574 2558 Συμποσίῳ.
600 2475 744 2561 Legitur.
766 2474 871 2541 1v.a.
899 2474 954 2540 sed
978 2475 1055 2561 quirl
1078 2476 1185 2541 notius
1209 2497 1306 2563 quam

122 2580 317 2663 βαλῶντιονί
349 2591 381 2648 et
405 2584 480 2669 quis
504 2590 553 2649 est
578 2581 635 2668 qui
667 2601 703 2647 eo
733 2580 888 2647 vocabulo
920 2601 982 2648 non
1009 2579 1142 2646 utatur?
1191 2581 1309 2650 Rarius

122 2697 170 2757 ost
193 2687 278 2775 quod
308 2687 475 2754 annotarit
510 2707 541 2774 p.
568 2690 731 2763 lOl‚-28.
779 2687 1023 2770 Κεντρίζειν;
1061 2692 1198 2770 Ξενοφῶν
1222 2700 1309 2769 Συμ·

122 2795 227 2877 rocta.
283 2794 376 2861 Solus
410 2794 497 2858 enim
528 2791 705 2870 Veterum,
737 2793 822 2879 quod
852 2794 977 2869 seiam,
1015 2790 1112 2858 verbo
1146 2796 1309 2877 κεντρίζειν

122 2898 297 2987 Κεστρίνου
323 2900 449 2976 utitur,
473 2896 529 2963 sed
555 2900 659 2963 utitur
690 2900 829 2986 saepius.
877 2897 966 2979 Quod
997 2906 1129 2963 annotat
1163 2919 1192 2985 p.
1221 2906 1309 2982 105,

122 3010 176 3075 55.
220 3011 360 3090 Kputppi
395 3003 464 3070 οῖντί
500 3009 554 3069 τοῦ
588 3003 727 3088 λοίίρρ.
776 3012 914 3086 Ξενοφῶν
949 3004 1139 3085 Συμποσίῳ,
1175 3005 1309 3091 respicit

122 3108 161 3179 V.
178 3114 211 3179 8.
239 3111 329 3192 μίνον
348 3115 479 3193 κρυφῇ
498 3109 669 3191 φερόντων,
693 3108 811 3175 melius
833 3128 889 3194 pro
908 3107 1008 3192 λοίίρρι
1032 3108 1192 3194 posuisset
1214 3111 1308 3191 κρύβ-

122 3216 184 3295 δνρν.
231 3214 446 3304 Ορροιιιιυίειτ
469 3216 556 3281 enim
582 3215 666 3280 inter
696 3234 730 3280 se
759 3211 898 3279 Athenis
921 3214 1095 3295 κρύβδην
1118 3215 1221 3296 φίρειν
1251 3220 1308 3294 τὴν

122 3326 229 3407 ψῆφον
248 3330 281 3390 et
300 3322 468 3405 φανερῶν
487 3323 542 3395 τὴν
566 3327 673 3403 ψῆφον
694 3320 797 3402 φέρειν
825 3320 994 3385 notissimo
1016 3340 1085 3386 usu.
1120 3319 1306 3390 Scribarum

122 3426 282 3516 flagitium
308 3427 398 3494 vides
426 3431 554 3513 p.106,
581 3430 633 3491 19.
659 3427 754 3504 Λαβ
762 3427 778 3491 ri
787 3448 858 3506 ραν
884 3432 1020 3508 Ξενοφῶν
1042 3428 1220 3510 Συμποσίῳ.
1257 3454 1309 3505 σν·

122 3536 224 3617 μαίνει
241 3535 279 3601 el
305 3534 469 3616 χαίρειν.
517 3530 701 3617 legendnm
735 3540 783 3598 est
806 3551 843 3597 ex
875 3531 1123 3620 SymposVlll.
1151 3538 1206 3601 50.
1243 3536 1309 3601 Γνί-

122 3662 239 3709 νυται
259 3678 302 3692 -
323 3639 467 3718 σημαίνει
496 3642 531 3704 τὸ
554 3639 703 3719 χαίρει.
750 3635 846 3702 Attus
876 3637 1114 3703 Grammaticus
1142 3639 1173 3703 in
1209 3640 1308 3707 aeut.

122 3744 241 3815 bnood.
274 3763 305 3832 p.
328 3748 413 3822 250,
440 3751 469 3810 7.
506 3743 680 3810 Γοίννυταιε
706 3750 811 3829 γελᾷ,
844 3741 974 3820 ἣδεται,
1004 3745 1122 3825 χαίρει.
1148 3744 1308 3811 tralaticio

122 3869 232 3921 more
259 3869 317 3937 pro
344 3848 494 3929 χοίνυται.
543 3847 643 3914 Allert
668 3848 806 3934 denique
830 3870 860 3936 p.
884 3853 965 3925 112,
992 3852 1022 3913 2.
1061 3852 1307 3930 Προσειιαύίιρ

122 3956 191 4025 ἐντί
226 3960 281 4022 τοῦ
313 3955 399 4031 ε’νιοῖν.
434 3962 571 4037 Ξενοφῶν
615 3956 793 4036 Συμποσίῳ.
826 3953 881 4021 sed
921 3975 984 4019 non
1022 3954 1180 4021 intellexit
1211 3976 1308 4042 quarn

122 4062 260 4129 iocosam
285 4061 468 4127 irrisionem
493 4070 524 4126 et
556 4059 840 4147 reprehensionem
864 4061 996 4127 verbum
1022 4062 1212 4142 apsernabile
1234 4082 1308 4128 con·

122 4168 240 4235 liceret
263 4166 295 4232 in
331 4166 478 4256 Sympos.
501 4166 554 4231 lv.
581 4171 635 4232 tt.
683 4168 781 4253 (loqui
804 4167 959 4233 dicuntur
980 4167 1023 4232 τα
1046 4166 1134 4248 ὄψα,
1159 4168 1194 4233 τὸ
1218 4168 1308 4249 κρέας

122 4271 307 4358 τρσσαοίειν,
330 4281 363 4340 et
391 4272 470 4339 baec
496 4274 563 4359 ipsa
585 4272 639 4338 ubi
662 4275 763 4339 nlntio
788 4276 860 4360 igne
883 4273 994 4338 ιιιίαιίυ
1013 4282 1090 4339 sunt
1121 4277 1309 4357 τροσιιαυίῆ·

122 4403 168 4449 ναι
192 4378 370 4460 dicuntur,
397 4399 473 4447 vasa
498 4399 625 4467 quoque
646 4387 679 4448 et
700 4381 827 4468 patinae
842 4381 985 4473 *adrectae
1003 4378 1159 4450 dictantur
1182 4406 1309 4466 προσκε-
