2940 5010
709 271 769 330 471

143 446 238 513 luere
257 452 342 511 esset
360 441 465 510 oratio
484 444 578 523 σφεῖς
601 441 740 507 correxit
759 437 892 505 scilicet.
941 439 1039 507 Recta
1058 445 1161 511 oratio
1177 455 1243 513 cst:
1267 449 1333 516 ἐσεί

143 551 254 631 μέντοι
277 552 367 631 ἡμεῖς
390 548 542 626 ἐλέγομεν
566 541 612 612 ἀτι
639 578 681 594 -
704 544 808 624 ἥδοντό
830 569 865 611 τε
889 543 941 611 καί
962 547 1045 628 δεῦρο
1069 557 1160 616 emto
1184 550 1333 633 ἔμελλον,

143 676 231 745 quue
261 674 363 743 quum
398 654 432 720 in
466 652 644 718 orationem
678 649 871 717 indirectam
903 660 1146 720 conuerteretur
1176 655 1256 724 haec
1281 679 1335 729 ne-

144 760 290 831 eessario
321 758 434 827 debuit
463 756 567 823 lurma
590 757 699 824 exire:
732 756 799 823 ἐπεὶ
831 756 934 836 μέντοι
965 762 1054 839 σφάς
1084 759 1191 839 λέγειν
1218 760 1264 831 ὅτι
1288 801 1336 817 .-

144 868 272 947 andei
292 891 329 933 σε
352 864 467 937 αὐτούς
490 864 556 929 κσὲ.
604 861 693 943 Quae
715 862 883 948 imperitos
907 862 1079 931 Graeculos
1106 864 1218 934 ieiellit
1247 888 1335 939 com·

143 972 263 1061 positio
284 970 353 1039 ἐκεῖ
373 974 463 1054 σφεῖς
484 968 591 1046 λέγειν
614 966 708 1035 hodie
733 967 894 1034 neminem
918 966 1013 1054 paulo
1035 968 1210 1039 doctiorem
1240 972 1334 1043 lellit.

143 1076 300 1165 Exemplo
323 1095 388 1143 uno
411 1082 485 1143 utar
512 1074 552 1140 ad
586 1072 693 1141 locum
716 1071 962 1139 emendandum.
1008 1074 1045 1140 In
1067 1075 1210 1145 Platonis
1241 1079 1334 1169 Sym-

142 1182 235 1271 pusio
263 1202 296 1270 p.
319 1186 383 1249 174
407 1181 444 1247 lt.
477 1179 584 1255 ἐπειδὴ
614 1180 645 1245 δὲ
667 1178 810 1257 γενέσθαι
841 1178 893 1243 ε’τῖ
917 1188 956 1261 τῇ
980 1181 1061 1265 οἰκίᾳ
1082 1187 1136 1247 τοῦ
1157 1183 1333 1263 Ἀνάίωνος

142 1286 344 1373 ἀνεῳγμένην
361 1284 628 1365 καταλαμβάνειν
640 1286 695 1360 τὴν
718 1284 825 1364 θύραν,
851 1302 1024 1371 pronomen
1048 1290 1266 1356 necessarium
1286 1292 1334 1357 iu·

142 1393 314 1461 tereidisse
330 1392 478 1478 suspicor
499 1388 772 1476 scribendumque
789 1391 894 1465 ἕτειδῖι
915 1390 948 1455 δέ
971 1392 985 1456 ἑ
1004 1392 1169 1473 γενέσθαι,
1193 1394 1333 1463 circum·

139 1500 234 1587 spiee
256 1498 290 1563 in
319 1497 437 1563 ricinia
460 1492 605 1562 eiusdem
630 1494 712 1572 loci,
744 1514 842 1580 quam
873 1493 966 1562 facile
996 1504 1089 1563 vetus
1113 1496 1191 1564 illud
1213 1496 1229 1564 ἕ
1251 1509 1284 1567 et
1305 1497 1338 1569 oi

138 1624 162 1671 e
184 1601 302 1671 scribis
324 1600 548 1669 obscurentur.

192 1706 283 1777 nuno
302 1706 410 1773 locum
430 1703 653 1772 Demosthenis
682 1707 715 1772 in
747 1704 837 1772 Orat.
864 1705 978 1771 xxiv,
1009 1728 1040 1794 p.
1062 1711 1145 1783 766,
1174 1714 1204 1774 1.
1239 1709 1334 1797 plane

142 1813 309 1881 similem:
344 1813 541 1892 ἐπερωτήσας
569 1811 601 1876 δὲ
627 1810 653 1875 εί
675 1811 789 1884 δίκαιος
820 1813 926 1884 αὐτοῖς
946 1814 1026 1877 —d
1047 1812 1136 1890 νόμος
1163 1816 1332 1895 φαίνεται,

140 1920 251 1993 ἐπειδὴ
274 1922 377 2001 Φιῑται
397 1916 468 1990 τοὺς
496 1916 649 1993 δικαςάς,
670 1917 769 1983 εἰπεῖν
790 1913 837 1982 ἀτι
860 1919 955 1991 αιἰτδς
980 1920 1106 1996 ἡγεῖται
1129 1922 1196 1986 κτὲ.

192 2022 320 2091 Puerile
349 2020 604 2089 additamentum
634 2020 885 2108 deprehenditur
909 2022 940 2087 in
966 2019 1069 2109 319.
1101 2022 1153 2090 καὶ
1177 2026 1204 2091 σῖ
1226 2024 1332 2109 ἀνδρες

141 2130 367 2208 ἀπνίννὶσκινσι
390 2137 472 2211 τρεῖς
501 2127 584 2201 ὄντες
617 2126 656 2214 [ol
685 2126 847 2211 πρέσβεις]
878 2129 1153 2203 καταλευσθέντες.
1201 2130 1237 2196 lu
1261 2151 1333 2219 pru·

141 2235 245 2305 ximis
277 2233 364 2301 aliud
397 2241 543 2299 tenemus
571 2231 595 2321 3
622 2235 674 2297 29.
708 2230 813 2305 δείσας
844 2233 890 2310 μὴ
925 2231 1063 2321 [ἀδίκως]
1097 2232 1220 2316 ἀκριτνς
1255 2238 1333 2305 ἀντι.

142 2340 241 2423 edre,
264 2340 403 2425 pessime
423 2339 509 2405 enim
529 2337 672 2405 abundat
699 2337 821 2411 ἀδίκως.
867 2336 926 2403 Est
950 2358 987 2404 ca
1008 2339 1076 2424 ipsu
1102 2358 1229 2407 summa
1250 2342 1335 2409 iniu-

143 2446 197 2513 ria
218 2446 247 2511 si
275 2444 349 2532 quis
371 2463 467 2530 quem
491 2442 611 2526 ἀκριτσν
640 2442 832 2519 ἀποκτείνει,
857 2443 966 2528 itaque
994 2444 1116 2518 δικαίως
1141 2448 1334 2513 ἀντεκτείνειν

142 2550 217 2619 erud
238 2548 362 2631 ἀκριτσν
384 2547 560 2615 absurdum
588 2556 637 2613 est
659 2566 697 2614 ac
722 2546 792 2613 lieri
814 2548 945 2613 omnino
970 2569 1031 2613 non
1056 2558 1171 2635 potest.
1218 2551 1334 2619 Exem.

144 2654 198 2743 pla
221 2656 341 2743 passim
373 2653 483 2720 obvia:
517 2662 567 2719 cst
591 2671 690 2719 uuum
722 2661 796 2719 ante
826 2652 936 2718 oculos
966 2654 998 2717 in
1028 2652 1127 2743 3ῖ8.
1175 2656 1211 2723 ln
1243 2655 1335 2748 §30

144 2760 252 2831 scribe
281 2760 338 2827 σὺν
367 2758 512 2840 κηρυκείῳ
544 2778 601 2844 pro
636 2760 773 2841 κνρνκίῳ.
820 2757 856 2823 ln
889 2756 989 2846 351.
1024 2760 1231 2828 scribendum
1263 2783 1334 2829 esse

142 2866 293 2953 φυλακὴν
324 2865 388 2947 ίδίᾳ
419 2866 587 2940 ποιήσηταί
618 2889 665 2937 τις
698 2883 757 2949 pro
790 2865 898 2945 ποιήσω
931 2889 978 2937 τις
1013 2864 1088 2930 alibi
1126 2868 1334 2945 monuimuS‚

144 2982 313 3059 ΙΙΙ-τοῖστοῖς
345 2971 377 3035 itt
407 2967 514 3034 verbis
546 2968 589 3034 τά
614 2967 759 3054 [encore]
796 2966 958 3050 ὑπερδέξια
985 2968 1067 3051 ἔχων
1091 2967 1192 3055 sugit,
1216 2972 1333 3052 eredo,

143 3074 346 3143 llindorllum
371 3074 551 3141 allobraeo
573 3074 689 3157 ἐρυμνά
712 3075 850 3140 eiectum
878 3093 957 3139 esse.
1006 3075 1068 3140 lles
1092 3075 1262 3143 manifesta
1285 3086 1335 3144 est

143 3180 275 3269 etquid
299 3180 411 3246 tritius
431 3199 528 3265 quam
552 3181 596 3246 τῖι
620 3178 781 3259 ὑπερδέξια
806 3198 843 3244 eo
867 3178 985 3244 sensui
1034 3179 1070 3244 ln
1100 3178 1124 3268 3
1145 3185 1198 3246 ὅῖ.
1228 3184 1332 3261 edroi

143 3290 220 3361 ίιοῒς
245 3288 376 3365 odoacro
400 3286 492 3362 ἡδέως
516 3322 562 3335 -
584 3286 602 3361 ἢ
626 3287 782 3364 πολεμίως
807 3283 901 3370 [τῶς]
927 3285 1137 3367 μαχιύμεία,
1168 3306 1206 3352 ca
1235 3286 1333 3354 verlra

143 3392 191 3461 eie
210 3388 412 3459 conformata
434 3398 511 3456 sunt
536 3398 570 3456 ut
595 3389 732 3456 alterum
757 3395 821 3464 σῶς
845 3391 1025 3456 insiticium
1054 3410 1124 3457 esse
1147 3402 1310 3478 appareat.

186 3496 289 3565 Nemo
312 3494 406 3561 iacile
429 3495 547 3561 dixerit
568 3492 644 3580 quid
666 3497 708 3561 sit
731 3496 763 3560 in
789 3493 813 3584 3
832 3498 887 3563 55.
912 3496 1030 3575 conopeo
1050 3497 1082 3561 δὲ
1102 3497 1150 3569 τίς
1172 3496 1240 3574 ἀξει
1265 3500 1334 3582 dorp·

144 3604 221 3685 νῦν,
253 3600 311 3667 sed
334 3600 422 3667 nullo
453 3601 580 3685 negotio
603 3601 801 3688 quicumque
831 3600 991 3666 dnalrasin
1013 3600 1172 3668 lectitavit
1196 3607 1335 3691 reperiet

144 3706 226 3775 nilril
248 3705 336 3772 aliud
365 3725 462 3793 quam
494 3707 542 3780 τίς
566 3703 693 3787 παρέξει
722 3726 835 3773 verum
859 3726 938 3772 esse.
986 3707 1058 3772 liox
1089 3710 1177 3789 σκρά
1209 3709 1334 3777 σάνσων

146 3812 275 3899 requiro
309 3830 367 3898 pru
398 3812 533 3878 τάντων.
590 3812 734 3897 licitique
766 3812 798 3876 in
832 3810 856 3900 3
884 3816 937 3876 54.
971 3810 1089 3885 τάντες
1120 3812 1229 3892 ἔλεγον
1261 3817 1332 3891 τοὺς

143 3918 200 3997 ule
227 3915 345 3984 τούτων
379 3914 537 3998 ἄρξαντας
571 3918 672 3984 loiron
707 3917 791 3991 δίκην
824 3914 1037 4003 supplendum
1069 3915 1209 3983 arbitror
1245 3919 1331 4009 (δεῖν)

144 4022 244 4091 δοῦναι
266 4023 362 4097 δίκην.

185 4126 224 4195 lu
248 4126 287 4193 V.
314 4148 367 4194 ru.
393 4132 424 4194 l.
456 4127 558 4194 miror
578 4126 737 4214 quomodo
766 4126 893 4194 tamdiu
914 4127 1050 4194 Critioos
1072 4128 1190 4194 uitium
1214 4128 1334 4217 ingerit

145 4232 177 4301 in
198 4233 308 4301 rerlris
330 4234 401 4300 ίσεῖ
422 4257 475 4313 μοι
505 4236 559 4299 σῦκ
587 4234 688 4306 ε’διδως
714 4252 854 4318 namque
877 4234 1004 4299 etiamsi
1031 4234 1123 4319 puori
1153 4233 1262 4301 sedulo
1285 4235 1332 4301 di·

144 4336 281 4408 dicimus
304 4340 426 4417 ε’διδων,
450 4340 551 4414 ίδῖδως
577 4348 609 4406 ot
633 4340 716 4403 ἐδιδω
742 4337 861 4407 Graece
887 4338 969 4415 dici,
1002 4347 1108 4405 umen
1133 4348 1259 4407 eertum
1284 4352 1334 4409 est
