2940 5010
771 264 836 327 356

222 454 274 502 ναι
306 435 358 501 καί
383 436 419 512 δίη
450 434 561 511 οίδίκυς
592 438 632 517 μί
660 448 747 511 τινας
779 437 886 521 ρἰρδίοος
916 434 1140 503 οίπολίούαι
1172 438 1199 502 ol
1232 440 1414 517 τολμῶντες

223 540 408 623 ψεύδεσθαι,
432 542 488 609 sed
518 562 580 609 una
610 542 752 610 litterula
775 551 901 610 esemta
934 539 1139 609 scribendum
1164 550 1214 609 est
1236 543 1354 619 ύδίκυσ
1375 543 1416 623 μί

223 664 378 722 τινας-
333 649 605 715 -οίτολίσαμ
1165 674 1169 679 ’

273 751 424 820 llendosa
445 763 496 821 est
520 757 682 841 scriptura
701 753 743 820 11.
762 776 796 820 ιι.
827 758 878 821 16.
910 753 1051 820 τοιούτων
1074 756 1100 820 δ’
1117 702 1211 821 ίντοιν
1231 752 1418 835 θηραμίνηο

225 858 259 922 -ἒν
273 856 469 944 ἐνκλησίρι’
441 882 536 925 ειπσν.
573 859 697 926 lleroea
718 860 1005 947 praepositionem,
1029 878 1125 946 quam
1145 856 1309 945 absorpsit
1327 877 1418 945 prae

228 960 346 1029 cedens
373 963 563 1031 vocabulum
597 966 822 1045 συμβουλεύειν
853 973 886 1031 et
917 964 1023 1031 scribe
1049 964 1081 1029 ύυ
1107 964 1285 1047 τοιούτῳδ’
1307 963 1417 1041 ίνποιν,

219 1067 340 1134 ..eodern
365 1088 485 1149 sensu,
509 1090 572 1157 qno
595 1078 628 1136 et
651 1070 727 1136 alilri
752 1089 994 1155 nonnumquam
1026 1070 1169 1135 occurrit
1192 1076 1226 1136 et
1247 1068 1336 1157 apud
1356 1069 1417 1159 ny-

226 1172 309 1239 siam
337 1173 405 1240 llll.
432 1179 485 1243 15.
517 1177 547 1242 dr
577 1177 703 1260 τοιούτῳ
731 1178 759 1242 δ’
781 1175 843 1242 ίντι
876 1200 927 1256 μοι
956 1176 1136 1242 κινδυνεύειν
1161 1173 1259 1242 ἐδόκει
1291 1176 1333 1251 oie
1363 1181 1416 1241 τοῦ

228 1302 268 1357 με
291 1281 455 1345 οίτούανείν
486 1280 677 1363 ύποίρχοντος
706 1282 771 1359 ἤδη.
819 1280 899 1347 thid.
919 1281 959 1347 ll.
986 1300 1034 1348 ιιι.
1056 1284 1112 1347 52.
1144 1284 1249 1347 τρίται
1274 1280 1417 1362 μεταβο-

219 1386 283 1450 Δλα)
307 1392 466 1451 πολιτειῶν
496 1387 721 1469 ίανατηφόρει,
754 1388 886 1474 requiro
916 1390 1017 1454 aedom
1051 1385 1111 1476 (αἱ)
1132 1386 1332 1466 μεταβολαί.
1379 1384 1417 1453 ln

229 1487 331 1578 354.
363 1492 461 1573 ε’κείυη
485 1511 541 1577 pro
565 1492 632 1558 ἐκεῖ
652 1490 950 1577 frequentissimum
974 1498 1023 1557 cst
1046 1491 1254 1559 librariorum
1279 1491 1417 1570 vitium,

228 1596 283 1680 qni
309 1596 371 1682 ipsi
394 1598 492 1678 ἐκείνη
515 1594 664 1661 dieelrant
690 1617 747 1684 pro
769 1600 850 1681 ἐκεῖ,
874 1596 1006 1663 Veteres
1031 1606 1092 1663 non
1116 1598 1208 1664 item.
1253 1595 1327 1663 lltid
1358 1596 1414 1665 lll.

227 1720 249 1764 ι.
276 1705 306 1767 7.
336 1701 483 1781 ὑπόνομον
506 1704 635 1784 ὤρυττεν
658 1704 698 1776 oie
721 1702 969 1786 ἀφαιρησόμενος
992 1704 1028 1768 τδ
1053 1700 1127 1785 ίίδυρ
1150 1704 1273 1781 αὐτῶν,
1297 1703 1326 1768 εἰ
1346 1722 1416 1770 unt·

228 1825 324 1892 quarn
349 1806 539 1875 conducendi
561 1806 658 1874 verbo
681 1807 769 1875 loeus
793 1818 842 1875 est
863 1807 915 1874 lric
938 1807 1029 1873 loeus
1051 1816 1120 1885 est,
1141 1806 1418 1896 scribendumque

228 1911 481 1994 ὑφαιρησόμενος.
528 1912 608 1979 ίΙιίιί.
630 1913 685 1979 ΙΙΙ.
706 1934 725 1979 ι.
755 1919 804 1980 10.
828 1922 892 1987 τοῖς
914 1912 1089 1990 δυναμένοιο
1111 1911 1239 1993 μοίλιςα
1261 1914 1352 1995 παρὰ
1374 1916 1416 1997 τῷ

228 2018 443 2102 Φαρναβάζῳ,
478 2037 590 2084 verunt
622 2029 670 2086 est
700 2019 875 2099 δυναμένοις
906 2018 1058 2097 terreor,
1092 2016 1176 2103 quod
1207 2016 1360 2085 Graeculi
1385 2019 1416 2085 itt

226 2124 348 2203 μέγιςα
381 2133 413 2191 et
444 2124 570 2205 μύλιςα
602 2123 787 2212 depravant.
836 2124 1013 2209 dttigimns
1045 2123 1109 2189 iarn
1141 2142 1251 2210 snpra.
1300 2122 1417 2191 llisnm

230 2237 337 2297 moret
360 2228 455 2296 lectio
478 2228 606 2315 volgato
632 2231 687 2297 lll.
712 2249 732 2295 ι.
758 2234 789 2295 8.
821 2230 1011 2311 κατηγόρουν
1034 2229 1098 2310 γὰρ
1122 2232 1218 2296 αὐτοῦ
1237 2231 1266 2298 σί
1287 2230 1417 2311 τύμμα·

229 2356 282 2417 Ιχοι
307 2339 346 2409 ὥς
370 2336 459 2418 ἐφείη
484 2334 634 2417 οίρποίζειν
656 2338 698 2418 τῷ
721 2334 916 2416 ςρατεύματι
940 2335 1011 2407 τοὺς
1035 2335 1169 2415 φίλους,
1203 2354 1266 2401 nnn
1291 2343 1342 2402 est
1366 2334 1417 2402 ltic

217 2458 300 2505 -rnos
324 2440 465 2506 militurn
497 2439 649 2507 licentius
680 2440 862 2507 habitorum
886 2441 921 2505 τὸ
944 2439 1015 2512 τοὺς
1047 2440 1159 2522 φίλους
1181 2439 1336 2523 σίρποίζειν
1361 2440 1416 2507 sed

217 2545 273 2609 -σύε
291 2547 351 2611 τῶν
368 2546 478 2627 φίλων.
516 2545 644 2632 llepone
663 2554 770 2613 autern
791 2549 830 2619 ὡς
850 2547 939 2628 ἐφείη
964 2543 1221 2626 διαρπάζειν,
1245 2547 1415 2613 nonenim

228 2672 340 2736 rapere
362 2651 414 2715 isti
439 2651 542 2717 socios
567 2661 598 2718 et
620 2652 742 2717 amieos
764 2651 884 2725 solent,
909 2650 964 2716 sed
987 2650 1133 2735 diripere.
1170 2652 1206 2715 ln
1230 2648 1323 2739 313.
1348 2651 1415 2739 lege

220 2755 475 2835 προσβάλλοντα
506 2764 571 2831 τοῖς
603 2758 742 2837 τείχεσιν
770 2757 871 2822 ctdrr
944 2755 1169 2835 -ίμβοίλλοι
1193 2775 1251 2843 pro
1276 2759 1415 2839 τροτβα·
1458 2824 1460 2829 ,

227 2866 327 2927 λοῦοα
352 2872 384 2927 el
410 2860 560 2942 ε’μβοίλοι.
607 2862 643 2926 ln
668 2860 691 2950 S
718 2866 768 2927 19.
795 2756 908 2946 ριοάτ
882 2886 935 2934 ηκε
909 2780 1103 2938 ⁸sltr'ycrs
1088 2858 1196 2926 scribo
1219 2860 1274 2939 ηκὲ
1297 2887 1347 2939 τις
1366 2834 1460 2931 λί-

225 2990 303 3048 por.
351 2966 481 3034 Excidit
505 2964 614 3032 eadem
651 2965 760 3032 rocula
787 2966 815 3031 ll
851 2986 871 3030 1.
897 2970 928 3031 8
964 2966 1033 3041 ἡδὲ
1062 2966 1131 3046 κόρη
1155 2965 1201 3034 l·
1192 2992 1202 3031 r
1227 2968 1413 3051 μακρότερον

218 3077 246 3151 ’ἢ
268 3075 388 3157 χειρίς,
412 3070 485 3139 ἕν
466 3096 557 3155 ητην
577 3080 671 3154 χεῖρα
694 3070 775 3152 ἔχειν
799 3070 928 3137 οὐδὲν
910 3096 949 3135 αν
973 3071 1095 3137 δύναιτο
1123 3080 1272 3150 ποιησαι,
1303 3072 1416 3163 supple
1454 3138 1460 3149 ,

226 3182 307 3263 ἔχων
339 3204 408 3255 τις,
440 3188 472 3245 et
506 3179 538 3242 in
572 3176 741 3265 Symposio
765 3176 801 3241 V.
828 3183 858 3242 5.
894 3176 984 3256 μόνον
1015 3178 1066 3242 τόν
1101 3184 1280 3260 λαμπτῆρα
1313 3180 1414 3261 ἐγγύς

226 3283 464 3367 προσενεγκάτω
487 3284 607 3349 inserto
632 3284 811 3347 necessario
835 3282 1023 3370 pronomine
1051 3281 1221 3367 legendum
1243 3285 1350 3364 ἐγγύς
1368 3310 1421 3361 τις

225 3387 473 3471 προσενεγκάτω.
522 3385 613 3472 llpnd
639 3386 842 3453 llernostlren
868 3386 957 3453 Orat.
978 3386 1100 3452 xtvtt
1123 3391 1177 3453 72.
1209 3386 1271 3455 κίιν
1294 3392 1426 3468 claim

226 3491 441 3581 §supple
403 3516 462 3558 και
491 3493 552 3556 οικ
553 3517 607 3565 τη
630 3490 729 3575 areb.
700 3490 813 3575 ᾖίιι
837 3490 861 3580 §
884 3496 938 3559 90.
972 3495 1060 3570 ὑμεῖς
1087 3494 1119 3558 δέ
1141 3517 1181 3573 με
1201 3496 1247 3572 μη
1267 3496 1460 3578 λίατμι-

226 3600 437 3683 κρολογεισύε,
470 3595 590 3662 dixisse
614 3594 816 3683 Dercylidanr
851 3600 999 3684 suspicor
1021 3600 1110 3677 μηλ
1112 3599 1162 3664 ίαν
1194 3600 1460 3682 depenowe-

226 3710 299 3782 σύε,
324 3702 356 3769 id
380 3701 464 3789 qnod
489 3703 667 3767 sententiae
690 3703 839 3767 eorrvenit
860 3712 892 3768 et
918 3702 1069 3771 adverbio
1098 3703 1172 3769 λίαν
1191 3723 1256 3769 non
1285 3703 1460 3775 discen-

225 3812 323 3878 venit.
371 3804 536 3889 Quomodo
567 3817 675 3873 autem
699 3808 771 3872 λίαν
794 3808 979 3889 μικρολόγος
1007 3816 1040 3874 el
1061 3810 1133 3874 λίαν
1159 3814 1403 3891 μικρολογείσία

225 3912 389 3982 benedici
415 3914 513 3998 possit
534 3933 595 3979 non
621 3913 722 3979 video.
753 3916 1043 3993 ’λκριβολογεῖσύαι
1068 3923 1176 3979 autem
1200 3932 1301 4001 qnam
1326 3927 1460 3985 τιοτί-

224 4025 257 4088 in
281 4019 336 4087 tali
368 4027 564 4104 reponatur
595 4018 768 4084 ostendunt
801 4017 883 4097 loci,
915 4019 1020 4105 qualis
1043 4027 1094 4085 est
1121 4019 1352 4091 llernosthenis
1380 4025 1460 4091 ie·

222 4128 441 4193 Aristocraten
471 4121 495 4212 ὃ
518 4129 592 4191 148.
616 4128 650 4192 ού
679 4127 762 4190 τοίνυ
784 4130 891 4189 ταῦτα
920 4126 1193 4205 οίκριβολομείούαι
1219 4126 1270 4191 δεῖ
1292 4130 1347 4195 τόν
1371 4130 1400 4197 δι
1451 4158 1460 4167 ·

221 4233 313 4304 retae
348 4228 557 4311 ἐξετάζοντα,
591 4239 622 4296 et
655 4231 785 4295 omnino
817 4230 879 4295 tale
911 4240 959 4296 ost
990 4230 1184 4298 Graecorum
1220 4232 1391 4319 ingenio·

224 4346 260 4401 ut
282 4339 316 4402 τό
340 4337 612 4417 οίκριβολογεῑούκι
639 4336 678 4401 ίίε
703 4334 850 4403 rideatur
880 4356 950 4402 osse
981 4339 1110 4423 angusti
1135 4346 1168 4403 et
1197 4336 1323 4406 sordidi
1347 4340 1431 4407 ιιιιὶ
1457 4368 1460 4373 ·
