2940 5010
726 253 788 317 106

153 427 210 516 qui
239 427 272 493 in
302 425 447 515 Lysiaeis
477 422 726 499 circumfertur.
758 422 845 491 unde
872 431 965 492 retus
993 424 1109 492 uitium
1138 434 1300 514 eomparat

153 532 347 621 Antiphanis
369 530 458 599 loeus
482 528 658 598 tollendum
678 550 748 599 esse
768 529 972 598 monstrabit.
1007 529 1103 619 Apud
1123 531 1254 622 Lysiam
1278 551 1300 599 e

154 648 210 706 ttu·
237 637 276 704 ΙΙ.
302 636 327 727 8
352 641 382 704 7.
411 635 597 719 πέμψαντες
628 639 762 719 κήρυκος
792 636 908 704 thimo
935 639 1038 706 αὐτῶν
1066 637 1170 704 herirat
1197 638 1255 712 rire
1283 661 1300 702 ν

152 750 260 827 νεκρῶν
280 742 444 825 atratum.
492 741 749 830 Expungendum
770 761 840 810 esse
863 741 1038 810 articulum
1062 744 1119 821 ‘triu
1142 751 1175 810 et
1198 762 1252 810 res
1276 743 1300 830 ip

154 847 246 917 docet
270 857 303 916 et
324 845 525 935 Antiphanes
551 846 754 915 confirmabit
776 846 863 936 apud
886 847 1001 916 Athen.
1026 847 1079 915 Vl.
1105 852 1181 916 225.
1207 848 1244 915 n.

380 952 498 1044 (intus)
518 951 607 1021 ἕωλον
629 952 761 1034 κείμενον
782 953 830 1021 δύ’
850 954 966 1037 ἡμέρας

377 1062 396 1138 ἢ
419 1066 519 1141 τρεῖς·
541 1058 633 1139 μόλις
657 1059 684 1126 δ’
706 1059 762 1126 ἐῶν
784 1063 854 1126 τοτ’
876 1061 989 1136 ῶνκτῖρν
1009 1060 1130 1145 τυφλόν

376 1163 500 1246 λάβοιτ’
527 1164 642 1232 ἔδωκαν
661 1170 723 1233 τῶν
744 1172 852 1248 νεκρῶν
873 1166 1045 1248 ῶνοοῖρετνν.

152 1275 185 1339 et
208 1270 395 1359 saepissime
414 1271 447 1338 iu
471 1269 634 1338 historicis
653 1269 775 1358 legitur
796 1273 899 1340 δοῶνον
920 1268 970 1339 rel
989 1272 1089 1338 αἰτεῖν
1108 1270 1263 1351 tratrem
1284 1296 1300 1337 a

152 1382 276 1458 νεκρῶν,
301 1383 336 1442 ut
360 1374 445 1463 apud
469 1375 615 1465 ThueYtL
640 1374 888 1455 unlustau
912 1373 1007 1459 κήρνξ
1028 1376 1183 1458 suatum
1207 1377 1300 1452 κῖτνὶτ

151 1488 210 1548 τῶν
233 1483 358 1563 νεκρῶν,
381 1480 466 1570 quet
491 1480 715 1549 Demosthenis
745 1501 843 1550 eausa
871 1481 1045 1561 admoneo,
1076 1479 1162 1568 apud
1185 1498 1283 1568 quem

151 1586 296 1653 oratioue
325 1586 394 1670 τερῖ
424 1588 607 1664 Ἁλοννήσου
638 1606 669 1675 ρ.
698 1592 762 1665 86,
792 1592 824 1656 9.
857 1588 970 1655 vitiose
999 1585 1122 1654 mitur:
1153 1591 1262 1653 τοῦτον
1290 1611 1300 1653 e

151 1690 248 1775 ῶνῖροο
275 1691 386 1767 ἐκεῖνος
409 1730 455 1745 -
476 1693 642 1761 ἀπέκτεινε
668 1695 721 1761 xa}
754 1695 816 1761 ott*
846 1692 1001 1775 οῖνοοῖρεονν
1027 1691 1136 1760 ἔδωκεν
1165 1689 1216 1760 ἵνα
1238 1698 1300 1777 τοιφ

152 1796 357 1884 Quamquam
384 1796 463 1865 haee
493 1799 597 1865 oratio
627 1818 693 1865 nen
722 1806 784 1875 est,
802 1798 842 1866 ah
872 1799 942 1886 ipse
963 1796 1180 1866 Demosthene
1200 1798 1300 1885 script

151 1911 258 1970 tamen
282 1902 322 1970 ab
346 1905 523 1991 suscripta
547 1912 613 1982 est,
637 1904 694 1992 qui
717 1903 763 1971 iili
786 1902 948 1992 popularis
971 1911 1004 1970 et
1032 1902 1176 1992 aequatis
1199 1910 1286 1982 erat,

149 2006 191 2079 etl
212 2028 266 2074 eos
289 2006 416 2085 hahita,
442 2010 499 2097 qui
520 2009 601 2076 satis
628 2008 774 2077 sciebant
796 2009 874 2098 quid
900 2017 984 2078 esset
1011 2009 1072 2076 οὐδ’
1095 2008 1300 2091 anatemati

150 2138 220 2180 κεν.
244 2115 430 2202 supervenit
449 2114 504 2181 diu
524 2120 598 2202 pest
611 2112 746 2193 seioius,
770 2116 826 2203 qui
843 2115 894 2184 irs
909 2121 1001 2200 ταφῇ
1021 2113 1063 2182 tte
1078 2132 1138 2182 sue
1156 2113 1300 2200 adserips

195 2218 312 2286 Forma
336 2219 472 2286 harhara
493 2218 644 2306 deturpat
668 2218 851 2290 foedissime
880 2221 987 2290 locum
1013 2218 1177 2310 Aristoph.
1201 2220 1236 2287 in
1259 2219 1300 2287 Pu

151 2344 197 2390 vs.
222 2330 296 2393 tut.
1276 2356 1279 2361 ·

330 2431 385 2509 ἤδη
408 2437 520 2516 τροφεῖ
539 2455 570 2497 τι
594 2434 720 2511 masna
743 2430 811 2515 τερῖ
835 2434 889 2499 τὸν
911 2429 1068 2515 ῖμφκλῶν.

148 2531 231 2599 nihil
253 2542 303 2601 est
328 2535 450 2602 certius
481 2555 577 2622 quarn
606 2536 713 2620 τρέφεν
737 2556 807 2604 esse
829 2536 1085 2616 emendandum,
1108 2543 1146 2604 ut
1167 2536 1201 2604 in
1223 2533 1300 2625 ingr

149 2640 247 2708 Arist.
271 2639 356 2728 apud
381 2639 457 2708 Poll.
482 2643 521 2708 X.
547 2647 603 2709 ii.

327 2746 407 2827 τῖμον
429 2746 549 2827 τάλας,
572 2747 606 2814 τί
624 2771 685 2828 μου
706 2747 814 2830 τρέφεν
837 2749 893 2824 rire
915 2748 1059 2832 νοντέροος

148 2858 180 2919 et
199 2849 394 2939 Antiphanis
414 2851 499 2940 apud
522 2850 640 2921 tmen.
661 2852 718 2920 lit
746 2856 821 2920 123.
845 2852 880 2920 B.

327 2958 361 3026 οὐ
385 2957 449 3040 γὰρ
471 2961 566 3027 κκκὸν
589 2957 654 3043 ἔχω
677 2958 750 3039 μηδ’
773 2957 896 3040 ἔχοιμ’.
921 2957 976 3026 ἐὰν
998 2958 1025 3025 δ’
1047 2953 1110 3041 ῶρκ
1133 3022 1137 3029 ,
1270 3014 1273 3021 .

328 3062 428 3147 ςρέφκ
447 3088 490 3145 μο
513 3062 580 3148 supi
602 3065 659 3140 τῖρν
680 3063 791 3147 ματέρ’
815 3063 834 3140 ἢ
860 3067 913 3131 τὸν
934 3063 1083 3148 ῖμφοιλον

327 3167 415 3251 nuper
440 3168 597 3252 Φερτάτου
620 3167 787 3243 δακτύλιός
807 3166 856 3238 isi
877 3193 929 3249 μοι
949 3169 1112 3252 δραχμῆς,

147 3281 180 3341 et
199 3271 273 3340 aliis
292 3270 380 3340 loeis.
428 3279 557 3358 Στροφῶ
582 3283 691 3343 autem
712 3293 846 3362 prorsus
868 3273 1043 3342 harharum
1063 3279 1132 3352 est,
1153 3291 1253 3361 quem
1274 3271 1300 3343 ie

147 3398 235 3447 mam
267 3387 356 3446 certa
385 3379 579 3449 Graecitatis
604 3379 714 3457 texet
741 3379 888 3466 analogia
914 3379 1055 3466 respuit:
1088 3377 1152 3447 alia
1181 3379 1300 3449 retine

145 3484 317 3553 uerborum
338 3485 564 3571 οῖοικοτροφοῖν,
586 3493 790 3569 χειρονομεῖν,
817 3487 1037 3571 ἱπποτροφεῖν,
1058 3484 1211 3568 ᾦοτοκεῖν,
1233 3488 1300 3568 urst

146 3597 269 3674 φορεῖν,
286 3591 482 3673 ῶνθολογεῖν,
497 3592 695 3676 οῖνοφῖοροῖν,
712 3590 849 3659 alierum
866 3600 1110 3671 sexcentenum,
1125 3610 1211 3680 qne
1228 3610 1300 3661 unu

145 3714 185 3763 en
208 3694 376 3764 adieetiuis
405 3698 590 3785 compositis
617 3704 791 3786 propagata
821 3704 916 3777 sunt,
946 3697 1163 3782 praecepturos,
1183 3682 1300 3781 νῖοκοτρ

144 3808 219 3887 φεῑν
245 3811 306 3870 ete.
335 3800 391 3870 seh
418 3802 526 3890 ipsum
555 3809 681 3888 ςροφεῖν
707 3811 775 3871 tam
804 3801 976 3870 hethaeum
1008 3810 1060 3870 est
1087 3808 1186 3891 atque
1215 3808 1300 3885 νομεῖ

144 3915 270 3992 τροφεῑν
292 3917 356 3975 ete.
395 3906 565 3995 singulare
587 3916 637 3976 est
659 3916 774 3995 φορεῖν.
815 3907 995 3977 Produetae
1016 3907 1142 3978 termae
1161 3916 1241 3977 sunt
1262 3932 1300 3995 τρ

145 4017 230 4097 φῶν,
252 4018 393 4095 τροπῶν,
418 4018 531 4093 νωμῶν.
580 4015 720 4084 Peeeant
743 4016 775 4082 in
800 4014 852 4082 his
875 4016 1018 4103 graviter
1040 4021 1075 4082 et
1097 4014 1242 4103 turpiter
1262 4032 1300 4104 pe

146 4119 238 4186 tastri
256 4126 288 4186 et
305 4117 557 4198 versificatores,
580 4121 637 4208 qui
654 4142 726 4189 sere
743 4121 811 4189 nati
828 4122 975 4189 earmina
993 4121 1093 4209 Epiea
1107 4127 1142 4189 et
1156 4118 1222 4187 atie
1239 4136 1300 4209 qm

147 4223 225 4292 lihet
247 4223 356 4312 lingua
377 4223 545 4292 Homerica
568 4225 725 4295 laborioso
747 4225 886 4294 artifieio
910 4226 1093 4316 pangebant
1117 4224 1217 4313 inque
1239 4243 1300 4294 ea·

145 4332 179 4403 in
202 4329 357 4401 miritiees
379 4337 412 4400 et
436 4329 589 4404 ridiculos
619 4352 746 4404 errores
768 4352 803 4403 se
826 4332 1035 4425 imptieahaut
1066 4338 1247 4404 sexeeutes.
1281 4330 1300 4403 h
