2940 5010
640 335 681 398 17

202 516 266 584 τῶς
285 508 330 576 ἔτι
356 506 361 596 Ι
387 509 573 590 μετριώτερ’,
596 506 782 590 dicentii:
806 509 842 575 Α.
866 505 965 585 isram
988 508 1054 579 κτὲ.

61 612 218 702 adscripsi
243 623 275 682 et
298 611 439 700 relique,
462 620 500 679 ut
523 621 690 702 appareret
714 613 885 700 legendum
910 633 996 682 esse:

198 722 270 796 τοὺς
292 721 352 800 μὲν
371 720 461 800 ἰχθῦς
485 743 536 798 μοι
562 722 654 786 κάλει
682 719 688 809 Ι
713 720 836 801 ἰχθύδι’,
860 722 934 801 ὄψιν
958 722 1024 788 ιιτέ.

65 845 128 892 non
150 827 302 908 ἔχιύδιιν,
327 842 400 891 nem
426 825 499 911 queis
521 825 570 891 sic
590 823 753 913 loquitur?
1173 909 1178 923 .

107 930 148 998 Ut
169 932 204 996 iu
229 931 279 997 his
303 931 382 996 locis
412 929 510 996 verbe
533 929 617 998 male
639 928 812 996 distributa
836 929 1009 997 lectoribus
1035 929 1181 1001 trondem
1206 934 1251 1004 la·

62 1035 153 1102 ciunt
176 1037 222 1104 ita
246 1036 433 1123 saepissime
457 1054 537 1101 noua
560 1044 592 1102 et
616 1036 780 1123 insperata
809 1033 864 1101 lux
895 1035 1043 1104 obscuris
1064 1046 1097 1105 et
1120 1039 1254 1128 impedi·

62 1141 107 1207 tis
125 1140 222 1208 dictis
244 1139 395 1226 affulget,
419 1141 528 1207 sisne
551 1140 669 1228 cuique
698 1139 794 1207 verba
823 1139 1015 1209 redduntur.
1061 1142 1163 1212 Nemo
1183 1165 1252 1213 um-

61 1266 159 1334 quam
180 1246 360 1332 intelligere
379 1246 459 1312 duos
479 1245 702 1333 Aristophanis
723 1264 837 1312 versus
858 1248 961 1334 potuit
981 1247 1015 1313 in
1035 1246 1149 1337 Vespis
1169 1254 1251 1330 312,

62 1357 146 1431 515,
178 1355 253 1440 quia
280 1371 374 1418 nemo
403 1350 601 1423 vidit.[inter
627 1359 817 1437 petremct
843 1349 948 1419 lilium
977 1350 1074 1421 verba
1102 1355 1150 1423 sic
1183 1372 1253 1425 esse

61 1456 247 1536 dividenda,
271 1465 309 1524 ut
333 1456 419 1524 tilius
440 1455 590 1523 llehiliter
611 1454 783 1529 exclamet:
1188 1442 1197 1454 ’

244 1562 277 1628 τί
299 1587 340 1642 με
363 1562 440 1640 δῆτ’,
463 1560 485 1628 ὦ
508 1560 612 1642 peste
630 1570 748 1644 picem
772 1560 909 1638 ἔτιιιτιςς

60 1674 154 1755 pater
175 1667 366 1755 respondeat
389 1666 602 1735 cachinnans:

240 1770 279 1837 ἵν’
303 1772 370 1853 iperi
392 1771 575 1856 πράγματα
595 1770 721 1851 βόσκειν
744 1771 897 1858 capim.

60 1878 146 1946 Satis
157 1885 358 1964 compertum
379 1887 427 1946 est
438 1880 480 1945 ‘in
497 1876 735 1964 antiquissimis
751 1861 916 1945 codicibus
933 1898 1144 1966 personarum
1161 1883 1250 1951 vices

59 1982 150 2050 nullo
172 1982 291 2049 indicio
317 1982 514 2070 significatas
545 1981 654 2048 luisse.
702 1980 766 2048 ttes
789 1983 858 2069 ipse
884 1968 1037 2052 lectorem
1060 1994 1195 2055 acutum
1218 1997 1252 2056 et

60 2087 121 2156 hoc
145 2094 293 2174 agentem
324 2090 403 2154 satis
433 2086 640 2154 admonebat:
663 2085 720 2151 ubi
744 2084 956 2155 dormitantes
979 2097 1012 2155 et
1036 2090 1166 2159 hebetes
1187 2092 1250 2161 lec·

60 2203 147 2263 tores
169 2192 229 2259 hoc
252 2190 450 2259 adminiculo
474 2192 620 2279 indigere
642 2199 834 2278 coeperunt,
858 2192 1070 2262 Grammatici
1102 2217 1250 2284 persona·

58 2319 134 2367 rum
155 2299 243 2366 vices
264 2297 389 2365 duobus
408 2299 536 2386 punctis
555 2296 773 2395 distinxerunt
792 2296 889 2383 idque
905 2299 957 2366 δύι
978 2300 1094 2369 τιθέναι
1114 2302 1250 2393 (τιγριιές

60 2403 239 2493 videlicet),
262 2411 319 2470 aut
342 2403 393 2470 δύο
413 2403 522 2485 τΙζειν,
545 2403 730 2477 brissonii,
753 2401 805 2467 δύο
829 2404 952 2482 serpedo
969 2413 1067 2473 ποιεῖν
1089 2408 1251 2496 appellare

61 2503 183 2586 solent,
203 2518 240 2577 ut
265 2509 305 2576 ad
326 2509 432 2576 Renes
444 2516 619 2577 annotetur
638 2514 685 2604 vs.
699 2511 762 2574 891
789 2515 885 2575 τοῖσιν
902 2510 1038 2587 ἰδιώταις
1056 2514 1148 2589 θεοῖσι
1171 2516 1252 2590 τινὲς

60 2616 518 2700 ἕντῷθειῒιὸύιτιθέατιν,
542 2610 756 2697 ἵναὲνῇτὸ·
781 2611 1250 2700 terriculamentum

59 2721 208 2790 καινόν.
239 2722 512 2807 quae‘ennotatio
541 2719 610 2786 loco
636 2727 724 2786 mota
751 2725 854 2785 estet
878 2721 1019 2806 pertinet
1041 2720 1145 2790 ades.
1170 2728 1249 2794 889.

59 2837 130 2895 tum
154 2829 196 2893 in»
212 2825 425 2912 Aristophane
447 2825 619 2912 legendum
644 2823 712 2891 teret
734 2847 816 2898 τινες
842 2824 908 2900 τοί,
934 2824 1045 2908 κόμμα
1070 2829 1251 2907 xcte6e31n

59 2931 320 3014 Acharnensibus
340 2952 387 2998 vs.
410 2936 476 3000 899
498 2930 629 2999 Codices
650 2929 820 2998 exhibent:

53 3031 58 3039 ’
241 3039 385 3123 ἣφορτΓ
409 3036 486 3120 ἕτερ’
511 3036 618 3103 ἐνθένδ’
642 3038 736 3103 ἐκεῖν’
759 3034 846 3113 ἄξειν
867 3038 936 3112 icit:
1035 3079 1040 3086 ·

57 3161 167 3209 eoram
189 3142 358 3211 lectionem
382 3151 477 3210 ectus
496 3141 639 3208 scholion
663 3141 819 3207 servarit:
842 3140 1006 3224 γράφεται
1033 3143 1085 3208 καὶ
1114 3144 1152 3209 lei
1175 3143 1248 3211 ἀντὶ

57 3253 111 3315 τοῦ
136 3249 294 3327 ἐγώκαὶ
317 3249 368 3316 δύο
391 3249 506 3328 :eppei
532 3249 563 3313 ἕν
580 3249 623 3328 τῷ
646 3244 775 3322 cifris:
799 3240 870 3310 εἶτα
888 3247 924 3312 τὸ
946 3248 994 3314 ἰώ.
1043 3245 1169 3314 Similia
1192 3247 1248 3316 ad·
1351 3313 1367 3328 ,

58 3355 179 3440 scripta
196 3362 272 3419 suni
286 3354 326 3420 ad
339 3354 445 3420 Ranae
464 3357 516 3419 98.
531 3353 619 3430 τινὲς
640 3352 683 3424 εἰς
703 3351 738 3416 τὸ
758 3350 858 3432 Φέριι
879 3351 930 3418 δύο
953 3353 1078 3432 clypeis
1098 3358 1250 3435 ποιοῦσιν,

57 3467 90 3524 et
112 3478 158 3523 ts.
184 3464 223 3524 51
248 3456 630 3533 retentationis
654 3456 841 3539 δνίςίζιντι
873 3458 925 3524 καὶ
957 3459 1002 3534 εἶτ’
1031 3458 1067 3526 τὸ
1093 3456 1250 3544 ἐξηγρό,

57 3588 150 3645 μην,
179 3570 210 3630 et
240 3564 466 3636 νε.514τινὲι
491 3565 534 3637 εῖτ
559 3564 595 3628 τὸ
623 3561 972 3643 ριντιιιιιτιὶτιρνδύν
1001 3571 1147 3632 τινοῦτιν.
1184 3566 1248 3635 Sed

52 3689 121 3736 non
145 3670 224 3737 satis
243 3667 321 3735 heec
346 3668 639 3736 Grammaticorum
662 3668 829 3754 diligentie
853 3688 966 3737 cavere
989 3671 1111 3757 potnit,
1135 3691 1177 3739 no
1200 3673 1258 3740 in·-

56 3775 260 3862 eptissimum
296 3775 330 3840 in
363 3773 494 3841 modum
525 3774 560 3838 in
592 3772 762 3841 [lodicibus
791 3776 910 3861 passim
940 3786 973 3844 et
1000 3777 1189 3848 etiamnunc
1212 3779 1248 3846 in

52 3881 176 3968 optima
200 3898 328 3965 quaque
350 3878 490 3946 editione
508 3896 752 3966 nonnumquam
772 3879 1039 3947 interlocutorum
1058 3880 1145 3948 vices
1169 3901 1246 3948 cum

57 3985 178 4070 insigni
190 3985 368 4052 sententiae
389 3984 583 4052 detrimento
600 3985 800 4052 misceantur
822 3993 854 4052 et
878 3984 1061 4053 turbentur.
1091 3986 1246 4074 Exenrpla

55 4090 153 4159 huius
170 4089 384 4176 negligentiae
396 4092 430 4155 in
442 4091 645 4158 Geminorum
663 4088 854 4177 fragmentis
869 4091 1035 4177 complura
1053 4100 1244 4178 supersunt,

56 4195 143 4264 unde
172 4195 336 4263 nonnulla¹
355 4213 556 4282 expromam:
587 4194 745 4281 quidquid
775 4204 885 4265 autem
910 4197 944 4263 iu
968 4197 1010 4263 iis
1032 4196 1110 4264 locis
1134 4216 1244 4285 pecca·

55 4312 127 4371 tum
147 4310 215 4380 est,
240 4300 338 4368 huius
358 4300 405 4367 rei
425 4298 557 4386 culpam
574 4300 635 4369 soli
656 4299 804 4386 Editores
821 4311 854 4370 et
876 4302 988 4369 (tritici
1009 4303 1184 4371 sustinent:
1210 4303 1244 4370 in

55 4406 226 4478 Codicibus
238 4408 326 4477 enim
339 4405 447 4477 omnia
458 4422 521 4476 uuo
533 4404 830 4495 eodemquotcnore
840 4409 1084 4489 continuantur,
1092 4427 1175 4497 quae
1187 4427 1246 4476 suo

1045 4518 1061 4564 ι
