2940 5010
706 293 772 357 660

151 469 203 536 οίει
228 466 381 551 διαφέρειν
405 464 420 532 δ
443 465 481 532 τὺ
511 471 606 539 ποιεῖς
631 464 648 544 ἢ
669 467 728 534 τῶν
747 469 890 542 οὶσκητοῖν
919 466 994 535 ίντα
1015 466 1144 549 κρείττω
1167 467 1239 545 τοῖος
1260 470 1330 539 tne-

150 599 211 648 τας
232 573 423 657 φοβεῑοιοις
449 571 541 639 Haud
564 571 631 639 scio
653 591 695 639 ao
725 580 820 639 ποιεῖν
842 571 999 641 exciderit
1026 582 1059 640 et
1082 573 1132 641 sie
1152 572 1219 661 legi
1245 594 1330 663 opor·

152 686 240 745 teat:
270 675 285 744 ὃ
312 678 351 744 σὺ
382 687 476 752 ποιεῖς
503 675 623 766 (ποιεῖν)
647 676 665 753 ιῖ
690 714 734 726 -
756 677 948 761 φοβεῖσθαις
983 676 1179 766 pervulgata
1210 678 1332 749 dicendi

153 784 256 852 forma
290 791 339 850 est
370 783 475 870 quatis
508 790 539 848 et
572 779 649 847 aiibi
679 781 800 868 passim
834 782 954 870 tegitur
987 791 1019 850 et
1051 782 1139 871 apud
1172 784 1334 857 Demosth.

155 888 241 958 Orat.
265 889 376 956 xxttt.
402 895 454 955 ot.
481 887 618 969 διαφέρει
640 887 672 953 δὲ
694 886 727 954 τί
748 891 837 954 τοῦτο
863 893 929 954 τοῦ
960 891 1001 963 ue
1025 888 1121 957 αὑτὸν
1143 888 1262 971 ἄγεινς
1282 888 1333 959 eod

153 992 291 1062 retrahit
311 1014 362 1060 me
383 993 575 1079 Antiphauis
596 993 686 1060 iocus
708 992 794 1080 apud
818 991 989 1061 Stobaeuur
1014 994 1049 1061 iu
1070 993 1186 1061 Florit.
1211 1000 1279 1077 rt,
1299 1000 1331 1065 δι

287 1100 321 1165 τί
341 1102 428 1183 φῄςς
452 1100 557 1165 λαθεῖν
581 1099 676 1182 ζητῶν
699 1123 729 1165 τι
756 1098 828 1180 πρδο
851 1101 976 1176 γυναῖκ’
1000 1101 1075 1183 ἒρεῖο

287 1205 322 1271 τδ
345 1208 504 1286 epirum
526 1204 578 1270 ιιαῖ
603 1206 637 1271 τί
658 1208 748 1271 τοῦτο
772 1203 990 1288 διαφέρειν
1016 1203 1093 1273 οῖον

288 1309 305 1386 ἣ
329 1314 408 1376 τοῖσι
432 1318 495 1383 τοῖς
519 1307 639 1392 κήρυξιν
657 1311 688 1375 έν
703 1310 804 1395 οῖηορρῖ
824 1308 968 1393 φροίσαις

152 1412 231 1480 hace
253 1414 337 1479 euim
359 1415 492 1480 Porsoui
516 1414 696 1481 emendatio
726 1435 784 1502 pro
804 1416 838 1482 τί
857 1421 946 1482 τοῦτο
965 1415 1104 1499 διαφέρει
1123 1416 1143 1495 ἢ
1165 1420 1249 1485 τοῖσι
1271 1418 1331 1485 eri.

151 1538 304 1585 numeros
326 1522 445 1606 optime
469 1521 612 1586 restituit
634 1527 667 1586 et
688 1519 755 1585 loco
778 1519 997 1606 Xenophontis
1022 1520 1261 1601 confirmatur,
1279 1522 1330 1611 qui

152 1634 263 1693 eontra
294 1626 487 1713 dutiptranis
519 1627 755 1714 comparatione
787 1646 886 1692 sanus
907 1634 940 1693 et
970 1626 1096 1713 integer
1118 1646 1192 1695 esse
1218 1626 1330 1695 inteili-

151 1732 250 1817 gitur.
297 1732 386 1813 Quod
409 1734 439 1797 iu
465 1752 534 1818 sqq.
559 1751 711 1818 reponere
731 1730 872 1798 volebam
896 1733 939 1797 σὺ
961 1733 1024 1814 γὰρ
1042 1741 1108 1806 τοῖς
1127 1734 1328 1817 πρωτεύουσιν

151 1839 216 1903 κτὲ.
240 1841 352 1924 proed
376 1838 459 1918 pata,
482 1837 573 1903 rideo
600 1835 675 1902 olim
694 1856 867 1924 occupasse
893 1835 1149 1918 Schneiderum,
1175 1859 1213 1907 ac
1234 1842 1328 1907 miror

149 1943 313 2029 neminem
339 1953 461 2009 certam
486 1942 740 2009 emendationem
769 1943 940 2030 recepisse.
987 1941 1049 2024 Qui
1069 1942 1178 2011 locum
1198 1944 1326 2035 diiigen-

149 2055 199 2114 ter
223 2048 395 2134 inspicient
418 2056 468 2114 sat
492 2049 559 2114 seio
582 2048 626 2113 σὺ
649 2044 712 2130 γοίρ
735 2045 907 2133 aliquando
928 2056 1127 2135 recepturos.

204 2153 350 2220 Socrates
378 2152 604 2220 meretriculae
627 2152 682 2219 ΙΙΙ.
708 2172 752 2218 nr.
780 2158 831 2221 10.
866 2153 910 2219 ita
940 2153 1071 2220 suadet:
1107 2155 1158 2221 δεῖ
1189 2157 1242 2223 τὸν
1274 2157 1326 2237 μέν

151 2261 373 2341 ἐπιμελόμενον
396 2260 537 2339 ἀσμένως
561 2260 789 2342 ὑποδέχεσθαι,
811 2261 863 2326 τὸν
885 2260 917 2326 δὲ
939 2265 1158 2344 τρυφῶντα
1184 2263 1327 2330 εῖτοιιλεί·

147 2393 208 2443 ειν,
232 2366 306 2445 sod,
337 2365 450 2444 credo,
482 2364 521 2431 de
548 2366 683 2431 istarum
707 2373 843 2450 quaestu
870 2365 933 2431 erit
957 2373 1066 2431 actum
1090 2365 1145 2432 utri
1169 2370 1242 2443 rode
1262 2394 1326 2451 τρυ-

146 2480 273 2555 φῶντας
294 2472 457 2556 coeperint
481 2469 659 2536 excludere.
707 2469 887 2536 Medetritur
912 2471 995 2536 mato
1020 2491 1083 2537 uua
1109 2470 1261 2553 literuia,
1281 2473 1326 2541 rei

147 2580 254 2664 potius
278 2578 386 2643 tenuis
418 2574 552 2652 tinente,
584 2595 665 2660 quae
689 2574 940 2641 describentium
965 2577 1067 2642 aciem
1100 2577 1178 2644 oiim
1202 2578 1325 2666 ingerat

146 2688 178 2752 iu
204 2687 364 2772 scriptura
388 2671 708 2763 ΔὲΤΡΥΦΩΝΤΑ,
734 2685 765 2751 id
797 2695 846 2753 est
878 2689 930 2754 τδν
962 2690 988 2754 δ’
1020 2690 1219 2772 ἐντρυφῶντα
1252 2694 1325 2759 σῖτο-

146 2794 268 2859 κλεῖειν.
318 2792 402 2859 Satis
428 2795 541 2859 tritum
568 2800 600 2857 et
632 2803 742 2857 notum
774 2799 823 2859 ost
854 2794 1008 2875 ἐντρυφᾶν
1040 2820 1121 2873 τινι,
1150 2796 1326 2882 petulanter

145 2911 174 2965 et
204 2909 348 2985 proterve
382 2900 478 2965 alicui
508 2897 664 2972 illudere·
707 2906 743 2964 ut
779 2897 864 2985 apud
899 2899 1088 2986 Euripidem
1123 2901 1157 2967 io
1192 2902 1324 2993 Cyclope

143 3024 188 3070 us.
213 3009 296 3070 588:

321 3111 444 3193 μέμφει
467 3111 519 3176 τὸν
543 3109 652 3190 έραςὶιν
673 3109 855 3193 κοίντρυφρῖς
879 3110 1060 3188 πεπωκέτι;

142 3214 362 3281 Callicratidas
382 3215 465 3303 apud
488 3210 696 3280 Plutarchum
725 3213 757 3278 iu
791 3212 950 3300 Apopbtir.
974 3214 1090 3281 Lacon.
1125 3236 1159 3304 p.
1181 3222 1261 3285 222.
1287 3219 1321 3287 E.

141 3321 216 3408 Cyri
241 3320 358 3386 fastum
383 3341 445 3385 non
470 3319 574 3385 ferens
597 3318 775 3397 οίπηλλοίγη
808 3320 850 3391 είς
868 3323 1008 3402 Ἔφεσον
1030 3322 1139 3387 πολλοὶ
1163 3324 1323 3407 έπαροίριε·

142 3450 188 3499 νος
213 3427 379 3499 κονιατοῖς
403 3427 528 3506 πρώτοις
561 3426 860 3506 ἐντρυφηθεῖσιν
895 3426 954 3490 ὑπὸ
977 3425 1146 3509 βαρβάρων
1166 3429 1221 3495 καὶ
1243 3431 1321 3499 rett-

142 3529 231 3608 ξασιν
256 3532 367 3603 αὐτοὺς
390 3530 520 3612 ὑβρίζειν
544 3531 595 3595 διοὶ
618 3535 761 3595 πλοῦτον.

188 3635 294 3700 Etiam
330 3633 417 3700 atiud
454 3633 595 3700 Socratis
625 3633 794 3699 consilium
828 3632 931 3700 eidem
965 3633 1187 3733 mulierculae,
1211 3638 1324 3709 datum

141 3739 265 3807 scribae
290 3759 328 3805 ex
350 3739 500 3826 prudenti
524 3738 670 3805 iecerunt
700 3739 876 3825 pessimum
902 3739 1023 3806 ttt.·x1.
1051 3747 1101 3808 tr.
1149 3742 1326 3825 Quaerenti

142 3845 322 3913 Theodoiae
344 3854 408 3921 πῶς
437 3845 475 3912 ίιν
507 3847 567 3924 ἐγὼ
597 3847 687 3923 λιμὸν
707 3845 844 3924 ἐμποιεῖν
865 3871 907 3928 τρι
937 3852 996 3911 τῶν
1020 3850 1093 3930 παρ’
1125 3848 1192 3927 ἐμοὶ
1222 3852 1323 3920 δυναί·

139 3973 218 4032 μην;
241 3950 410 4038 respondet
434 3952 448 4016 ὅ
468 3951 549 4032 είρων
572 3949 623 4015 his
644 3950 770 4018 verbis:
794 3952 820 4017 εί
841 3957 956 4033 πρῶτον
977 3952 1034 4031 μέν
1056 3962 1121 4028 τοῖς
1139 3957 1322 4038 ιιενιορεσμέ·

140 4081 197 4131 νοις
221 4057 302 4136 μήτε
327 4057 504 4138 προσφέροις
528 4058 609 4136 μήτε
634 4059 896 4137 ὑπομιμνήσαοιο,
921 4091 966 4105 -
989 4056 1099 4124 ἔπειτα
1122 4061 1193 4137 τοὺς
1216 4061 1323 4143 δεομέ-

138 4187 203 4237 νους
241 4163 479 4241 ὑπομιμνησνοις
514 4165 553 4235 ὡς
590 4162 789 4246 κοσμιωτάτῃ
808 4188 844 4228 τε
875 4162 976 4247 διαίτη
1019 4164 1072 4230 καί
1106 4167 1157 4247 τῷ
1192 4168 1324 4249 φαίνε·

137 4268 225 4333 σίαι
249 4268 469 4347 βουλομένη
493 4267 675 4349 χαρίζεσθαι
704 4268 757 4335 καί
786 4268 1022 4350 διαφεύγουσα,
1044 4268 1099 4345 ἕως
1125 4271 1166 4339 der
1188 4274 1229 4347 ὦς
1258 4272 1323 4353 μα’·

136 4388 211 4442 aree
243 4374 399 4453 δεηθῶσιν,
428 4373 597 4442 inserenda
624 4382 672 4444 est
706 4376 791 4443 euim
827 4372 964 4463 negandi
995 4374 1156 4463 particula
1186 4378 1243 4445 καὶ
1278 4382 1321 4463 τῷ
