2940 5010
642 282 705 345 aba

72 450 182 517 ctione
201 451 356 536 ᾐσχύνθην
379 470 438 538 pro
455 452 602 534 ήτχύνθη.
638 452 746 519 Facile
771 453 847 519 talia
871 452 1136 531 conlunduntur,
1163 462 1199 521 ut
1222 459 1256 523 in

73 556 115 627 ll.
140 566 261 643 vitai.
296 558 399 632 ἐπειδὴ
428 557 491 639 γὰρ
522 558 785 642 ἀφηρέθηριεν
812 560 855 625 τά
887 560 917 624 ἕν
947 570 986 644 τῇ
1011 561 1151 644 aaronis
1182 563 1255 637 κτή·

71 684 189 742 aare,
223 665 253 728 ἐν
285 663 316 728 δὲ
339 674 378 746 τῇ
402 667 533 746 Ἀττική
558 663 572 727 d
596 664 699 744 οιοοτήρ
731 665 883 744 aalaidis
915 665 1084 733 κατέλιπεν
1112 667 1253 743 ἀνοοηκά·

72 768 167 849 (opat
191 770 255 835 ιιτὲ.
281 767 476 835 concedetur
505 767 605 848 mihi,
637 776 673 835 ut
695 769 828 854 opinor,
852 772 1003 854 ἀφηρέθην
1027 771 1085 850 μέν
1111 791 1129 837 a
1154 771 1255 839 Xeno·

10 890 14 971 s
71 872 204 961 phontis
224 893 322 940 manu
345 895 413 942 esse
435 873 625 961 proiectum.

114 978 155 1045 lu
177 978 217 1045 ll.
236 1000 281 1045 ιιι.
301 986 330 1045 1.
355 972 381 1045 οἳ
403 979 628 1061 χρησιμώτερον
649 979 800 1061 νομίζουσι
824 982 1014 1063 χρήματοή
1037 982 1254 1066 ἀδελφούς,

68 1091 160 1153 recte
182 1083 353 1155 colendam
376 1086 604 1173 Pluygersium
628 1086 645 1162 ή
670 1087 842 1168 ἀδελφόν
866 1089 1032 1174 sequentia
1055 1087 1254 1155 demonstra·

67 1186 170 1256 bttut:
201 1189 254 1256 κοά
286 1197 391 1257 τοῦτον
424 1193 482 1255 τῶν
505 1191 562 1270 μὲν
586 1191 724 1273 ἀφρόνων
755 1191 868 1269 ὄντων,
897 1197 963 1260 τού
994 1195 1031 1259 δὲ
1064 1194 1253 1275 φρονίμου

65 1296 135 1363 eri.
182 1294 280 1362 ltecta
305 1295 388 1362 idem
419 1299 436 1382 §
462 1300 491 1361 9.
528 1295 622 1363 ούτύν
651 1298 790 1383 expungi
816 1296 906 1365 iubet
927 1318 946 1364 e
968 1299 1091 1365 verbis:
1124 1300 1150 1363 εἰ
1175 1297 1254 1371 κύνοη

65 1400 128 1479 μὶν
149 1438 193 1453 -
212 1402 318 1483 ἐπειρῶ
341 1398 376 1469 οὗ
400 1403 530 1476 ποιήσοι
556 1401 698 1483 πραΰνειν
723 1402 857 1488 [chadal

111 1504 300 1573 Mendaeum
327 1514 376 1573 est
403 1507 434 1571 in
464 1506 556 1572 llam.
578 1506 618 1573 ll.
643 1527 688 1574 111.
715 1513 768 1577 18.
799 1511 841 1577 τὼ
865 1518 975 1592 χεῖρε,
1006 1506 1084 1583 ἀςθ
1114 1511 1177 1582 θεὸς
1200 1508 1253 1575 ἐπὶ

64 1612 104 1679 τὸ
124 1610 364 1690 συλλαμβάνειν
386 1614 592 1688 ἀλλήλοιν
616 1614 776 1688 εἰτούηοεν,
800 1621 926 1680 certum
957 1621 1006 1681 est
1031 1616 1180 1690 ἀλλήλοιν
1204 1633 1255 1680 re-

64 1713 169 1783 scribi
194 1725 350 1801 oportere.
400 1716 484 1783 Satis
515 1718 643 1785 tandem
667 1727 792 1785 constat
818 1720 850 1785 in
875 1718 962 1786 duali
996 1738 1130 1787 numero
1152 1718 1254 1804 tripli-

65 1821 119 1889 cia
144 1821 273 1906 generis
298 1840 394 1887 unam
417 1830 448 1889 et
472 1822 606 1889 eandem
636 1822 772 1890 formam
802 1826 925 1895 esseio
950 1823 1108 1901 articulo,
1142 1844 1253 1909 prono·
1334 1836 1336 1840 ·

65 1925 236 2005 minibus,
260 1925 427 1993 adiectiris
449 1936 481 1993 et
506 1929 698 2015 participiis.
746 1928 909 1995 Graeculis
933 1937 964 1995 et
988 1928 1131 1995 librariis
1151 1929 1254 1993 omni-

64 2028 131 2099 bus
152 2050 190 2098 ea
213 2051 267 2099 ros
290 2033 399 2118 ignota
430 2030 509 2099 luit:
540 2034 650 2119 itaquo
680 2033 802 2120 passim
830 2043 950 2107 temero
973 2034 1124 2118 antiquas
1148 2041 1180 2099 et
1203 2053 1253 2108 ra·

64 2136 217 2203 tissimas
240 2138 421 2224 scripturas
452 2157 510 2203 suo
538 2137 698 2205 arbitratu
722 2139 948 2225 depravarunt.
996 2139 1057 2205 Vix
1081 2138 1255 2205 elabuntur

65 2241 168 2311 τούτω
192 2244 234 2309 τάν
257 2244 374 2322 adasa,
397 2244 493 2310 τούτω
517 2245 560 2309 τὼ
580 2245 698 2326 ήμθροι,
721 2246 819 2319 τούτω
840 2245 881 2310 τὼ
902 2252 1053 2324 aursana,
1079 2253 1111 2311 et
1134 2243 1254 2310 similia

64 2349 187 2421 eurota
236 2348 406 2435 Sequiores
437 2349 600 2417 linxerunt
634 2351 677 2416 τά
709 2357 743 2417 et
772 2358 865 2430 τοῖν,
895 2351 1002 2418 τούτο
1031 2358 1064 2417 ei
1096 2351 1253 2428 τούτοοιι,

62 2453 153 2523 aava
177 2461 210 2521 st
232 2457 368 2534 ούτοιῖν,
389 2457 520 2532 ἀλλήλοι
543 2468 576 2522 at
598 2458 756 2533 ἀλλήλοιν
786 2465 867 2532 cet..
891 2474 992 2543 eaque
1016 2455 1125 2521 omnia
1149 2455 1253 2541 impu·

63 2558 182 2627 deuter
202 2558 375 2627 admodum
404 2562 549 2648 antiquis
580 2561 795 2648 scriptoribus
816 2562 935 2627 Atticis
966 2560 1138 2641 affricam,
1172 2580 1253 2646 quos

63 2662 222 2733 audacter
252 2665 402 2732 omnibus
434 2665 618 2735 istiusmodi
642 2667 768 2734 mendis
792 2667 1024 2754 purgabimus,
1047 2674 1079 2732 et
1109 2668 1251 2751 primum

61 2770 212 2841 emnium
236 2770 439 2858 Xenophonti
462 2792 560 2840 suum
583 2774 734 2850 ἀλλήλοιν
758 2772 941 2840 reddemus.
990 2771 1070 2837 Vide
1093 2771 1251 2856 quomodo

62 2874 281 2945 {culpaverint
301 2875 424 2942 librarii
446 2879 613 2963 oliliquum
635 2877 805 2945 lectionem
826 2879 878 2944 ιιοιὶ
898 2879 975 2961 μύτιν
997 2877 1096 2960 ἄμφω
1125 2878 1249 2943 τούτω

62 2982 115 3049 τάν
147 2980 278 3062 ήμέροι
308 2982 485 3063 λογίζονται
510 2982 542 3046 itt
565 2981 678 3070 Cyrop.
703 2982 726 3047 l.
752 3004 783 3047 11.
811 2989 863 3047 ll.
896 2992 928 3048 et
952 2986 993 3049 τὼ
1017 2991 1147 3060 porciae
1170 2980 1249 3049 ibid.

59 3084 101 3153 V.
125 3103 155 3151 v.
181 3089 212 3151 θ.
259 3085 395 3172 Saepius
423 3086 639 3153 commaculat
674 3085 778 3153 forma
799 3097 872 3154 τοῖν
896 3091 980 3155 θεοῖν
1006 3107 1062 3175 pro
1085 3095 1149 3153 τοῖν
1172 3088 1247 3153 θεοῖν

60 3197 101 3259 cb
115 3189 253 3261 aliorum
279 3193 400 3278 scripta
421 3200 453 3258 ot
471 3191 657 3259 Comoedias
678 3191 913 3278 Aristophanis.
962 3192 1069 3278 Turpe
1094 3192 1248 3259 mendum

60 3295 214 3383 inquinat
236 3296 461 3383 Aristophanis
486 3298 600 3364 Pacem
625 3318 671 3364 vs.
693 3302 773 3363 847.
798 3297 885 3384 apud
908 3297 1103 3384 Berglium:

153 3402 243 3469 πύθεν
266 3404 292 3470 δ’
317 3403 433 3484 ἔλοιβες
458 3403 593 3469 τούτοι
616 3404 674 3478 τύ;
698 3438 742 3453 -·-
765 3403 874 3480 πύθεν;
898 3406 932 3469 εἰι
956 3406 1111 3486 τούρανοῦ.

60 3524 140 3581 mur
170 3508 276 3575 τούτο
309 3529 367 3594 pro
396 3511 493 3575 τούτω
526 3507 697 3574 barbarum
734 3507 827 3594 plana
862 3518 922 3577 est.
971 3509 1129 3575 honorata
1153 3507 1249 3575 libro·

60 3631 138 3681 rum
162 3616 307 3682 omnium
329 3615 490 3700 scriptura
510 3615 632 3689 τούτοις
658 3612 844 3701 recipienda
868 3623 916 3681 est
941 3613 1117 3701 llirsohigii
1140 3634 1247 3680 emcn-

61 3716 170 3789 datio:

158 3824 249 3893 πύύεν
272 3828 298 3892 δ’
323 3824 439 3907 ἔλαβες
463 3826 643 3902 cadram
668 3864 714 3875 -
737 3825 861 3901 derideo:
884 3826 919 3890 εἰο
943 3828 1098 3906 τούροινοῦ.

107 3930 272 4017 Agnosces
307 3931 479 3999 sciolorum
505 3952 636 3998 manum
662 3942 693 3998 ct
718 3932 752 3996 in
776 3930 827 3996 his
859 3930 1025 3997 Menandri
1049 3928 1133 4016 apud
1159 3928 1248 3997 Suid.

61 4056 94 4105 v.
116 4037 236 4120 ’λβρολ
1230 4054 1235 4063 ’

244 4144 345 4223 μήτηρ
369 4142 492 4218 τέθνηκε
516 4152 587 4209 τοῖν
612 4145 770 4226 ἀδελφοῖν
793 4151 865 4209 τοῖν
889 4142 968 4207 δυοῖν

244 4248 387 4317 τούτοιν.
412 4250 518 4333 τρέφει
542 4251 573 4317 δὲ
597 4253 752 4326 τοιλλοική
775 4274 824 4323 τις
848 4253 902 4314 τού
926 4247 1043 4328 τοιτρύο

245 4355 369 4433 adada,
392 4352 478 4437 ἀβροι
502 4363 557 4430 τῆς
580 4357 695 4442 μητρὸς
720 4358 821 4423 abacia
844 4354 1005 4435 γενομένη.
