2940 5010
174 108 287 171 tantum
312 102 416 171 cerdis
439 112 571 193 possunt
599 101 775 190 distingui,
808 100 892 167 unde
914 102 996 175 ι’νσθς
1019 104 1134 183 άρθνον
1163 108 1275 167 natum
1296 113 1346 170 est

166 226 224 295 pro
241 212 359 291 άριιθον
378 219 411 279 et
431 207 560 277 similia.
595 207 744 297 Aeschyli
768 226 901 274 manum
926 208 998 289 πρὸς
1023 204 1056 274 dr
1080 210 1119 274 σθ
1145 208 1264 298 (trien
1287 230 1346 297 pro

163 314 266 406 nitu)
286 318 433 385 restituit
456 314 667 383 Robortellus.

206 421 363 490 Adliciam
385 420 436 489 his
455 419 608 487 nonnulla
629 440 667 487 ex
690 420 797 486 Poetis
818 428 873 496 τῆς
896 418 993 497 μθσνς
1017 421 1187 503 κωμῳδίας.

206 524 388 617 Archippus
407 529 439 593 ἐν
459 528 594 608 Ἰχθύσιν
618 524 733 591 Athen.
757 546 787 612 p.
814 528 892 594 508.
917 526 956 594 A.

386 634 480 716 ἱεροὺς
501 632 684 715 ’ΛΦροδίτιις
707 630 885 714 χρυσόφρυς
910 632 1066 711 Κυθηρίας.

151 736 294 805 cmcnda
313 740 427 820 θεριθς,
450 746 634 824 comparato
655 736 836 821 fragmento
855 757 894 803 ex
915 736 1024 803 eadem
1046 734 1153 804 labnla
1174 758 1203 825 p.
1218 744 1296 809 515.
1310 741 1345 807 B.

388 844 484 926 ispania
503 842 567 924 γάρ
590 840 656 921 ἦλθ’
678 846 814 910 αὐτοῖσιν
837 845 936 924 θρφθνο
958 849 1012 909 ποῦ
1037 845 1115 910 θεοῦ.

210 948 275 1015 lion
298 956 351 1017 cst
372 948 549 1025 Graecum,
578 946 661 1034 quod
694 949 912 1014 Aristomenes
941 946 1059 1014 dixisse
1088 947 1234 1014 ereditur
1261 950 1348 1037 apud

150 1048 363 1121 Priscianum
393 1054 507 1121 xvtn.
543 1073 573 1140 p.
601 1056 665 1119 232
690 1055 795 1132 λέγειν
821 1078 863 1132 με
891 1053 1042 1137 ταθσχρά.
1089 1052 1249 1141 Compone
1271 1076 1346 1122 cum

152 1152 218 1225 luia
235 1160 476 1248 Xenophontem
500 1160 595 1225 hiem.
618 1158 658 1225 11.
681 1180 713 1225 n.
737 1163 758 1226 9
781 1156 856 1225 ὅταν
877 1160 908 1224 ἕν
930 1168 1003 1233 ταῖς
1031 1161 1217 1241 τραγῳδίαις
1248 1164 1348 1239 ribbi·

149 1274 236 1341 Acce
255 1266 299 1332 πά
321 1266 452 1349 ἔσχατα
479 1267 612 1345 λέγωσιν
633 1272 665 1331 el
688 1264 851 1351 probabis:
875 1264 981 1343 λέγεις
1003 1290 1044 1345 με
1065 1264 1231 1347 σάσχαπα.

211 1370 366 1459 llcgcmon
392 1370 506 1438 Athen.
532 1392 562 1459 p.
591 1374 663 1437 108.
684 1370 717 1437 C.

386 1477 481 1556 μάλα
501 1476 627 1558 ταχέως
648 1478 749 1543 αὐτῶν
771 1478 845 1559 πρίω
868 1501 920 1556 μοι
944 1475 1119 1542 πουλύπουν

387 1582 441 1647 καί
461 1584 509 1656 δίς
531 1587 738 1664 καταφαγεῖν
758 1584 841 1648 κάπθ
861 1581 999 1659 πηγάνου
1021 1579 1120 1659 γθνον.

147 1674 340 1755 llcinclrius
361 1712 414 1769 μοι
438 1686 578 1753 eddidit:
604 1695 767 1772 praeterea
794 1687 1004 1753 correxerim:
1036 1688 1125 1752 άοιοιά
1148 1688 1273 1770 παχέος
1296 1692 1347 1755 θὼν

144 1794 241 1875 *pin
265 1818 337 1875 μοι,
361 1811 424 1859 nun
456 1792 543 1857 enim
571 1788 691 1856 (licitur
724 1792 818 1871 μάλα
848 1791 974 1874 παχέως
1007 1791 1060 1857 sed
1091 1793 1216 1874 παχέως
1243 1794 1346 1872 πάνυ,

142 1901 253 1983 ταχὺ
274 1898 379 1975 πάνυ,
404 1916 508 1985 ireque
530 1898 646 1973 άπιθν,
670 1894 754 1983 quod
786 1915 823 1962 ex
855 1901 957 1964 αὐτῶν
990 1897 1169 1964 ueinenius
1196 1900 1349 1977 eruebat,

142 2004 222 2071 &cd
246 2006 296 2071 ίθν
327 2003 482 2070 usitatum
515 2011 564 2067 est
594 2000 701 2067 dicere
730 2000 778 2067 vel
808 2004 911 2071 θοιθθν.
965 2003 1000 2069 ln
1031 2002 1146 2069 Codice
1176 2013 1224 2069 est
1257 2013 1349 2087 πριθ,

143 2114 280 2199 nempe
309 2107 429 2176 inducti
461 2106 608 2174 Graeculi
638 2126 707 2172 eam
740 2104 876 2172 lormam
907 2128 982 2175 cunr
1005 2112 1117 2190 άνροῶ,
1141 2111 1245 2187 αἰτιῶ,
1268 2119 1349 2194 χρῶ,

140 2202 219 2293 ἷέι,
240 2220 330 2299 πειρῶ
351 2223 383 2281 et
406 2214 479 2280 sim.
507 2212 752 2299 comparabant,
781 2212 1051 2298 quemadmodum
1076 2217 1220 2295 πριάσθαι
1246 2217 1350 2284 solent

139 2318 306 2388 neuneu
333 2329 366 2387 et
394 2321 529 2401 ἑσριῖισο.
569 2318 622 2385 Sic
653 2316 737 2405 apud
762 2316 958 2407 llesycbimn
983 2318 1138 2385 scribitur
1159 2323 1300 2399 άγσῖσθιιι
1325 2321 1350 2389 l.

147 2434 192 2507 Ι)
221 2430 282 2503 et,
312 2427 485 2508 αριμάοθαι
518 2443 547 2510 p.
579 2426 661 2499 278,
691 2413 957 2501 Ιοὶναπιμπθιάσθοοι
996 2433 1028 2490 el
1060 2427 1290 2493 άναπιτνάσθαι
1316 2450 1349 2515 p.

154 2528 251 2609 3511,
282 2531 421 2611 tenero
453 2548 482 2614 p.
515 2532 599 2603 utu,
630 2532 781 2610 περνάται
810 2527 848 2593 11.
882 2549 911 2614 p.
945 2534 1030 2605 utu,
1063 2535 1262 2614 προσφάσθαι
1294 2556 1353 2620 pro

152 2634 365 2719 προσφάσθαι
391 2654 420 2721 p.
449 2637 550 2709 1055,
574 2635 741 2715 περνάσθαι
772 2654 801 2719 p.
831 2638 916 2700 1090
940 2643 972 2700 el
1000 2639 1283 2719 καπαπιμπράσθαι
1312 2640 1352 2705 11.

160 2756 200 2827 p.
227 2744 290 2807 l'lil
320 2748 352 2806 el
377 2738 463 2805 alibi.
516 2736 607 2823 Apud
639 2737 775 2804 eundem
807 2738 926 2823 legitur
952 2743 1109 2807 Κπάσθαιε
1142 2744 1351 2823 άναιρεθῆναι,

167 2848 348 2921 masinae
380 2840 524 2910 eiusdem
559 2842 717 2908 barbariei
749 2853 797 2908 est
824 2845 990 2919 νισοινθιῑναι
1018 2843 1125 2911 dicere
1157 2854 1188 2911 et
1219 2852 1352 2917 κτάσθαι

172 2970 226 3039 pro
246 2950 383 3017 ιιπάσθαι
406 2948 612 3015 substituere.
661 2948 784 3013 Passim
815 2949 848 3013 in
881 2948 1046 3014 codicibus
1074 2950 1196 3017 similes
1228 2956 1354 3019 errores

173 3056 203 3123 ln
225 3054 377 3125 omnihus
398 3051 509 3119 lormis
534 3052 676 3120 eiusdem
711 3053 875 3141 analogiae
910 3063 1099 3132 recurrunt,
1130 3066 1165 3123 ut
1187 3058 1219 3122 iu
1243 3064 1354 3141 κιχρά·

173 3164 257 3239 σθαι,
281 3162 438 3237 πσῖισθαι,
461 3161 667 3239 διασπᾶσθαι,
691 3160 730 3227 de
742 3179 806 3247 quo
825 3159 984 3225 Porsonus
996 3158 1164 3226 admonuit
1180 3161 1219 3227 ad
1241 3164 1353 3252 Eurip.

172 3266 253 3337 neu.
278 3286 326 3334 rs.
351 3272 385 3343 1,
410 3283 505 3351 quem
529 3284 657 3330 versum
681 3286 780 3353 quum
811 3264 1042 3352 Aristophanes
1072 3266 1105 3332 in
1138 3266 1237 3331 Rarus
1269 3275 1354 3336 1578

172 3370 333 3441 attulisset
352 3370 520 3437 llarennas
539 3368 620 3435 liber
640 3371 671 3436 iu
693 3372 883 3437 διαπτάσθαι
902 3372 1075 3458 conspirat.
1106 3371 1142 3437 ln
1163 3371 1355 3461 Tiresmoph.

174 3482 248 3547 710.
274 3496 334 3567 pro

350 3582 548 3663 ἐμπρήσομεν
571 3582 669 3648 τοίνυν
689 3604 741 3647 σεε
766 3581 848 3647 πάνυ
870 3585 905 3660 γ’
928 3584 1123 3665 ἐμπίπρατε,

175 3688 340 3757 brennae
362 3690 559 3768 ἐμπιπράσαι
583 3687 711 3753 exbibet
731 3686 850 3772 triplici
876 3686 1009 3766 mendo,
1039 3707 1178 3773 namque
1209 3707 1271 3753 nou
1303 3691 1358 3771 ε’μ·

174 3796 309 3879 πίπραπε
340 3792 397 3860 sed
428 3794 634 3875 ἐμπίμπρατε
666 3790 871 3859 scribendum
903 3801 962 3858 esi.
1005 3794 1105 3858 nuiet
1139 3794 1358 3877 ἐμπιμπράναι

174 3900 323 3969 dicebant
352 3906 385 3964 et
415 3899 677 3978 ἐμπίμπλασθαι,
709 3918 790 3983 qnae
826 3896 945 3963 lorurae
980 3896 1097 3984 uirique
1128 3899 1238 3965 invitis
1268 3899 1360 3967 libris

173 4003 391 4075 restituendae
421 4012 516 4083 sunt,
546 4013 650 4072 metro
677 4024 771 4089 saepe
802 4002 945 4071 iubente.
978 4021 1104 4090 semper
1136 4006 1357 4091 perruittente,
