2940 5010
631 1545 807 1613 CAPUT
841 1536 865 1612 I.

970 2105 1073 2182 ἡδονὴν
1096 2103 1164 2188 ἔχει

556 2206 631 2275 ὅταν
654 2232 702 2282 τις
726 2205 795 2292 εὕρῃ
817 2207 920 2276 xoerodu
943 2208 1107 2290 ἐνθύμημά
1136 2234 1167 2276 τι

555 2314 665 2391 δηλοῦν
689 2311 827 2379 ἅπασιν.
851 2316 878 2380 ol
901 2315 928 2380 δ’
951 2315 1103 2383 ἑαυτοῖσιν
1126 2316 1219 2399 σοφοί

555 2427 672 2502 πρῶτον
694 2420 752 2498 μὲν
776 2423 830 2486 οὐκ
853 2419 960 2502 ἔχουσι
983 2429 1039 2498 τῆς
1062 2422 1178 2504 τέχνης
1198 2425 1317 2505 κριτήν,

553 2522 624 2592 εἶτα
647 2527 847 2608 Φθονοῦνταιι.
871 2528 933 2609 χρὴ
956 2527 1020 2608 γὰρ
1041 2528 1084 2601 εἷς
1108 2526 1203 2610 ὄχλον
1221 2528 1326 2612 φέρειν

554 2627 679 2708 ἅπανθ’,
702 2626 747 2696 d'o'
771 2629 810 2696 ἄν
833 2655 882 2706 τις
906 2631 1063 2708 καινότητ’
1085 2632 1171 2716 ἔχειν
1192 2635 1275 2718 δοκῇ.

997 2737 1243 2831 murmanus.
1307 2757 1310 2763 ·

191 2945 315 3034 Sequar
346 2943 570 3010 humaunmms
601 2941 721 3029 optime
751 2942 912 3009 monentis
936 2943 1165 3012 auctoritatem
1189 2954 1222 3012 et
1244 2944 1338 3016 laetis

143 3049 305 3121 ominibus
326 3047 410 3115 hanc
429 3045 603 3116 secundam
621 3054 746 3135 partem
767 3046 939 3116 Verianum
957 3048 1147 3116 Lectionum
1169 3050 1337 3120 instituam

143 3157 301 3232 scrihere,
334 3155 366 3220 in
405 3174 468 3242 qua
499 3155 642 3242 primum
672 3153 819 3218 omnium
849 3152 890 3218 ad
920 3160 1045 3219 ueteres
1080 3173 1170 3221 meas
1206 3154 1338 3224 delicias

142 3262 263 3333 reverti
293 3262 383 3328 iuvat
415 3267 448 3327 et
478 3279 570 3346 opem
603 3255 688 3324 lerre
719 3256 909 3342 fragmentis
939 3255 1133 3344 quibusdam
1164 3261 1336 3331 Poetarum

142 3369 360 3444 comicorum,
385 3363 504 3451 quihus
527 3381 629 3448 quum
654 3361 735 3428 nihil
756 3359 919 3441 festivius,
944 3362 1024 3430 nihil
1046 3367 1232 3445 venustius,
1256 3367 1337 3437 nihil

143 3473 279 3545 facetius
298 3471 435 3559 reperiri
458 3468 559 3556 possit
582 3466 809 3535 molestissima
832 3475 910 3535 sunt
929 3467 1077 3536 codicum
1098 3478 1132 3537 et
1153 3470 1335 3541 scribarum

142 3579 239 3654 vitia,
265 3576 382 3663 quibus
406 3573 479 3641 illae
502 3594 637 3641 veneres
660 3582 692 3642 et
716 3573 840 3661 lepores
867 3573 1083 3642 obscurantur
1106 3583 1163 3643 aut
1188 3586 1334 3664 pereunt.

140 3682 296 3770 imperita
330 3680 536 3747 librariorum
568 3681 654 3746 natio
687 3688 723 3746 ut
752 3681 785 3745 in
819 3680 956 3747 caeteris
989 3679 1141 3748 omnihus
1171 3685 1334 3758 caecutire

140 3789 221 3859 solet
240 3789 288 3854 sic
311 3794 343 3853 et
362 3787 458 3853 metri
478 3793 508 3853 ct
530 3785 696 3873 prosodiae
717 3785 805 3873 leges
824 3793 892 3852 tam
912 3792 1019 3853 certas
1035 3793 1068 3853 et
1087 3785 1218 3855 stabiles
1234 3809 1333 3875 quam

138 3895 250 3965 inciles
273 3901 306 3961 et
331 3900 458 3979 apertas
480 3893 618 3978 turpiter
638 3895 791 3978 ignorans
811 3911 873 3959 non
899 3894 1009 3958 minus
1033 3893 1067 3958 in
1091 3893 1265 3961 Poetarum
1289 3894 1335 3960 lo·

140 4004 188 4072 cis
210 4020 307 4089 quam
330 4000 363 4064 in
387 3996 519 4083 reliquis
543 3997 755 4084 scriptoribus
786 4006 843 4064 aut
873 3988 1073 4084 negligenter
1103 4000 1227 4066 omittit
1256 4019 1333 4067 non·

139 4107 244 4186 nulls,
275 4112 332 4174 aut
361 4103 470 4191 inepte
498 4101 651 4170 adscribit
676 4102 797 4181 aliena,
821 4111 877 4171 aut
899 4103 1044 4170 ordinem
1068 4103 1240 4170 verborum
1264 4113 1333 4171 tur·

139 4213 194 4282 bat
214 4219 272 4283 aut
289 4210 408 4278 formas
431 4207 656 4277 uocabulorum
677 4210 874 4298 corrumpit,
898 4228 1095 4296 quamquam
1114 4208 1196 4281 nibil
1213 4208 1330 4278 horum

139 4326 205 4396 est,
229 4316 313 4405 quod
343 4336 405 4383 non
436 4316 589 4384 continuo
613 4335 650 4381 ex
678 4308 774 4382 metri
805 4317 929 4383 natione
958 4324 990 4382 et
1010 4335 1082 4390 ,usu
1115 4314 1265 4383 omnibus
1289 4317 1332 4383 sit

1136 4429 1146 4466 l
