2940 5010
710 308 771 370 661

145 476 220 569 (μδ)
244 476 409 563 Φαύνεσθαι
433 477 628 560 βουλομένη,
659 478 744 565 quod
763 477 1036 559 'commendatum
1069 497 1109 546 ne
1130 477 1234 547 diuam
1258 479 1326 567 ipsa

142 586 192 653 roi
217 592 354 663 uatum,
378 591 410 650 et
433 583 474 648 iia
494 602 575 670 quae
597 583 792 670 praecedunt
815 596 853 669 τῇ
878 583 1075 668 κοσμιωτοθτη
1095 585 1195 666 διαίτη
1222 593 1253 651 et
1278 603 1325 651 sa·

141 690 256 775 quenti
282 689 451 776 participio
473 689 709 772 διαφεύγουσα,
736 710 828 767 nam,
853 691 879 756 si
905 689 1058 758 noluisset
1086 689 1163 757 haee
1186 691 1270 756 iuter
1291 709 1325 757 se

142 812 304 883 opponere
328 793 474 860 Socrates
493 795 658 877 φαίνεσθαι
670 795 842 873 βουλομένη
868 804 899 862 et
919 796 1153 878 διαφεύγουσα,
1174 815 1235 860 non
1249 814 1324 860 oon·

141 896 304 966 iunxisset
337 898 415 966 haec
446 899 559 986 ooputa
594 901 669 979 καῖ,
704 899 759 967 sed
795 896 865 967 εἶτα
894 902 1111 983 διαφεύγουσα
1134 908 1190 966 aut
1212 899 1323 966 huius·

140 1002 229 1071 modi
246 1003 342 1091 quid,
368 1003 451 1071 uude
474 1025 511 1071 ea
534 1025 586 1072 res
609 1013 794 1091 appareret,
819 1006 963 1072 dixisset.
992 1005 1158 1072 Excidisse
1173 1006 1218 1086 μη
1243 1003 1323 1070 nihii

142 1106 241 1176 hahet
262 1108 348 1195 quod
372 1111 510 1177 mireris.
559 1110 658 1198 Saepe
684 1112 861 1178 necessaria
886 1113 1013 1197 negatio
1035 1113 1067 1176 in
1092 1110 1182 1177 iihris
1206 1113 1325 1176 omissa

142 1220 214 1293 eat,
237 1216 332 1280 euius
353 1216 399 1282 rei
419 1225 450 1282 et
472 1216 532 1302 ipsi
553 1215 688 1282 subinde
710 1216 853 1304 exempla
875 1217 1063 1296 attulimus,
1086 1216 1203 1303 quihus
1224 1236 1325 1281 unum

144 1326 179 1387 et
201 1318 339 1387 alterum
364 1339 402 1386 ex
427 1320 639 1388 Demosthene
661 1320 778 1389 addere
810 1323 915 1399 iuvat,
939 1323 994 1408 qui
1022 1323 1053 1386 in
1079 1319 1165 1387 Orat.
1189 1321 1243 1388 lx.
1270 1327 1324 1389 11.

143 1422 328 1513 Philippum
356 1422 517 1513 Olynthiis
540 1425 660 1493 dixisse
686 1425 785 1493 refert
814 1424 860 1494 θπι
887 1427 935 1494 δεῖ
963 1429 1042 1495 δυοῖν
1068 1425 1228 1510 θούπερονφῖ
1250 1427 1325 1493 ἐκεῖ·

139 1550 208 1605 mc
228 1530 261 1596 ὐκ
282 1530 419 1613 Ὀλύνθῳ
445 1533 490 1610 eh
518 1532 608 1597 οὐκεῖυ
632 1532 650 1607 ἢ
672 1532 766 1598 αὐτὸν
796 1533 827 1597 ἕν
849 1534 1051 1617 Μακεδονύρι,
1078 1530 1162 1618 qood
1188 1530 1324 1615 intelligi

141 1652 207 1701 uua
236 1635 353 1721 poterit
380 1634 481 1703 donee
512 1637 694 1703 restitueris
718 1638 735 1714 i
758 1639 852 1703 αὐτὸν
871 1637 955 1729 (μὴ)
989 1640 1020 1704 ἐν
1051 1636 1239 1720 Μακεδονία.
1287 1635 1324 1701 ln

143 1738 290 1817 maedam
313 1740 457 1807 oratione
481 1743 547 1824 περὶ
579 1751 635 1819 τῆς
657 1745 914 1823 παραπρεσβείας
950 1747 968 1829 §
992 1745 1068 1809 ata.
1100 1742 1183 1809 maie
1207 1742 1326 1809 Graece
1379 1819 1381 1823 Ι

144 1844 268 1933 legitor
288 1849 320 1914 οὐ
344 1847 393 1927 ea
418 1849 469 1913 Δί’
479 1896 489 1922 ,
523 1848 576 1913 οὐκ
601 1848 775 1930 οὐπηγύρενε
797 1856 926 1924 καλεῖν,
951 1848 1110 1916 Graecum
1130 1854 1178 1913 est
1201 1846 1328 1924 οὐπηγθ·

144 1974 212 2035 paor
238 1950 307 2042 (μη)
331 1960 452 2019 καλεῖν.

189 2055 307 2123 Contra
329 2057 522 2124 seutentiam
546 2057 651 2125 adhue
672 2058 780 2125 editur
799 2059 854 2125 iii.
878 2080 941 2125 xrr.
968 2063 1000 2124 7.
1032 2057 1124 2137 ἔλεγε
1147 2058 1179 2124 δὲ
1207 2059 1259 2124 καὶ
1285 2061 1323 2132 οῖς

143 2162 182 2230 ‘id
198 2163 439 2244 εὐωχεῖσθαι
463 2164 494 2228 ἐν
515 2173 554 2246 τῇ
575 2164 741 2238 Ἀθηναίων
764 2165 893 2248 γλιύττη
912 2165 1053 2230 ἐσθίειν
1075 2172 1212 2230 καλοῖτο.
1250 2164 1326 2230 oin-

144 2264 290 2346 dorfius,
325 2268 381 2354 qui
415 2267 491 2333 olim
530 2268 625 2333 istam
658 2266 828 2335 lectionem
860 2278 996 2335 conatus
1026 2275 1096 2334 erat
1137 2266 1327 2347 defendere,

144 2372 276 2461 eguerit
294 2392 436 2439 errorem
457 2373 603 2439 suumin
625 2372 821 2460 praefatione
842 2374 880 2440 ad
899 2374 1145 2441 Demosthenem
1169 2393 1238 2460 pag.
1252 2394 1325 2440 uxrr.

142 2476 232 2547 Edit.
258 2475 400 2555 Teuhn.‚
424 2485 456 2543 et
481 2478 686 2544 Demostheni
714 2500 744 2567 p.
769 2483 856 2557 650,
882 2483 934 2545 28.
968 2478 1105 2545 reddens
1128 2497 1244 2544 suum:
1281 2481 1325 2545 ποῖ

143 2584 209 2667 γύρ
228 2585 381 2668 χρήματα
405 2581 555 2650 ὐτοινα
580 2584 731 2668 ὠνόμαζον
755 2588 781 2652 οῖ
804 2584 936 2651 ταλαιού
947 2635 956 2662 ,
979 2584 1010 2649 ἰιι
1037 2581 1244 2670 Xenophonte
1257 2604 1327 2670 pro·

144 2689 236 2759 invit
258 2688 513 2757 emendationem
545 2690 667 2756 Reiskii
693 2695 733 2765 οῖς
759 2693 795 2758 τὸ
819 2692 925 2756 ἔσθύειν
948 2691 1196 2770 -εὐωχεῖσθαι
1221 2698 1326 2756 καλοῖ-

144 2820 192 2864 το.
241 2794 359 2863 Lenius
384 2801 528 2860 osteum
552 2794 625 2861 aliis
648 2797 685 2861 πθ
709 2795 811 2862 solum
834 2805 1055 2883 transponere:
1080 2798 1324 2877 &retexeretur

142 2936 192 2953 -··
210 2899 247 2968 πθ
271 2899 537 2968 tritenhemius.
585 2900 753 2967 Caeterum
779 2902 839 2967 ista
864 2899 1005 2966 Socratis
1027 2899 1135 2984 opinio
1157 2918 1217 2964 non
1242 2899 1326 2965 seria

144 3012 217 3085 eat,
240 3003 296 3072 sed
319 3005 424 3071 iocosa
447 3015 479 3071 et
501 3003 662 3072 iocularis.
710 3005 770 3072 Est
793 3002 914 3092 aliquid
940 3006 1025 3071 inter
1045 3004 1080 3069 τὸ
1104 3003 1210 3070 ἐσθιειν
1233 3012 1266 3070 et
1287 3006 1323 3072 τδ

142 3113 347 3194 εὐωχεῖσθαι,
371 3109 455 3196 quod
479 3110 582 3176 nescit
605 3130 708 3175 nenio.

189 3216 291 3287 Nemo
314 3214 407 3282 facite
430 3214 514 3281 dicet
544 3214 620 3302 quid
652 3216 713 3280 sihi
745 3213 821 3282 vetit
851 3213 1074 3302 imperfectum
1107 3213 1263 3293 διηγοῦντο
1290 3216 1323 3282 in

141 3320 276 3391 diamor.
295 3320 335 3388 ll.
359 3342 405 3387 ιιι.
430 3325 463 3388 2.
496 3319 587 3387 ἄλλοι
620 3322 676 3400 μὲν
699 3319 748 3389 οὐκ
779 3322 863 3403 αὐτῷ
894 3322 967 3403 πρὸς
992 3319 1108 3394 ἄλλους
1135 3317 1228 3395 οὐτως
1257 3324 1324 3401 θμι-

142 3432 248 3496 amne
281 3426 524 3507 reponendarum
558 3427 789 3504 διηγοῦντο·
820 3427 880 3505 ἐγὼ
909 3427 941 3494 δὲ
964 3425 1015 3493 θτε
1048 3426 1120 3508 πρὸς
1146 3426 1322 3506 Εὐθύδημον

142 3532 248 3601 τοιάδε
281 3533 438 3611 διελέγετο
474 3532 699 3614 παρεγενόμην.
748 3531 840 3613 Quod
870 3530 1073 3598 Heindoriius
1098 3531 1234 3597 coniecit
1261 3533 1321 3608 διη·

143 3644 250 3719 γοῖνπο
282 3657 410 3704 aumnro
434 3638 501 3703 viro
532 3636 727 3724 imprudenti
761 3637 917 3704 excidisse
950 3635 1088 3703 videtur.
1143 3635 1324 3704 Emendar-

143 3740 224 3811 dom
248 3751 296 3810 esi
319 3743 517 3823 διηγοῦνται,
543 3764 656 3830 nempe
681 3744 713 3809 in
740 3743 780 3809 iis
801 3763 883 3830 quae
906 3742 945 3808 de
972 3741 1102 3809 Socrate
1125 3743 1323 3828 seripserunt.

144 3847 320 3936 Xenophon
342 3847 396 3914 diu
417 3858 489 3936 post
514 3849 655 3915 Socratis
678 3856 816 3916 mortem
834 3851 877 3915 ποῖ
897 3846 1223 3926 Ἀπομνημονεύματα
1245 3848 1324 3913 seri·

142 3950 220 4021 here
246 3955 372 4041 eoepit,
408 3975 509 4041 quum
533 3955 626 4021 multi
651 3955 713 4020 iam
739 3957 888 4021 certatim
912 3953 1014 4020 muita
1043 3951 1082 4018 de
1105 3952 1236 4017 Socrate
1260 3973 1323 4020 ure·

142 4060 266 4127 toriae
289 4059 513 4147 prodidissent.
563 4061 647 4127 Satis
672 4070 721 4127 est
742 4062 927 4148 apposuisse
950 4059 1044 4127 verba
1064 4077 1081 4125 e
1105 4055 1323 4143 Xenophontis

145 4163 299 4254 Apologia
323 4165 464 4232 Socratis
493 4170 511 4252 ξ
534 4173 562 4232 1.
594 4167 826 4249 γεγροθφασι
849 4168 906 4247 μὲν
928 4164 994 4247 περὶ
1015 4163 1193 4231 τούτουκαὶ
1215 4161 1325 4244 ἄλλοι,

145 4270 201 4338 καὶ
231 4270 347 4346 πάντες
380 4272 491 4355 ἔτυχον
514 4281 570 4349 τῆς
603 4274 841 4354 μεγαληγορίας
868 4275 986 4347 αὐτοῦ,
1020 4278 1052 4337 et
1084 4290 1121 4335 ex
1150 4266 1279 4335 atenim.
1301 4271 1326 4338 l.

146 4396 188 4445 ιι.
217 4382 246 4445 1.
280 4379 305 4445 ei
328 4378 360 4445 δέ
387 4403 467 4457 τινες
494 4379 659 4464 Σωκράτην
683 4379 868 4463 νομίζουσιν,
903 4380 942 4453 ὡς
975 4376 1043 4444 ἔνιοι
1071 4373 1270 4458 γρούφοιισύ
1292 4403 1326 4443 τε
