2940 5010
88 84 104 134 ¹
189 94 455 165 bdtetimonium.
502 96 652 167 liditores
674 117 738 165 non
760 98 921 180 audiunt,
944 102 1001 191 qui
1031 112 1203 173 annotant:
1229 108 1328 177 »Pbo-

186 200 232 271 tt·
254 200 371 271 albet
400 200 538 273 termam
568 204 710 271 Atticam
739 206 805 287 liin.
839 205 894 272 sed
928 206 1052 276 Codices
1079 231 1184 278 omnes
1212 215 1326 297 iisse?

183 304 253 391 uam
269 326 340 375 nero
368 306 493 397 aliquid
523 310 555 375 in
578 307 697 375 talibus
728 317 813 376 esset
836 311 869 377 in
892 310 990 379 (lodd.
1014 314 1183 400 praesidii,
1208 320 1327 404 quine

181 402 274 481 r‘linct
294 414 355 501 ipsi
382 412 516 501 quidem
539 420 688 481 constant
718 412 774 481 sed
807 433 899 502 saepe
922 419 1023 503 pasis,
1046 421 1247 507 saepiuscule
1271 425 1326 508 pibo

157 502 271 595 [mant
300 529 333 589 et
365 521 491 587 exarati
529 528 606 587 sunt
640 518 753 587 multis
793 520 952 599 saeculis,
985 530 1155 610 postquam
1199 536 1327 597 vetusta

178 622 269 693 &lolia
289 624 324 693 in
348 624 514 693 Platonem
544 626 666 712 scripta
688 631 786 702 sunt,
810 645 892 711 quae
912 625 997 713 apud
1020 627 1171 696 Photium
1194 652 1325 700 servan-

177 736 219 797 ΙΙ.
253 730 421 799 Praeterea
443 749 522 797 casu
541 728 664 797 laetum
695 738 763 808 est,
787 738 823 798 ut
847 731 950 819 ipsius
974 732 1118 801 Panaetii
1142 738 1325 805 testimonio

176 842 264 905 ome
283 835 364 903 olim
388 837 421 903 in
445 834 588 902 Platonis
607 834 778 903 codicibus
798 835 856 902 hus
878 834 997 904 lormas
1021 838 1066 904 ita
1088 840 1227 927 scriptas
1247 841 1324 910 iuis·

175 956 204 1007 n
241 938 422 1009 llernelides
451 938 538 1026 apud
565 939 714 1007 linetatb.
747 941 787 1008 ad
820 939 932 1030 odyss.
962 952 999 1008 Φ.
1033 962 1066 1030 p.
1089 949 1177 1023 815,
1202 952 1257 1015 54.
1281 975 1326 1014 =

152 1044 252 1125 -lttt,
271 1048 326 1113 25.
361 1044 482 1136 (indice
506 1043 737 1112 Valckenaerio
768 1045 808 1112 ad
836 1045 931 1115 Hom.
955 1045 1047 1113 iliad.
1081 1047 1200 1117 librum
1224 1053 1323 1119 Xllll.

154 1150 264 1241 pit)
298 1152 346 1219 ita
375 1150 508 1219 scribit:
540 1149 677 1217 Ἀττικοὶ
710 1153 781 1226 τοὺς
809 1152 961 1226 τοιούτους
990 1153 1262 1234 θπερτνντελνκοὺς
1292 1161 1324 1224 ἐν

174 1254 236 1337 tir
256 1256 338 1341 μθνφ
367 1261 551 1341 aspersione
583 1257 648 1339 liin
677 1256 824 1335 λέγοντες
856 1257 909 1322 καὶ
939 1258 1128 1336 iocosius
1160 1262 1214 1327 καὶ
1243 1265 1323 1329 ἒπε-

97 1440 103 1447 Ι
176 1362 295 1441 retias,
316 1362 371 1429 acal
394 1358 472 1429 οὕτω
494 1361 574 1444 φησὶ
597 1363 765 1436 Παναίτιος
784 1360 870 1442 ἔχειν
893 1362 952 1434 τὰς
970 1365 1102 1447 γραφὰς
1123 1367 1211 1448 παρὰ
1233 1368 1324 1435 Πλαθ-

88 1464 90 1471 ’
174 1476 229 1533 im.
266 1464 390 1555 Spretis
421 1465 524 1552 igitur
557 1464 655 1533 coco.
689 1464 808 1552 ubique
841 1464 914 1532 illae
948 1464 1070 1534 lormae
1104 1471 1323 1541 restituendae

104 1608 109 1619 ·
174 1572 298 1647 uuna
324 1573 382 1649 etv
404 1571 550 1638 παλαιὰν
570 1570 700 1637 Ἀτθθδα
723 1570 876 1652 ζηλοῦσα.
924 1571 1055 1638 Primus
1084 1576 1227 1641 omnium
1262 1575 1321 1644 hoc

173 1666 220 1741 ht
235 1674 326 1743 inerit
355 1676 394 1744 ll.
417 1676 586 1743 llawosius
614 1676 648 1741 iu
678 1674 808 1742 bliseell.
833 1675 911 1741 Cnit.
935 1696 966 1762 p.
986 1679 1072 1753 232,
1096 1680 1190 1744 cuius
1213 1690 1321 1749 aueto-

172 1772 268 1849 titrtenn
288 1784 407 1849 merito
429 1800 541 1847 omnes
569 1787 761 1867 sequuntur.
808 1779 993 1847 iunioribus
1017 1783 1173 1849 suaserim
1203 1793 1237 1852 ut
1261 1787 1320 1854 lla·

90 1946 97 1957 .
169 1884 289 1953 'trimis
316 1884 438 1952 addant
469 1886 613 1953 Piersuni
641 1886 880 1952 annotationem
912 1885 953 1951 ad
983 1884 1153 1953 lloenidem
1188 1909 1218 1976 p.
1246 1897 1320 1959 173.

163 1986 415 2058 ttlnlelcnaenii
438 1989 479 2057 ad
502 1988 711 2078 Hippolytum
742 2010 787 2056 vs.
812 1994 892 2059 405.
922 1997 956 2056 et
976 2010 1058 2079 quae
1080 1991 1224 2080 undique
1254 1996 1319 2063 col·

125 2078 136 2181 J
158 2080 222 2179 ht
242 2094 379 2163 lliddins
401 2093 442 2162 ad
470 2094 608 2161 llawesii
638 2094 754 2162 locum.
802 2093 1005 2182 Quamquam
1036 2104 1143 2163 nutem
1167 2099 1206 2166 de
1225 2121 1262 2168 ea
1286 2122 1321 2169 re

151 2184 259 2287 liquto
276 2208 405 2269 constat
429 2207 536 2267 tamen
562 2199 655 2266 video
680 2198 829 2267 Editones
852 2208 884 2266 et
907 2199 1043 2266 Griticos
1071 2219 1174 2288 neque
1199 2224 1236 2271 ea
1260 2208 1321 2273 sci·

149 2304 228 2373 anua
257 2306 325 2386 uti,
356 2306 483 2393 quoties
505 2325 586 2393 opus
612 2312 683 2381 est,
716 2313 749 2372 et
780 2305 814 2370 in
844 2303 923 2371 alios
950 2306 1105 2391 quosdam
1134 2326 1259 2376 errores
1286 2333 1320 2379 se

144 2394 325 2499 ¹hylicam,
357 2430 495 2498 quorum
525 2412 553 2477 is
576 2410 788 2498 gravissimus
816 2417 886 2489 est,
922 2418 959 2476 ut
989 2414 1072 2477 senio
1101 2412 1234 2480 credant
1263 2437 1321 2503 pro

142 2506 203 2591 Rq
219 2514 280 2583 dici
302 2535 395 2605 posse
410 2524 443 2584 et
462 2517 533 2600 ᾔδνν
557 2524 589 2581 et
609 2534 666 2603 pro
690 2516 752 2599 piiss
778 2515 870 2605 (ᾔδειν
892 2523 968 2582 ante
989 2516 1142 2607 vocalem)
1168 2520 1222 2602 piis
1245 2541 1321 2608 quo-

138 2624 209 2701 quc
229 2628 316 2689 recte
349 2620 425 2689 dici.
479 2622 693 2688 vitiosissima
725 2620 803 2687 baec
835 2628 912 2687 suut
940 2628 972 2687 et
1007 2642 1140 2707 prorsus
1174 2623 1319 2693 barbana.

141 2708 242 2793 triac
261 2728 280 2805 a
302 2726 433 2794 fassae
451 2726 557 2802 ’Aaou
590 2725 649 2792 nas
682 2723 801 2792 formas
830 2724 913 2790 satas
939 2726 1015 2809 aaa,
1045 2723 1175 2810 canysi,
1204 2728 1318 2813 accan,

88 2868 91 2889 ι
141 2832 277 2915 usne,
299 2840 335 2899 et
355 2833 508 2915 θαεχνὶνν,
532 2832 709 2907 οὶπονλθλν,
735 2830 866 2907 beneda,
887 2829 1056 2911 sapasim,
1080 2830 1249 2911 ἔπεπθνθν,
1275 2836 1320 2916 ἕρ-

136 2932 242 3013 m,
263 2938 417 3017 ἐλαλήθη,
440 2939 587 3020 basaion
611 2944 642 3003 ct
668 2937 715 3002 sic
738 2933 896 3022 quidquid
927 2932 1012 3021 apud
1039 2935 1133 3022 paulo
1156 2939 1320 3025 sequiones

141 3036 255 3135 ¹nqiin
272 3066 331 3109 ·ενν
353 3040 439 3131 apud
463 3050 587 3109 veteres
618 3042 651 3107 in
675 3066 706 3115 -ν
735 3038 859 3118 exibat,
883 3041 1045 3106 constanti
1068 3042 1214 3110 omnium
1237 3064 1318 3124 usu,

88 3230 91 3235 Ι
145 3138 267 3215 'telem
290 3146 411 3214 formas
431 3146 543 3214 eadem
565 3145 746 3213 constantia
769 3142 894 3211 scribae
916 3156 948 3210 et
973 3144 1064 3211 scioli
1090 3146 1130 3212 ad
1156 3167 1247 3216 suain
1272 3150 1320 3216 lo·

88 3268 93 3317 ἰ
147 3243 255 3329 iiiam
285 3252 554 3321 consuetudinem
586 3251 770 3337 relinqunt,
804 3249 1012 3336 quamobrem
1041 3250 1121 3317 nibil
1150 3251 1320 3324 (lodicibus

154 3352 230 3421 asti
248 3364 351 3447 potest
378 3364 435 3425 aut
458 3355 574 3431 debet,
610 3358 778 3443 quamsit
806 3353 977 3421 manifesta
1003 3354 1119 3441 ubique
1149 3359 1318 3445 interpola·

156 3450 208 3523 lin
241 3460 274 3529 ln
303 3462 436 3530 Platone
468 3462 635 3550 antiquam
665 3459 801 3526 iormam
834 3478 1076 3546 nonnumquam
1107 3465 1319 3531 vetustissimi

160 3548 220 3629 iffi
236 3576 361 3635 amant
384 3568 562 3646 intactam,
595 3576 629 3633 at
653 3565 751 3632 iidem
775 3563 909 3631 eandem
940 3566 1126 3651 saepissime
1149 3586 1224 3633 cum
1249 3590 1318 3638 cae·

167 3664 226 3735 lsr'e
240 3672 387 3740 omnibus
409 3671 593 3740 obscurant.
640 3671 676 3737 ln
696 3670 827 3736 Platone
857 3668 1086 3735 Stallbamnius
1107 3669 1243 3739 subinde
1267 3695 1319 3761 ge·

170 3770 243 3843 ¹tinr
260 3778 408 3865 repullit,
441 3784 478 3843 ut
500 3778 534 3842 in
567 3776 736 3865 Symposio
762 3780 836 3842 198.
860 3774 894 3842 G.
928 3774 1098 3851 ἐπεπόνθη,
1122 3783 1155 3842 et
1179 3778 1212 3842 in
1240 3779 1319 3867 Apo·

88 3958 90 3967 ,
172 3862 230 3959 ny.
246 3886 297 3951 νο.
321 3884 358 3951 o.
390 3884 516 3965 ομνονο
539 3881 603 3961 γορ
631 3878 741 3963 ξονον
764 3888 797 3946 u
824 3900 897 3946 mox
925 3882 979 3965 yse
1004 3886 1037 3945 e
1060 3878 1132 3946 auis
1156 3879 1253 3950 iocis:
1285 3894 1319 3952 aa

90 4014 103 4063 q
173 3970 232 4051 utili
249 3986 280 4055 in
303 3986 472 4079 Symposio
494 4008 524 4075 p.
548 3991 622 4055 125.
648 3984 685 4053 Ε.
717 3984 865 4072 reliquit:
889 3982 1137 4073 statimqne
1160 3989 1318 4074 Σακροθτεν
