2940 5010
723 266 764 329 72

153 446 299 527 τέρματα
328 446 361 505 et
384 434 465 520 οὖρος
490 439 520 504 ei
552 444 646 514 sunt,
678 437 763 525 quod
791 439 887 520 τέρας
913 437 946 503 io
972 434 1161 523 quotidiano
1183 454 1344 507 sermone.

151 549 199 617 Eo
224 548 294 636 ipso
316 543 446 611 nomine
471 544 503 609 io
528 562 564 609 re
590 542 701 611 cadem
732 545 838 611 utitur
866 541 983 613 Zeuxis
1011 540 1183 609 Parrhasio
1215 560 1345 631 respou-

150 655 253 732 dcm,
285 660 320 717 ot
344 649 492 726 videtur,
515 646 600 736 apud
626 648 801 716 Aristidem
826 648 857 713 in
883 653 964 715 orat.
988 648 1130 730 περὶτοῦ
1153 648 1342 735 especte-

152 784 253 839 ματος
277 777 307 843 p.
326 758 409 834 586,
432 759 463 823 8.

240 862 410 946 Ἡράκλεια
430 862 565 941 πατρὶς,
589 859 697 938 Ζεῦξις
717 860 743 927 δ’
766 858 869 938 ὄνομ’,
891 860 918 925 εί
942 859 974 925 δέ
996 884 1044 934 τις
1067 860 1181 943 ἀνδρῶν

332 968 480 1049 ἡμετέρης
504 968 618 1050 τέχνης
643 965 779 1047 τείρατοί
800 970 898 1049 φησιν
920 962 1007 1049 ἔχειν

284 1071 388 1149 δείξας
411 1072 534 1140 νικοίτω.

148 1179 289 1247 locosius
319 1178 416 1244 etiam
460 1177 527 1263 ipsc
559 1174 675 1243 artilex
708 1175 804 1257 τέρας
841 1172 1021 1243 dicebatur.
1072 1172 1339 1265 Philostephamn

148 1284 263 1351 Athen.
286 1282 350 1349 Vll.
379 1285 454 1348 293.
479 1286 515 1348 A.

329 1389 412 1461 είδώς
432 1412 467 1452 σε
492 1388 616 1455 ποίντιον
639 1387 824 1469 διαφέροντα
847 1396 886 1471 τῇ
906 1386 1004 1471 τέχνρ

328 1502 367 1575 τῇ
388 1498 417 1559 τ’
439 1491 564 1569 ὀξύτητι
587 1492 673 1574 μετὰ
698 1492 860 1575 Θίβρωνα,
884 1492 1046 1571 Δαίδαλε,

328 1599 380 1663 τὸν
402 1596 438 1675 ἐξ
461 1599 614 1677 minoda,
637 1598 690 1663 τὸν
712 1597 901 1676 καλούμενον
923 1597 1035 1679 Πέρας.

149 1706 318 1771 Praetereo
340 1705 435 1786 πέρας
457 1702 566 1769 eodem
600 1722 697 1769 sensu
722 1702 754 1767 io
778 1701 850 1768 aliis
874 1700 969 1767 rebus
993 1699 1113 1767 solebat
1137 1698 1214 1769 dici.
1259 1700 1337 1771 hetti

149 1809 289 1879 remedio
318 1807 480 1875 sanandus
504 1817 554 1874 est
581 1808 669 1875 locus
693 1808 865 1874 llamoxeoi
895 1805 981 1895 apud
1009 1805 1125 1881 Athen.
1145 1807 1171 1873 1.
1199 1811 1251 1874 to.
1280 1807 1336 1896 qui

146 1916 185 1984 de
209 1914 418 1982 adolescentis
442 1913 570 2000 egregia
595 1912 695 1980 lorma
719 1912 854 1980 scribit:

329 2020 425 2103 πέρας
449 2018 494 2085 έτι
515 2019 674 2097 κοίλλοιις,
697 2017 821 2102 ἄνδρες,
843 2017 908 2085 οὔτ’
932 2018 1053 2097 οίιιιίιιοοι

329 2124 495 2209 ἔμπροσθεν
513 2124 575 2191 οὔθ’
601 2124 713 2208 έίραιιιι
734 2124 879 2199 τοιαύτην
900 2122 1007 2207 χάριν.

147 2231 306 2296 Porsonus
329 2232 425 2311 πέρας
456 2255 487 2296 τι
511 2228 647 2305 κάλλους
676 2229 835 2307 coniecit,
867 2227 952 2315 quod
983 2246 1094 2295 omnes
1117 2225 1277 2315 probant,
1298 2235 1331 2297 tu

146 2337 271 2420 corrigo
294 2338 389 2415 τέρας
416 2335 462 2405 tsi
486 2335 624 2408 κιίλλιυς
647 2341 680 2401 ct
703 2334 749 2400 sic
773 2333 859 2420 loqui
888 2331 990 2399 solent
1013 2333 1069 2420 qui
1089 2332 1169 2419 quid
1197 2332 1331 2403 calidius

145 2438 358 2507 admirantur.
405 2440 511 2506 Etiam
541 2439 572 2503 in
600 2436 790 2505 deteriorem
819 2446 943 2525 partem
967 2437 1063 2520 τέρας
1092 2437 1178 2505 trahi
1210 2446 1332 2528 potest,

146 2553 182 2611 ut
204 2544 288 2632 epod
313 2542 557 2631 Aristophanem
582 2550 632 2610 est
656 2543 736 2609 Rau.
756 2547 832 2610 tar.

326 2651 417 2719 κοίςίν
440 2649 484 2716 τοὶ
504 2655 611 2730 πρῶτα
632 2657 689 2725 τῆς
712 2649 780 2713 ἐκεῖ
799 2648 987 2733 μοχθηρίας,

143 2763 176 2822 et
203 2754 251 2821 sic
276 2754 408 2841 Apicius
432 2773 578 2821 summae
608 2752 757 2821 luxuriae
787 2752 968 2841 exemplum
993 2753 1131 2829 αίτιιτίας
1161 2752 1260 2837 τέρας
1286 2752 1331 2825 di·

142 2860 230 2926 citur
251 2858 337 2947 apud
361 2858 528 2926 Aelianum
554 2859 599 2949 (in
625 2856 714 2925 Suid.
740 2878 769 2925 ι.
795 2859 921 2941 Μοίριος
945 2858 1100 2948 Ἀπίκιος)
1130 2860 1272 2937 ’λτίαιος
1293 2864 1330 2937 τίς

143 2963 178 3043 ἦν
205 2965 343 3041 ἀσωτίας
366 2964 460 3047 πέρας
481 2964 576 3039 οὐδείς
595 2964 772 3048 οίντιφιὶτει.
821 2963 873 3031 sic
896 2965 997 3050 igitur
1017 2964 1244 3051 loquacissima
1269 2986 1330 3035 unt

143 3071 288 3139 omnium
311 3069 492 3149 vetulorum
517 3070 612 3152 τέρας
634 3066 730 3135 ποιεῖν
752 3073 905 3144 taurica
929 3070 1103 3137 Menandro
1126 3070 1330 3151 festivissime

142 3176 227 3245 dicta
247 3184 307 3243 est.

186 3280 266 3347 llale
289 3279 446 3349 coaluisse
467 3282 614 3370 suspicor
643 3279 708 3346 duo
738 3278 903 3347 lionandri
928 3280 1218 3370 fragmentaapud
1240 3280 1328 3363 Stoh.¹

141 3385 250 3455 Floril.
271 3384 376 3453 xcvi.
403 3390 455 3450 11.
1114 3382 1117 3387 ’

411 3490 484 3571 πρὸς
505 3486 637 3556 ἅπαντα
660 3490 757 3555 δειλὸν
781 3492 795 3555 ὁ
819 3492 912 3565 πένιρς
933 3492 979 3561 tet
1003 3492 1067 3573 ροίρ

274 3595 326 3660 καί
353 3595 478 3677 πάντας
496 3597 592 3661 αὑτοῦ
615 3602 822 3679 καταφρονεῖν
845 3596 1077 3675 ὑπολαμβάνει.

273 3702 287 3765 ὁ
311 3700 527 3783 reposuisse
551 3700 695 3781 προίτπιιν
718 3698 966 3783 περισκελέτερον

271 3802 403 3872 drauva
426 3805 582 3887 τοὶνιαρίι,
604 3806 782 3887 Λαμπρία,
804 3806 903 3889 Φέρει.

138 3929 211 3977 nam
235 3930 318 3997 qrrae
340 3928 437 3976 causa
460 3908 595 3977 allertur
617 3910 762 3991 scilicet,
787 3910 996 3999 quamohrem
1019 3930 1175 3999 pauperes
1190 3915 1234 3981 od
1255 3937 1325 3983 αοιιΙ

138 4016 298 4081 ιιιιιιτίίοιιι
316 4016 421 4082 omnio
440 4016 594 4101 occipiunt
616 4017 718 4103 mcpis
741 4027 770 4083 et
792 4005 921 4104 propter
944 4037 1034 4083 suom
1055 4018 1268 4104 impotentium
1291 4041 1325 4088 so

137 4143 258 4207 semper
276 4122 402 4188 creduut
423 4120 525 4187 ludier
544 4120 584 4188 ab
604 4141 640 4187 ea
660 4141 696 4189 re
716 4120 819 4188 aliena
831 4128 895 4201 esi,
916 4131 948 4189 et
968 4122 1065 4189 verba
1084 4123 1175 4206 έρὰρ
1191 4126 1324 4208 μετρίως

136 4228 280 4307 προίττων
308 4227 555 4310 περιτκελέςερον
585 4227 718 4311 τοίνιαρίι
740 4229 827 4312 Φέρει
855 4247 917 4295 non
944 4229 1140 4297 conveniunt
1165 4227 1235 4297 luco
1264 4230 1323 4299 Te·

137 4333 283 4398 reptiano
304 4334 336 4398 in
358 4331 490 4421 Adelph.
510 4332 563 4401 lV.
588 4338 620 4401 5.
647 4339 699 4402 14.
728 4335 784 4421 qui
813 4333 902 4403 illinc
934 4341 1062 4402 sanstus
1085 4353 1154 4403 esso
1176 4343 1322 4424 putatur.
