2940 5010
713 282 779 349 690

158 463 227 534 τοὺς
262 460 342 531 θεούς
378 475 435 543 pro
467 456 649 522 δουλεύοντα
684 494 719 507 -
741 461 898 526 ἱκετεύειν.
946 460 982 527 in
1016 463 1078 541 iis,
1114 483 1200 551 quae
1236 466 1340 533 stetim

158 563 356 651 praecedunt
385 561 424 627 ἀν
457 560 731 648 transponendum
764 570 813 629 est
845 574 878 631 et
901 566 949 632 siu
978 566 1176 655 legendum:
1213 570 1263 647 nic
1283 573 1341 655 γὰρ

159 670 198 737 ἀν
217 669 290 735 ἀνευ
312 668 431 742 ταύτης
455 670 472 744 ἢ
495 664 585 746 μάθοι
606 690 637 732 τι
659 667 796 745 ἀγαθόν,
820 669 915 756 vulgo
936 670 975 737 ἀν
998 673 1086 741 inter
1108 700 1142 743 τι
1161 714 1211 733 -·-
1228 676 1342 756 ἀνιάἀι

159 775 301 842 medinm
336 774 500 840 inseritur.
548 772 720 857 Postquam
751 772 814 853 γὰρ
835 772 897 854 ἀν,
923 785 959 843 111
979 781 1122 863 passim,
1156 782 1192 849 in
1216 782 1343 866 γάροεῑ

160 880 389 969 deprevatum,
415 878 595 944 necessaria
619 876 731 942 noenia
754 876 822 943 loco
846 879 949 948 uiieno
973 883 1164 973 interposite
1188 896 1252 955 est.

205 984 346 1052 Verbum
377 982 512 1071 simplex
541 981 722 1048 scribarum
752 1000 861 1049 errore
889 986 1105 1057 substitutum
1135 1002 1189 1059 est
1223 1012 1340 1081 compo»

159 1093 222 1159 sito
246 1093 270 1157 l.
295 1113 337 1156 vr.
363 1095 393 1155 e.
426 1090 481 1173 ζῇς
505 1094 579 1167 γοῦν
602 1086 696 1162 οὕτως
718 1091 758 1162 ἀς
780 1091 844 1155 οὐδ’
867 1090 906 1157 ἀν
929 1089 973 1167 εἷς
996 1096 1102 1171 δοῦλος
1126 1099 1190 1164 ἀοι-δ
1214 1098 1341 1179 δεοτάτρ

159 1200 353 1277 διαιτώμενος
376 1198 582 1275 μείνειεν,
605 1193 736 1278 requiro
758 1198 987 1276 παραμείνειεν.
1023 1198 1246 1287 opponuntur
1261 1204 1337 1271 enin

158 1304 245 1369 inter
267 1322 316 1381 se,
341 1297 610 1387 quemadmodum
641 1299 750 1382 φεύγοι
775 1307 807 1365 et
829 1302 928 1379 μένω,
960 1305 1009 1371 sic
1036 1304 1258 1389 ἀποδιδράτιιυ
1280 1328 1339 1375 utre

157 1411 332 1492 δραπετεύω
358 1415 389 1473 et
410 1405 596 1487 παραμένω,
617 1413 655 1470 ui
675 1403 760 1491 opud
780 1405 945 1474 Platonem
965 1410 999 1475 in
1021 1410 1157 1479 Menono
1182 1432 1216 1500 p.
1229 1418 1284 1481 97.
1304 1412 1336 1481 u.

157 1517 212 1582 ἕάν
235 1518 292 1594 μὲν
315 1517 360 1594 μὴ
389 1512 536 1590 δεδεμένα
565 1509 582 1592 ᾖ
613 1509 883 1591 ἀποδιδράσκει
914 1514 969 1579 καὶ
1000 1514 1258 1599 δραπετεύει,
1287 1520 1333 1587 ἂν
1365 1584 1367 1603 ,

156 1624 188 1689 δὲ
218 1621 364 1699 δεδεμένα
395 1616 642 1699 παραμένει,
669 1622 702 1680 et
724 1616 758 1679 in
783 1614 1001 1703 Xenophontis
1030 1618 1207 1690 Oeconom.
1232 1623 1286 1691 111.
1305 1628 1331 1690 i.
1365 1626 1367 1647 ²

156 1727 239 1792 Hinc
262 1724 428 1806 Παρμένων
453 1722 537 1788 εεινί
568 1739 682 1785 nomeu
709 1728 821 1785 nutum
845 1732 913 1801 est,
937 1723 1012 1790 hine
1035 1728 1122 1792 servi
1147 1727 1261 1795 iideles
1281 1754 1331 1795 τοι·

156 1832 316 1914 ραμάνιμοι
340 1849 410 1895 εεεε
432 1827 604 1903 dicuntur,
628 1835 666 1890 ut
688 1824 729 1890 ll.
753 1845 793 1890 iv.
820 1832 851 1892 o.
884 1838 967 1895 ποῖον
985 1831 1017 1895 δὲ
1038 1831 1231 1912 ἀνδράτοδον
1251 1832 1331 1906 οὗτοι

156 1939 257 2004 εὔνουν
295 1936 347 2002 καὶ
384 1932 682 2014 παραμόνιμον,
724 1929 831 2017 Turpe
867 1943 913 1999 est
947 1936 979 1999 in
1004 1935 1044 2001 ll.
1068 1957 1099 2002 x.
1125 1943 1158 2004 5.
1194 1940 1330 2023 ὑπηρέτει

155 2042 265 2109 ἑκόντα
287 2066 322 2106 τε
356 2039 408 2105 καὶ
433 2039 533 2103 εὔνουν
554 2035 607 2099 καὶ
637 2034 875 2114 παράμονον,
909 2038 1051 2105 nondum
1083 2053 1251 2130 recepiem
1273 2063 1330 2111 em

155 2145 378 2213 Valckenuerii
410 2141 666 2208 emendationem
691 2143 924 2222 παραμόνιμον,
948 2142 1031 2228 qued
1063 2146 1136 2212 sine
1168 2150 1251 2215 vitio
1278 2148 1329 2216 elu-

153 2270 249 2340 psum
276 2250 382 2316 estin
406 2248 462 2314 111.
485 2266 528 2339 τι.
556 2250 608 2310 11.
642 2245 804 2330 εὐεργεσία
829 2247 859 2312 δὲ
883 2248 936 2314 καὶ
965 2251 1051 2333 ἡδονῇ
1074 2252 1111 2317 τὸ
1135 2254 1233 2335 θηρίον
1252 2258 1327 2322 τοῦτο

155 2354 311 2435 ἀλάυιμόν
334 2379 370 2419 τε
393 2353 446 2419 καὶ
467 2349 753 2432 παραμόνιμόν
775 2353 848 2421 ἐςιν.

198 2460 365 2528 Assentior
385 2459 444 2533 iis,
468 2457 524 2542 qui
547 2456 581 2518 iu
606 2454 629 2519 i'.
655 2475 697 2520 vt.
723 2459 753 2520 1.
786 2459 975 2534 ἀνυποδντάς
993 2485 1030 2526 τε
1053 2463 1108 2527 καὶ
1128 2466 1254 2546 ἀχίτων
1273 2466 1328 2533 διε·

154 2575 275 2642 τελεῖς,
299 2570 496 2629 censuerunt
517 2560 638 2640 ἀχίτων
664 2558 726 2648 (m)
752 2561 905 2638 διατελεῖς
928 2585 997 2632 εεεε
1020 2564 1250 2653 supplendum.
1271 2568 1326 2637 Non

154 2670 248 2738 credo
272 2687 329 2755 pro
353 2664 541 2739 ἀνυτιδατός
566 2666 629 2742 εἰμι
654 2665 704 2731 διά
727 2667 834 2740 τέλους
863 2670 980 2735 omisso
1012 2673 1187 2760 participio
1222 2676 1326 2743 omne

155 2776 220 2842 diei
243 2792 334 2860 posse
358 2772 545 2844 ἀνυπόδητος
571 2770 713 2834 διατελῶ.
739 2770 930 2839 Rectissime
951 2773 1025 2839 addi
1048 2777 1087 2841 ἀν
1105 2788 1207 2864 neget
1231 2800 1327 2858 nemo,

150 2889 187 2949 'et
210 2881 283 2966 quis
306 2896 368 2943 non
394 2877 503 2943 statim
529 2874 680 2959 intelligit
711 2876 871 2961 quomode
895 2879 1123 2947 interciderit?
1172 2884 1327 2953 iutereidit

155 2989 274 3054 iterum
310 2983 421 3050 eedem
457 2981 496 3047 de
529 2998 627 3046 cause
651 2979 690 3044 il.
715 2999 747 3045 n.
774 2986 827 3046 14.
859 2982 997 3066 φνλάξει
1031 2987 1075 3064 μὴ
1099 3022 1146 3039 -
1169 2991 1203 3055 ἕρ
1232 2992 1327 3075 emp

154 3094 256 3176 φίλων
287 3093 474 3172 ἀναφανῇς,
508 3084 561 3150 ubi
595 3084 745 3150 similiter
764 3088 866 3166 Φίλαν
891 3087 954 3177 (ἀν)
979 3092 1146 3175 ἀναφανῇς
1178 3096 1328 3185 suppleve-

157 3200 240 3275 rim,
264 3204 297 3261 et
318 3192 403 3280 apud
427 3189 672 3257 Demosthenem
695 3189 733 3257 de
756 3190 792 3256 F.
812 3191 846 3257 L.
873 3195 891 3278 §
914 3198 990 3260 356.
1015 3197 1130 3263 τούτων
1154 3201 1221 3283 γὰρ
1244 3200 1329 3269 ἀπὸν

157 3328 217 3369 τιον
249 3304 321 3378 ἡμῖν
353 3298 449 3370 αἴτιος
481 3297 519 3361 οὺ
554 3293 705 3375 δέδειξαι,
740 3295 794 3362 ubi
825 3298 956 3383 requiro
986 3299 1135 3370 ἀπάντοιν
1170 3306 1237 3396 (ὢν)
1268 3311 1327 3389 ἡμῖν

155 3408 253 3478 αἴτιος
277 3405 342 3469 κτὲ.

205 3507 368 3590 Quamdiu
390 3505 531 3572 feremus
550 3506 575 3572 l.
600 3525 641 3569 vr.
667 3509 697 3570 6.
732 3507 901 3589 βαδίζοντα
924 3506 1013 3575 ὅπου
1037 3509 1076 3576 ἀν
1099 3514 1268 3595 βούλωμαι
1285 3536 1329 3606 pru

160 3613 249 3683 inor?
297 3612 427 3678 Certum
452 3619 501 3676 est
529 3608 602 3676 ἀπιν
634 3610 786 3677 vitiosum
817 3632 908 3689 esse,
939 3621 1052 3680 nutum
1076 3626 1126 3684 εει
1152 3622 1241 3691 unde
1269 3622 1329 3691 im

160 3720 349 3805 irrepserit3
373 3718 449 3803 quin
475 3716 577 3800 igitur
599 3714 754 3782 mendum
779 3715 946 3784 tollimus?

205 3824 287 3891 lbid.
314 3827 331 3908 ς
355 3827 384 3887 7.
406 3824 639 3900 μελετήσαντες
657 3859 700 3874 —
719 3823 874 3905 κρείττους
896 3824 1058 3902 γίγνονται
1073 3831 1154 3909 οτρδς
1176 3829 1200 3899 ἃ
1224 3833 1264 3900 ἂν
1279 3859 1331 3915 με

160 3938 351 4004 λετῶοιν,
382 3945 435 3991 res
466 3927 534 4012 ipse
558 3926 675 3992 olumai
699 3931 771 4008 πρὸς
802 3925 886 3995 ἀάν
914 3934 1202 4008 μελετῆοασιν
1238 3958 1330 4006 emen·

158 4035 229 4101 dari
263 4040 420 4119 oportere.
468 4029 600 4096 Servata
632 4051 652 4096 a
682 4032 816 4101 Stubeeo
847 4053 922 4099 veru
952 4034 1048 4102 leutio
1082 4046 1205 4109 temere
1237 4054 1333 4132 spreto

157 4152 216 4209 est.

203 4244 283 4327 1u⁷§
308 4246 340 4309 9.
373 4242 487 4325 ποτέρῳ
511 4245 530 4318 ἡ
553 4243 666 4308 πλείων
696 4248 798 4327 σχολὴ
821 4245 936 4313 τούτων
959 4247 1188 4328 ἐπιμελεῖσθαι.
1238 4255 1334 4343 Supra

157 4350 220 4417 ium
253 4347 395 4415 diximus
430 4347 533 4415 deleto
565 4347 838 4434 οι1ἰυυΙοπιεέρῳ
871 4352 984 4419 πλείων
1020 4361 1123 4437 σχολή
1153 4358 1333 4449 legendnm.
