2940 5010
665 333 727 395 765

106 522 190 593 nepe
219 503 372 572 dicuntur
401 507 539 572 ἐκλιπεῖν
571 509 627 580 τὴν
656 504 766 583 πόλιν,
798 513 830 571 et
859 505 943 594 apud
974 505 1196 595 Thucydidem
1226 519 1275 575 est

106 610 121 677 'e
149 616 234 679 113:
266 612 322 687 τόιν
346 611 490 677 Βοιωτόοον
521 609 711 688 ἐξέλιπον
741 613 892 688 Ἀθηναῖοι
917 616 1045 690 πῖοοοον,
1073 621 1105 678 el
1135 614 1168 679 in
1192 614 1274 680 Aua·

106 717 165 784 tasi
184 714 210 783 l.
235 737 268 782 ιι.
294 720 356 782 24:
388 717 505 792 τοιότνιν
532 719 587 792 τὴν
611 716 700 782 πόλιν
731 714 922 793 έξέλιπον
949 721 975 784 oi
1007 720 1207 795 ἐνοικοῦντες,
1244 727 1278 785 el

106 840 207 889 tunes
230 829 296 888 tam
321 841 415 908 saepe
439 823 483 888 ita
508 821 702 908 loquuntur,
735 830 771 886 ut
801 823 1021 909 unusquisque
1044 821 1140 889 rerba
1162 826 1187 889 οῖ
1213 834 1277 890 Φο·

106 934 153 1006 οὓς
179 925 318 1005 ἐξέλιπον
340 928 375 993 τὸ
402 927 477 1009 ἱερόν
501 948 563 993 uon
599 927 692 993 aliter
727 946 824 1013 quam
854 929 902 995 sie
926 930 1027 1015 accipi
1053 947 1143 1014 posse
1166 928 1280 996 debeat

106 1032 239 1110 molire,
265 1040 301 1098 ut
322 1032 501 1099 Phocenses
524 1033 643 1118 templo
664 1031 836 1119 Delphico,
866 1053 965 1120 quum
996 1034 1027 1099 id
1053 1035 1193 1100 retinere
1215 1054 1279 1100 non

106 1139 295 1216 coluissent,
326 1138 500 1204 excessisse
521 1137 753 1223 intelligantur.
802 1141 842 1204 oi
867 1147 972 1215 Φωκῆς
1004 1139 1040 1204 τὸ
1072 1139 1148 1219 ἱερὸν
1181 1165 1280 1206 ιιιιτοι·

106 1243 250 1325 ῖαβόντες
282 1239 354 1309 εότοο
389 1247 421 1309 οὐ
450 1244 609 1322 δυνάμενον
644 1244 792 1326 κατέχειν
825 1242 974 1320 ἐξέλιπον.
1034 1243 1116 1309 Τιιιιι
1148 1264 1222 1311 vero
1253 1248 1279 1312 oi

106 1350 233 1430 ὴβοοῖοι
268 1349 450 1415 ἐκλιπόντων
484 1349 609 1414 Φωκέων
641 1350 676 1415 τό
712 1350 786 1431 ἱερόν
810 1347 1074 1428 κοοτοιλοομβοόνειν
1111 1350 1279 1431 ἐπειρῶντο.

106 1452 155 1521 tto
176 1453 277 1540 igitur
298 1455 367 1540 ipso
391 1463 534 1540 tempore
557 1453 717 1521 scribebat
739 1454 817 1521 haec
842 1453 1034 1540 Xenophon,
1058 1461 1091 1520 et
1109 1453 1282 1522 Athenien·

106 1576 149 1627 ru
169 1558 360 1625 adhortatur
394 1567 430 1625 ut
454 1558 667 1644 legationibus
688 1578 747 1646 per
775 1558 939 1626 Graeciam
971 1559 1081 1626 missis
1113 1559 1280 1626 oraculum

106 1662 287 1751 delphicum
313 1663 476 1730 vindicent
508 1664 541 1728 in
564 1662 764 1731 libertatem:
796 1660 877 1740 ὅπως
908 1667 943 1731 τό
975 1665 1007 1729 ἕν
1039 1669 1178 1747 Δελφοῖς
1206 1666 1282 1747 ἱερὸν

106 1769 264 1848 οῠτόνομον
301 1767 408 1851 ὥσπερ,
436 1769 562 1850 πρόσθεν
597 1770 781 1847 γένοντο-
804 1771 849 1848 All
886 1774 1158 1849 ονμπολεμοῖινπες
1192 1772 1282 1837 ἀλλὰ

106 1876 318 1959 τμοβεόοντες
341 1876 404 1940 atio
437 1875 492 1949 τὴν
516 1873 669 1940 Ἑλλοόδοο.
718 1873 807 1955 Quod
832 1874 911 1940 dicit
933 1876 979 1953 ptr
1007 1881 1281 1954 συμπολεμοῦντος

106 1978 296 2049 lethonstrat
316 1979 369 2046 illo
392 1987 536 2067 tenrpore
557 1979 673 2045 betium
695 1979 760 2044 iem
782 1980 882 2067 scisse
906 1990 962 2046 aut
982 1987 1069 2046 certe
1088 1981 1234 2067 porari‚·
1248 1982 1281 2044 in

106 2085 193 2153 euius
222 2084 298 2152 belli
333 2085 518 2151 societatem
553 2104 593 2150 ue
625 2084 755 2149 reuiant
778 2104 857 2152 neve
891 2104 981 2151 arma
1014 2104 1089 2150 cum
1118 2083 1284 2151 alterutris

106 2191 284 2259 consocient
307 2188 517 2256 Athenienses
541 2189 742 2255 dehortatur.
791 2188 956 2270 Quodnam
981 2190 1111 2256 tandem
1137 2189 1196 2255 hoc
1221 2187 1284 2255 bel·

106 2312 168 2363 tum
191 2293 290 2362 luisse
321 2293 488 2361 dicamus?
536 2293 713 2362 Gerebatur
733 2291 813 2368 όπως
836 2296 872 2361 τὸ
899 2297 930 2360 έν
956 2302 1096 2380 Δελφοῖς
1127 2296 1202 2377 ἱερὸν
1228 2296 1283 2361 οὐ·

106 2400 223 2481 οόνομον
257 2400 385 2481 γένοιτο.
443 2398 620 2467 Gerebatur
651 2402 710 2466 τῶν
744 2400 869 2466 Φωκέων
904 2400 1090 2467 ἐκλιπόντων
1124 2402 1160 2467 τό
1195 2401 1281 2482 ἷερό.

106 2506 275 2575 docebatur
304 2507 415 2573 statim
438 2515 508 2592 post
534 2523 644 2591 paeern
672 2503 711 2569 ab
744 2504 992 2572 Atheniensibus
1015 2506 1222 2592 compositam
1251 2514 1284 2572 et

106 2621 249 2700 pacatum
274 2630 373 2677 mare.
423 2609 574 2676 Adversis
605 2608 763 2676 frontibus
787 2609 867 2677 haec
898 2619 1096 2678 concurrunt
1127 2630 1200 2678 cum
1226 2612 1283 2689 iis,

106 2736 181 2809 puae
215 2716 256 2784 de
288 2715 369 2782 bello
402 2734 494 2782 sacro
528 2714 681 2782 Phocensi
714 2724 863 2782 constant
894 2717 979 2783 inter
1006 2736 1126 2783 omues.
1181 2716 1283 2782 Causa

106 2821 173 2891 betti
197 2820 258 2888 tuit
282 2825 300 2899 ἦ
324 2826 377 2888 τοῦ
401 2823 433 2887 έν
456 2828 597 2904 Δελφοῖς
625 2822 702 2903 ἱεροῦ
735 2821 793 2889 ὑπό
818 2823 994 2901 Φιλομήλου
1023 2821 1205 2902 κοιτοόλκφις
1237 2819 1281 2886 id·

106 2944 161 3015 pue
191 2925 313 2993 lactum
349 2933 398 2992 est
432 2926 484 2990 ἐπὶ
519 2925 737 3008 naiteinos
769 2925 894 3015 Olpnnp.
917 2927 993 2993 CVI.
1027 2931 1058 2992 b.
1100 2946 1184 2993 anuo
1222 2948 1282 2993 uno

106 3038 268 3119 postquam
299 3029 377 3097 haec
414 3031 535 3116 scripta
570 3041 660 3097 sunt.
717 3032 828 3097 Dicam
862 3032 938 3118 quid
975 3032 1054 3098 mihi
1090 3031 1214 3098 venerit
1247 3032 1280 3097 iu

106 3145 261 3215 nentem,
286 3134 370 3203 unde
397 3135 475 3202 haec
504 3137 589 3201 inter
623 3156 693 3202 sese
721 3136 871 3202 desinant
897 3157 1040 3224 pugnare
1063 3136 1176 3204 videri.
1225 3137 1283 3203 Fa·

106 3243 184 3313 tiam
207 3241 239 3309 id
264 3241 348 3329 quod
374 3240 535 3327 appellant
558 3239 753 3307 Graecorum
778 3244 953 3308 astronomi
986 3242 1090 3325 εόζειν
1112 3244 1154 3310 τοὶ
1175 3242 1283 3326 φωινό·

106 3373 202 3428 μενοι,
236 3347 269 3415 id
301 3355 349 3414 est
378 3344 563 3432 excogitabo
592 3365 721 3412 causam
747 3346 965 3433 probabilem,
997 3368 1094 3436 quam
1123 3350 1150 3415 si
1174 3368 1283 3415 reram

106 3473 170 3524 mo
190 3454 366 3526 sumseris,
392 3471 503 3518 earum
533 3471 642 3518 rerum
667 3453 831 3532 omnium,
854 3474 934 3540 quas
968 3475 1059 3521 veras
1093 3475 1163 3522 esse
1197 3475 1281 3521 com-

106 3567 227 3650 pertum
249 3559 310 3636 sit,
334 3558 418 3623 ratio
435 3556 612 3635 constabit,
637 3566 670 3622 et
693 3578 775 3643 quae
798 3578 883 3625 utine
907 3580 1050 3647 pugnare
1074 3561 1225 3628 ridentur
1249 3562 1283 3626 in

106 3661 303 3736 eoncordiam
328 3662 527 3748 redigentur.
575 3661 696 3729 lieiude
728 3662 761 3728 id
792 3665 898 3751 ipsum
931 3665 1048 3734 ellieiet
1073 3676 1109 3733 ut
1140 3667 1174 3733 id
1199 3664 1282 3753 qnod

106 3772 257 3843 sumseris
278 3769 441 3857 probabile
464 3789 532 3835 esse
554 3768 701 3835 videatur
724 3779 756 3836 et
784 3788 895 3836 verum
928 3791 1000 3839 esse
1027 3792 1128 3860 posse.
1176 3772 1218 3837 Ut
1238 3774 1285 3837 ita

106 3877 282 3947 laciendum
308 3877 351 3943 sit
372 3885 405 3941 et
429 3886 464 3941 ut
492 3875 537 3940 ita
567 3873 671 3941 lacere
692 3873 787 3941 liccat
810 3875 939 3942 Diodori
965 3876 1064 3943 Siculi
1089 3875 1283 3962 negligentia

106 3994 134 4053 at
157 3982 302 4051 socordia
332 3981 453 4048 lactum
487 3989 551 4058 est,
587 3981 641 4067 qni
675 3979 714 4046 de
733 3979 814 4046 bello
845 3980 1000 4047 Phoceusi
1024 3990 1060 4047 nt
1084 3980 1122 4047 de
1146 3984 1282 4048 caeteris

106 4091 252 4157 historiae
279 4088 425 4175 partibus
450 4089 494 4151 ita
528 4085 658 4163 scribit,
691 4095 727 4152 ut
752 4085 837 4151 reris
872 4085 952 4152 laisa
982 4086 1159 4154 admisceat
1182 4096 1214 4153 et
1237 4096 1282 4154 te·

106 4196 215 4265 uuiora
236 4194 392 4281 quaedam
414 4211 569 4258 enarrans
589 4192 781 4276 gravissima
812 4191 874 4259 alia
903 4194 1031 4260 omittat
1049 4202 1082 4261 et
1100 4200 1282 4281 temporum

106 4302 241 4369 rationes
263 4301 440 4366 oscitanter
465 4295 649 4363 contundat.
697 4295 870 4365 Ostendam
903 4298 1045 4385 primurn
1069 4318 1143 4366 eum
1171 4317 1282 4367 secum

106 4425 252 4495 pugnare.
301 4403 335 4471 Si
366 4421 462 4471 causa
495 4400 567 4469 belli
600 4400 661 4469 luit
685 4405 703 4478 ἡ
726 4409 780 4471 τοῦ
805 4406 883 4487 lepori
916 4405 1118 4486 κοιτόλνφις,
1154 4414 1190 4472 ut
1211 4407 1283 4472 sinc

1011 4514 1068 4555 Sl*
