2940 5010
771 268 836 333 450

252 442 289 511 ln
317 446 413 531 §ab
446 437 564 507 sciolus·
587 437 626 506 de
654 460 715 506 suo
737 439 861 508 addidit
883 442 910 506 oi
940 442 1080 524 λοχαγοί
1103 440 1135 507 io
1161 440 1284 509 verbim
1307 436 1392 511 οὗτοι

206 552 238 618 δέ
261 549 452 631 τοριυίμενιι
479 546 518 636 [ol
542 545 716 634 nozayeq,
745 543 919 613 admodum
946 544 1138 624 infeliciter,
1162 567 1305 635 namque
1323 568 1393 616 om·

207 657 278 733 nia,
301 672 384 741 quae
408 650 451 718 ibi
474 660 786 731 commemorantur,
817 654 843 719 ol
875 653 966 735 λόχοι
990 650 1171 730 iaciebant,
1203 672 1267 721 noo
1289 656 1319 721 ol
1340 670 1396 721 ao·

205 760 306 844 χαγοί
317 809 327 839 ,
361 755 446 846 quod
480 756 534 823 ubi
569 757 667 825 semel
698 756 796 845 probo
826 757 1094 824 animadverteris
1117 757 1202 825 idem
1237 757 1396 846 putidum

206 865 363 933 emblema
393 859 530 949 expelles
552 881 592 928 ex
626 861 719 944 §ab
753 865 808 931 οὐκ
829 863 1037 944 ἐταράττοντο
1069 865 1147 930 aaa·
1168 865 1202 931 lo
1228 865 1272 947 τῷ
1305 864 1397 948 μέρει

206 972 247 1058 [οἱ
269 967 421 1056 λοχαγοί]
447 966 607 1046 διέβαινον.

249 1077 285 1143 ln
310 1074 403 1156 §bli-
437 1072 597 1151 οίνέβιιταν
628 1071 679 1138 avt
712 1073 766 1140 τόν
799 1079 914 1155 πρῶτον
948 1074 1092 1156 γήλοφον
1119 1072 1172 1139 καί
1203 1074 1399 1155 κατέβαινον

205 1185 243 1255 oie
267 1179 318 1246 έτί
343 1181 395 1245 τόν
417 1175 517 1259 ἕτερον
539 1177 747 1263 [αναβαῖιν],
773 1196 832 1264 pro
852 1179 1008 1258 όναβαῒεν
1025 1176 1174 1246 meliores
1193 1177 1293 1245 Codri.
1316 1180 1398 1246 όνα·

205 1286 325 1368 βαίνειν
348 1290 382 1350 et
404 1283 609 1362 καταβαίνειν
634 1280 799 1368 praebent.
846 1280 962 1350 Omnia
983 1290 1060 1349 sunl
1092 1281 1226 1371 perinde
1258 1284 1397 1373 aput'ia:

206 1395 246 1466 ὡς
265 1387 318 1456 έτί
341 1390 393 1455 τὸν
417 1384 516 1467 ἕτερον
536 1385 660 1453 dietum
684 1394 733 1453 est
757 1395 792 1454 ut
815 1389 854 1463 ως
877 1387 929 1454 έτί
950 1390 1007 1465 τίρν
1030 1388 1195 1456 ίιίλατταν
1217 1396 1252 1457 et
1271 1390 1349 1455 sim.
1394 1418 1400 1425 ·

251 1495 340 1563 Duae
363 1489 525 1558 litterulae
545 1491 735 1559 exciderunt
755 1492 789 1557 io
813 1491 831 1572 ὃ
851 1497 905 1562 30.
939 1495 966 1560 oi
989 1495 1048 1574 μέν
1066 1504 1106 1578 τῇ
1129 1494 1202 1578 lap,
1225 1495 1398 1561 imovero

205 1604 232 1668 ol
255 1601 314 1681 μὲν
339 1596 395 1688 (ἐν)
417 1606 458 1680 τῇ
481 1597 556 1679 ltin,
581 1605 617 1663 ut
636 1596 716 1664 solet
739 1596 859 1664 Graeoe
885 1597 961 1665 (liei.

252 1704 368 1792 Elapsa
401 1700 514 1789 oopula
548 1710 598 1768 est
630 1702 663 1767 io
695 1705 793 1788 §52
830 1703 940 1770 τολλοί
973 1701 1139 1787 γαρόταν
1168 1703 1340 1787 aalma
1369 1706 1397 1770 oi

206 1809 385 1894 τετρωμόνοι
409 1808 462 1874 καί
483 1808 510 1873 ol
529 1808 658 1882 έκείνους
680 1807 825 1892 φέροντες
849 1809 902 1876 καί
926 1812 952 1877 σί
974 1817 1035 1877 τῶν
1057 1811 1210 1894 φερόντων
1234 1809 1282 1877 τόι
1304 1806 1399 1877 tuna

207 1914 386 1997 δεξόμενοι,
408 1911 521 2000 supple
542 1910 573 1978 οί
592 1910 653 2001 (τε)
673 1913 854 1995 τετρωμένοι
876 1913 930 1981 καί
953 1917 980 1982 οί
1002 1917 1131 1989 ἐκείνους
1152 1915 1311 1999 Φέροντεο.

251 2021 289 2087 ln
309 2019 366 2086 lll.
390 2038 431 2084 ιν.
457 2023 511 2084 41.
544 2018 621 2083 αλλ’
644 2019 671 2084 εί
693 2019 803 2098 βοόλει
830 2018 905 2099 μένε
929 2019 981 2087 tort
1008 2023 1052 2104 τῷ
1083 2020 1296 2102 ςρασεόματι,
1328 2021 1396 2100 aya

205 2128 232 2194 δ’
242 2125 334 2193 ίίέλω
358 2123 558 2205 τορεόεσίαι·
581 2124 607 2188 εί
631 2124 663 2190 δὲ
690 2123 868 2211 [which
890 2126 1016 2207 πορεύου
1035 2126 1086 2193 έτί
1109 2126 1145 2191 τό
1165 2125 1247 2207 όρσς,
1270 2125 1337 2204 έγόι
1359 2124 1393 2192 δέ

205 2239 286 2314 μενῶ
308 2232 416 2297 αὐτοῦ.
461 2227 679 2315 Expleverunt
702 2228 850 2296 Graeculi
873 2232 1073 2298 notissimam
1096 2238 1130 2298 et
1152 2228 1396 2317 perelegantem

205 2339 347 2406 Atticam
381 2332 531 2420 ellipsin,
560 2333 655 2399 ouius
686 2334 788 2400 multa
820 2332 905 2422 opotl
934 2334 1099 2403 Platonem
1129 2332 1276 2423 exempla
1302 2345 1395 2403 suot·

207 2441 288 2509 vioe
310 2437 505 2527 Euthydem.
529 2456 559 2525 p.
582 2441 646 2505 285
671 2439 704 2505 (l.
737 2442 763 2507 εί
786 2442 845 2520 μὲν
865 2441 1018 2522 βοόλεται
1048 2438 1171 2522 ἑψέτω,
1200 2440 1228 2506 εί
1250 2439 1296 2518 δ’,
1323 2437 1395 2508 ότι

205 2547 357 2629 βούλεται
389 2549 480 2610 τοῦτο
516 2544 657 2621 ποιείτω,
695 2545 748 2610 ubl
784 2544 902 2613 multos
936 2544 1022 2615 locos
1060 2543 1184 2611 similes
1217 2542 1396 2634 adscripsit

207 2650 457 2728 Stallbaumius,
480 2667 520 2715 ex
545 2648 663 2735 quibus
697 2647 846 2715 omnibns
870 2650 1084 2717 necessariam
1105 2648 1298 2737 particulam
1330 2652 1395 2719 Xe·

206 2755 362 2845 nophonti
383 2753 617 2821 restituendam
638 2773 707 2822 osso
733 2752 990 2821 animadvertes:
1024 2758 1101 2823 ἀλλ’
1119 2756 1146 2822 εί
1171 2754 1256 2845 (μὲν)
1278 2756 1394 2836 βοόλιι

204 2863 289 2944 μένε.
336 2861 447 2928 Eieoto
469 2860 571 2945 igitur
594 2858 785 2927 emblemate
814 2860 847 2926 in
874 2859 1085 2947 sequentibus
1114 2859 1239 2929 scribe:
1261 2863 1396 2946 τιρεόιο

207 2967 272 3058 (σὺ)
308 2967 362 3034 tet
381 2968 417 3033 τό
447 2964 530 3047 όρορ,
555 2966 616 3044 oa
644 2965 676 3032 δέ
707 2971 789 3045 μενῶ
822 2967 929 3032 αὐτοῦ.
978 2964 1176 3034 Praecedens
1206 2966 1332 3058 syllaba
1358 2968 1394 3037 io

205 3082 405 3142 ΠΟΡΕΤΟΤ
429 3078 617 3156 sequentem
645 3080 695 3136 CT
719 3069 888 3158 absorpsit.

252 3179 289 3245 ln
312 3181 333 3261 ἕ
353 3181 409 3244 49.
442 3175 493 3247 έςι
516 3174 700 3253 ἠνάγκασαν
720 3176 867 3255 λαβόντα
889 3175 946 3251 τὴν
967 3178 1088 3245 οὶστίδα
1110 3177 1314 3261 τορειίεσόωι,
1339 3196 1397 3247 rea

206 3287 275 3374 ipsa
298 3282 391 3350 donet
413 3281 621 3361 ἀναλαβόντα
643 3299 757 3349 uerum
779 3300 861 3348 esse.
910 3280 1019 3349 Palam
1042 3290 1092 3349 est
1114 3301 1175 3349 our
1197 3284 1398 3370 praepositio

205 3387 417 3457 interciderit.

252 3496 289 3562 ln
311 3491 367 3560 ltt.
392 3513 422 3560 v,
447 3495 477 3558 2.
509 3491 655 3570 έξατίνιρς
679 3496 704 3559 oi
730 3491 871 3573 πολέμιοι
903 3493 1118 3576 ἐπιφαίνονται
1149 3490 1194 3579 [έν
1216 3494 1259 3576 τῷ
1280 3492 1397 3581 πεδίῳ]

209 3602 261 3669 καί
284 3606 344 3666 τῶν
363 3600 520 3676 Ἑλλήνων
550 3597 731 3681 κατέκοψαν
757 3622 844 3674 τινας
875 3605 935 3665 τῶν
957 3597 1187 3677 ἐσκεδασμένων
1213 3598 1245 3663 έν
1265 3598 1310 3681 τόν
1337 3620 1398 3665 σε·

205 3708 258 3790 δίῳ
277 3708 346 3773 καθ’
369 3706 538 3788 οίρταγνὶν,
561 3703 658 3771 verba
681 3722 739 3790 per
759 3722 795 3770 se
816 3702 910 3790 plone
930 3704 1033 3770 otiosa
1060 3704 1093 3769 έν
1110 3704 1153 3784 τῷ
1180 3702 1275 3786 τεδίρι
1296 3721 1399 3792 prop·

208 3825 258 3881 ter
280 3832 319 3879 ea
341 3830 424 3898 quae
447 3810 557 3877 statim
580 3815 762 3896 sequuntur
783 3807 871 3875 nullo
892 3818 985 3896 paeto
1009 3807 1141 3875 retineri
1163 3814 1311 3893 possunt.

265 3915 421 4004 lmpedita
453 3915 556 3982 oratio
590 3923 640 3981 est
662 3914 718 3981 lll.
751 3933 781 3981 ν.
807 3920 837 3981 ti.
870 3921 1001 4002 propter
1021 3912 1298 3989 additamentum,
1328 3932 1399 4000 quo

207 4022 290 4090 male
313 4029 441 4107 reoepto
463 4021 562 4087 unius
581 4018 726 4087 vocabuli
759 4017 862 4085 forma
890 4026 1015 4087 mutato
1034 4027 1094 4085 est.
1141 4016 1177 4082 lo
1201 4014 1294 4083 libris
1323 4028 1397 4087 est:

206 4128 313 4211 arae
339 4126 391 4195 ὅτε
421 4125 599 4193 έστένδοντο
621 4124 837 4207 διεπράττοντο
860 4126 905 4205 μίν
931 4126 1028 4192 καίειν
1051 4126 1122 4211 [τὴν
1144 4122 1303 4203 βασιλέως
1325 4127 1397 4207 χό-

206 4238 298 4322 ραν],
329 4239 380 4301 νῦν
410 4233 497 4300 αὐτοὶ
520 4233 654 4298 καίουσιν
674 4234 713 4306 τίς
747 4233 981 4313 ἀλλοτρίαν,
1012 4238 1174 4319 expuncto
1196 4228 1397 4300 emblemate

208 4360 281 4408 vera
310 4339 404 4408 leotio
424 4342 461 4413 ὡς
484 4336 637 4418 ἀλλότρια
671 4336 755 4405 ultro
783 4346 925 4423 emerget
947 4344 980 4404 et
1007 4335 1097 4405 loeus
1118 4334 1286 4425 expeditus
1314 4336 1396 4406 orit.
