2940 5010
702 318 768 381 olo

149 499 269 586 passini
304 494 389 583 apud
420 494 595 561 Platonem.
646 491 758 578 ltaque
790 509 938 579 exponge
968 488 1131 561 emblema
1157 494 1195 559 in
1226 492 1334 585 Lyside

149 625 181 692 p.
205 608 281 669 hll.
306 602 340 667 B.
373 603 449 667 αλλ’
480 599 561 689 [ipe]
592 594 672 674 ὅπως
706 598 913 680 ἐπικουρήσειν
940 621 993 678 μοι
1001 648 1013 678 ,
1047 598 1107 665 111νί
1138 598 1249 667 maior
1269 619 1335 689 pm

150 710 307 776 librorum
339 715 446 773 servat
468 706 685 790 ε’σιιιονριὶσρς,
717 703 803 791 quod
833 705 949 770 vitium
982 702 1118 772 inoierit
1140 706 1177 771 in
1203 705 1334 773 Platonis

151 816 319 905 Symposio
344 833 373 900 p.
393 812 523 878 2221).
548 809 628 885 ὅπως
654 810 710 891 ἐμὲ
733 809 786 876 καὶ
811 811 846 877 σὲ
867 811 975 891 μηδεὶς
993 809 1156 897 διαβάλῃ,
1184 811 1334 879 imovero

149 924 308 1004 διαβαλεῖ.
357 919 553 986 Grassantnr
576 917 697 1003 passim
723 916 755 981 in
780 915 899 982 tatibus
923 914 1068 994 sorihao,
1094 916 1153 984 sed
1176 916 1273 985 faede
1293 926 1334 985 ed

150 1049 168 1093 a
194 1024 361 1093 fraudibus
391 1022 513 1089 dudum
545 1022 722 1110 perspectis
751 1021 813 1087 sihi
834 1040 959 1089 carere.
1005 1021 1194 1091 Emendate
1224 1022 1333 1111 legitor

150 1135 184 1199 in
218 1131 438 1218 Xenophontis
469 1128 638 1218 Symposio
660 1127 714 1194 tv.
743 1130 796 1193 ΞΟ.
829 1124 892 1206 ἄγε
924 1152 997 1206 νυν,
1025 1126 1109 1205 όπονρ
1143 1132 1332 1211 uenerint

147 1241 333 1321 διακριθῆναι
369 1237 437 1318 περὶ
460 1241 514 1302 τοῦ
546 1234 683 1309 κόλλουο
706 1234 772 1300 κτέ.
806 1233 870 1299 nisi
896 1232 980 1319 quod
1010 1235 1160 1321 μεμνήσῃ
1192 1234 1330 1303 Editot'es

148 1347 308 1422 retinent,
327 1361 408 1428 quas
438 1340 557 1407 termas
579 1360 690 1408 omnes
713 1358 733 1405 a
756 1337 875 1405 scribis
896 1358 967 1406 esse
988 1340 1137 1409 innectas
1158 1360 1252 1409 none
1268 1342 1331 1429 qoi-

146 1451 218 1517 dem
244 1450 323 1515 satis
348 1455 547 1533 compertum
573 1454 633 1513 est.

193 1556 229 1622 ln
264 1557 337 1640 §90
373 1554 416 1625 εἰς
446 1551 504 1631 μὲν
540 1552 605 1633 γὰρ
632 1550 743 1631 enixae
773 1548 936 1633 όρριυμὲνιρ
968 1553 1072 1627 καλῶς
1108 1550 1184 1635 ἔχει
1214 1554 1326 1639 κρόμυον

148 1662 353 1742 haeredare,
377 1655 477 1737 danen
499 1655 565 1722 ἔνιοι
586 1657 657 1730 τοὺς
678 1656 887 1736 οὶλεκτρυόνοις
911 1638 1077 1738 σκόροδα
1101 1660 1324 1733 σιτόσανπες

147 1767 408 1847 συμβάλλουσιν,
432 1770 464 1827 et
490 1762 604 1826 vitium
626 1770 676 1827 est
703 1760 911 1827 manifestum
934 1768 966 1827 et
989 1763 1176 1831 remedium
1202 1773 1322 1833 certam

148 1873 283 1955 Σκόροδα
304 1868 429 1950 σιτίζειν
449 1874 497 1932 est
518 1865 596 1931 allio
611 1887 739 1954 poscere
763 1886 825 1931 non
844 1865 948 1944 alliis,
972 1866 1121 1935 ridicule.
1169 1869 1323 1957 Corrigen-

147 1981 225 2047 dum
251 1986 299 2045 est
331 1977 400 2049 τοὺς
424 1971 632 2054 ἀλεκτρυόνας
665 1972 976 2054 σκοροδόσαντες
1008 1970 1322 2053 septimanarum

147 2094 196 2154 est
229 2081 468 2165 συμβάλλουσιν
500 2077 780 2157 ἐσκοροδισμένους,
815 2085 953 2164 utroquo
984 2079 1071 2144 enim
1108 2079 1207 2147 modo
1238 2078 1321 2147 Athe·

146 2194 275 2259 niensos
298 2189 486 2275 loquuntur.
534 2182 708 2249 Notissima
733 2202 785 2248 res
809 2191 858 2248 est
883 2201 923 2248 ex
947 2182 1179 2271 Aristophanis
1196 2185 1321 2253 Achate.

150 2303 224 2366 166.
257 2302 289 2361 et
321 2293 446 2379 Equitt.
468 2294 544 2355 tot.
592 2287 640 2353 nd
667 2288 758 2353 iilum
782 2286 888 2353 iocum
914 2289 1054 2374 pertinet
1081 2288 1215 2379 Didymi
1236 2310 1320 2359 anno

145 2405 225 2471 tatio
249 2404 283 2466 ἐκ
304 2408 358 2476 τῆς
380 2406 523 2477 Κωμιιιῆς
545 2393 667 2470 Adicere
692 2401 819 2459 servata
839 2392 923 2481 apud
947 2392 1147 2483 Hesychiom
1173 2417 1206 2465 ν.
1230 2400 1320 2465 Ἔνον

145 2505 327 2591 toreama.
374 2500 464 2585 Quod
499 2499 583 2586 apud
606 2498 744 2566 eundem
768 2498 888 2585 legitor
913 2520 941 2564 v.
976 2500 1177 2582 Σκοροδόσαι,
1201 2503 1230 2569 si
1252 2522 1319 2581 oon,

145 2616 195 2681 uti
220 2611 387 2698 suspicor,
411 2628 449 2673 en
473 2606 532 2671 hee
555 2606 625 2690 ipso
649 2603 717 2668 loeo
739 2604 960 2691 Xenophontis
981 2614 1129 2673 sumtum
1150 2616 1223 2686 est,
1245 2616 1319 2677 certo

147 2719 275 2807 egregie
311 2714 387 2779 tacit
422 2711 462 2777 ad
493 2709 750 2778 emendationem
781 2717 923 2776 nostram
956 2709 1196 2779 stabiliendam.
1242 2724 1320 2781 Σνι·

148 2826 325 2910 ροδίσαι,
351 2819 478 2906 inquit,
512 2819 547 2884 τό
573 2817 628 2897 πρό
651 2825 706 2891 τῆς
729 2814 840 2896 μάχας
875 2816 1021 2898 σκορόδοις
1053 2820 1230 2901 σὶνατρῑψαι
1259 2822 1318 2893 τοὺς

146 2928 379 3011 ἀλεκτρυόνας,
405 2943 486 3009 qnae
509 2942 636 2988 omnem
668 2920 903 2988 dubitationem
931 2920 1012 2987 mihi
1037 2924 1170 3009 quidem
1193 2928 1319 2995 erinnem

145 3037 305 3104 videnter.

193 3143 228 3210 ln
256 3144 274 3226 §
299 3144 349 3204 ll.
385 3137 410 3202 ei
435 3136 460 3201 δ’
485 3136 573 3214 ὑμεῖς
597 3135 645 3199 τόν
668 3133 771 3199 αὐτόν
795 3133 868 3215 πρὸς
892 3134 949 3215 ἐμὲ
966 3133 1115 3218 πνόσχετε
1140 3135 1248 3223 οἷοίπερ
1268 3140 1318 3219 tet

148 3251 222 3332 πρὸς
247 3247 299 3313 τόν
319 3242 386 3323 inei
406 3242 552 3306 δοκοῦντα
583 3241 679 3305 καλὸν
707 3235 806 3315 εἶναι,
833 3242 961 3325 nequino
991 3247 1160 3308 τοιαῦτα
1186 3246 1260 3336 (non
1284 3245 1318 3311 ri

150 3353 249 3433 edroi)
274 3347 382 3430 οἷοίπερ
403 3347 476 3424 ἐγώ.
524 3346 559 3411 ln
585 3344 764 3410 decantatis
787 3344 954 3430 Euripidis
977 3347 1148 3414 versiculis
1169 3350 1251 3437 apud
1270 3351 1318 3418 de·

150 3459 295 3527 scirinem
330 3456 362 3520 in
399 3450 589 3518 Timarehea
619 3454 636 3536 ρ’
664 3455 746 3525 too,
770 3457 802 3517 et
826 3451 901 3516 hine
930 3452 1078 3538 repetitis
1110 3455 1197 3542 apud
1225 3457 1319 3524 lieno

148 3564 296 3631 athonem
322 3560 360 3626 de
384 3558 467 3624 Fais.
494 3557 603 3644 Legat.
632 3558 649 3641 §
678 3560 755 3622 hdo.

329 3663 393 3738 όςις
416 3667 442 3730 δ’
467 3664 579 3742 ὁμιλῶν
604 3662 709 3737 ἣδεται
733 3669 840 3736 κακοῖς
862 3663 956 3745 οένήρ,

328 3773 360 3837 οὐ
386 3771 504 3835 πώποτ’
529 3769 669 3850 ἦρότνσοι
693 3767 872 3847 γιγνώσκων
896 3766 942 3833 ότι

328 3875 462 3949 τοιοῦτός
486 3876 569 3940 ἐστιν
593 3870 698 3955 οἷσπερ
723 3874 828 3953 ἥδεται
853 3871 957 3949 ξυνόν.

147 3986 241 4052 onice
266 4002 341 4050 vera
365 3979 460 4047 lectio
485 3978 565 4044 mihi
591 3999 719 4065 semper
742 3979 820 4055 visa,
833 3986 903 4044 est:

326 4085 459 4160 τοιοῦτός
484 4086 567 4150 ἕσό’
592 4085 768 4168 οἵοισπερ
792 4084 898 4161 ἣδεται
921 4082 1034 4163 ξυνόν,

144 4198 218 4265 oiim
244 4216 262 4263 a
286 4194 404 4263 Wolfio
435 4189 681 4271 commendata,
716 4191 771 4258 sed
797 4212 900 4278 neque
931 4192 971 4258 ab
1000 4192 1173 4262 Aeschinis
1195 4196 1327 4266 Editori·

140 4302 211 4370 hus·
229 4322 331 4388 neque
353 4320 370 4367 a
394 4298 617 4367 Demosthenis
644 4298 788 4385 proheta.
838 4297 942 4363 Verba
973 4296 1104 4386 οἵοισπερ
1129 4302 1239 4381 ἣδεται
1267 4304 1329 4385 ξυν-

141 4412 179 4477 όν
213 4407 387 4477 admonent
419 4426 470 4474 me
505 4403 566 4471 inei
596 4404 753 4473 Platonici
790 4404 824 4472 in
858 4404 1057 4495 Protagora,
1091 4430 1189 4497 qoem
1215 4413 1335 4483 serihae
