2940 5010
719 254 782 317 292

162 427 250 496 loede
279 423 477 512 interpolatis
506 426 578 490 riori
611 423 684 491 lihri
713 423 991 514 propagabantur,
1026 426 1058 490 in
1088 426 1207 513 quibus
1238 447 1341 514 quum

160 531 300 621 insipida
330 540 362 598 et
393 528 513 595 insulsa
545 529 735 598 emblemata
766 532 939 596 oscitanter
970 531 1002 598 in
1036 530 1181 599 ordinem
1212 542 1340 619 recepta

160 647 266 707 essent
296 644 329 703 et
363 635 643 721 interpolationem
673 636 808 721 vestigia
838 654 972 722 prorsus
1006 646 1114 703 essent
1145 636 1341 719 obliterata,

160 764 248 811 nuuc
281 742 417 809 lectores
447 742 555 807 minus
587 750 718 818 cautos,
753 742 860 807 minus
894 750 1005 807 acutos
1038 750 1071 809 et
1104 744 1161 818 τὴν
1194 745 1340 811 παλαιὰν

158 851 274 933 τέχνην
296 866 358 914 noo
382 855 471 912 certe
492 845 611 913 iudicio
634 866 652 913 a
675 848 860 933 sequiorem
883 866 981 912 nranu
1001 854 1033 913 ct
1052 844 1182 914 rudiorc
1201 848 1342 916 artificio

161 955 384 1042 dignoscentes
410 971 504 1039 saepe
534 951 708 1020 iocularem
737 953 769 1017 in
801 950 931 1019 modum
966 949 1184 1019 ludilicantur.
1233 954 1343 1021 Potest

162 1069 286 1137 tamen,
311 1059 337 1125 si
354 1078 417 1123 non
442 1057 580 1144 ntique,
605 1067 638 1123 at
656 1058 688 1123 in
713 1056 872 1144 plerisque
894 1067 1000 1125 tamen
1025 1056 1103 1123 locis
1122 1057 1207 1144 qued
1229 1062 1343 1146 geuui-

160 1185 239 1232 num
267 1173 300 1232 et
329 1181 442 1228 sanum
479 1172 614 1229 nonest
647 1163 745 1230 certis
773 1161 901 1229 indiciis
927 1162 1072 1250 indagari
1101 1172 1134 1230 et
1159 1163 1214 1230 ubi
1241 1165 1342 1233 semel

160 1281 248 1340 mota
270 1279 320 1336 est
333 1278 428 1334 acuta
451 1269 592 1355 suspicio
611 1267 760 1354 plurimis
782 1267 885 1335 medis
905 1270 1002 1335 etiarn
1025 1270 1226 1339 tenuissimis
1245 1274 1342 1339 resti·

161 1380 225 1466 giis
253 1384 472 1443 correctorum
501 1373 623 1459 llagitia
658 1372 963 1461 deprehenduntur,
998 1375 1027 1441 si
1056 1374 1150 1442 modo
1183 1375 1342 1445 iudicium

162 1501 236 1550 acre
265 1479 380 1549 alteras
409 1490 441 1547 et
475 1498 588 1545 aurem
622 1488 767 1545 veterum
798 1479 933 1545 lectione
957 1478 1122 1547 subactam
1145 1490 1178 1547 et
1212 1481 1345 1569 linguae

162 1587 312 1675 peritiam
335 1595 456 1673 quanta
480 1584 620 1651 maxima
645 1583 750 1669 colligi
772 1592 892 1671 potest,
917 1583 1050 1671 utquid
1075 1605 1094 1651 a
1118 1593 1212 1673 poeta
1236 1587 1346 1656 Attico

162 1692 227 1759 dici
255 1693 354 1779 possit
383 1690 460 1778 quid
493 1710 554 1755 non
576 1689 676 1776 possit
706 1699 738 1754 et
767 1691 851 1755 scias
874 1699 907 1756 et
938 1689 1099 1776 intelligas
1128 1701 1162 1758 et
1188 1694 1346 1761 interiere

163 1797 300 1885 quodam
320 1816 415 1863 sensu
435 1815 600 1882 agnoscas.
649 1794 851 1881 Quicumque
869 1804 977 1862 autem
1003 1796 1116 1862 Poetas
1132 1795 1237 1864 diuet
1259 1799 1346 1865 mul·

163 1914 234 1971 tum
257 1901 414 1970 lectitarit
443 1902 510 1987 ipse
532 1897 764 1986 quodammodo
792 1909 885 1986 poeta
917 1900 969 1978 lit,
998 1911 1031 1969 et
1052 1904 1079 1969 si
1109 1902 1186 1990 quid
1210 1904 1243 1969 in
1275 1924 1345 1972 car·

163 2011 252 2076 mina
286 2008 419 2093 antiqua
454 2006 646 2092 ineptiarum
683 2024 721 2071 en
757 2004 911 2073 librorum
953 2006 1135 2095 corruptela
1168 2018 1202 2075 et
1230 2011 1346 2077 sciolo·

163 2134 236 2182 rnm
262 2111 505 2199 interpolatione
531 2110 606 2175 olim
636 2111 765 2195 irrepsit
790 2112 887 2177 etiarn
912 2114 958 2179 sic
986 2112 1233 2191 anirnadvertit,
1259 2114 1346 2202 quod

163 2239 340 2306 numquam
364 2219 430 2305 ipse
454 2218 486 2281 in
512 2214 567 2281 tali
591 2234 626 2282 re
650 2224 706 2281 aut
730 2223 796 2283 tam
820 2236 928 2284 socors
952 2226 983 2284 et
1007 2218 1171 2306 negligens
1193 2240 1265 2288 esse
1288 2231 1347 2288 aut

163 2327 204 2393 ad
227 2321 407 2392 istiusmodi
429 2320 564 2407 ineptias
587 2322 743 2406 potuisset
767 2320 880 2388 delabi.
926 2323 1028 2391 llabet
1050 2324 1110 2391 hoc
1132 2324 1253 2393 multas
1270 2346 1348 2393 eau-

163 2433 268 2499 tienes
291 2426 346 2495 sed
376 2447 438 2493 non
467 2435 516 2493 est
539 2425 600 2491 aliu
629 2446 681 2492 res
711 2425 751 2492 ad
777 2427 942 2513 ingenium
974 2428 1123 2497 alendum
1154 2439 1188 2497 et
1215 2430 1348 2519 pulchri

164 2554 296 2603 sensnm
327 2531 503 2599 exercendo
535 2530 717 2616 augendum
760 2530 868 2597 utilior
900 2544 933 2599 et
964 2535 1012 2599 sie
1047 2542 1214 2621 poetarum
1249 2536 1348 2605 lectio

165 2660 264 2728 quum
292 2636 471 2724 legentibus
499 2636 674 2723 plurimum
698 2635 792 2701 allent
813 2636 962 2704 utilitatis
984 2648 1051 2705 tum
1071 2641 1104 2705 ic
1125 2640 1210 2727 ipsos
1232 2650 1349 2729 poetas

164 2767 202 2815 ea
226 2744 349 2812 utilitas
380 2740 547 2808 redundat.
595 2740 656 2808 Sed
686 2742 838 2828 queniam
864 2762 966 2827 genus
997 2743 1057 2810 boc
1083 2745 1213 2813 critices
1238 2766 1349 2815 enem-

163 2852 226 2941 plis
246 2851 349 2935 magis
370 2868 467 2936 quam
489 2849 669 2935 praeceptis
693 2846 777 2914 tradi
799 2857 831 2914 et
859 2848 1077 2916 commendari
1098 2859 1202 2938 potest
1223 2862 1258 2919 et
1282 2874 1348 2921 nou

164 2953 349 3025 meditando
382 2952 437 3019 sed
470 2954 646 3020 exercendo
671 2954 873 3029 continetur,
908 2942 1091 3041 expromam
1126 2956 1280 3025 nonnulla
1305 2978 1349 3025 cs

164 3061 268 3151 poetis
299 3059 444 3144 Tragicis
471 3078 554 3145 quae
580 3057 644 3125 hue
672 3056 801 3125 iaciant.
850 3059 1057 3126 Praemittam
1084 3061 1148 3128 dno
1178 3060 1353 3150 Euripidis

164 3166 345 3255 fragmenta
367 3184 405 3230 ex
434 3162 562 3230 Orionis
579 3164 759 3249 Florilegio.
803 3163 936 3250 Legitur
959 3165 1001 3231 ibi
1024 3166 1061 3233 V.
1088 3172 1118 3232 7.

347 3376 452 3448 πόνους
476 3374 601 3456 ἔχοντες
624 3376 707 3441 οὐδὲν
730 3376 842 3449 εἰδότες
864 3376 980 3459 σαφές.

168 3485 200 3548 in
234 3481 284 3547 bis
315 3480 420 3545 verbis
452 3500 552 3565 quum
581 3482 798 3547 necessarium
827 3480 1015 3547 vocabulum
1049 3483 1198 3568 periisset
1228 3484 1355 3551 sciolus

167 3584 255 3653 aliud
277 3604 340 3650 non
364 3586 579 3650 necessarium
594 3584 698 3651 aliene
718 3584 786 3651 lece
807 3584 845 3652 de
863 3606 921 3651 suo
938 3585 1071 3652 addidit.
1095 3588 1157 3669 Qui
1177 3587 1351 3657 hominum

167 3694 297 3777 ignaras
325 3698 449 3755 montes
478 3699 620 3775 arguunt
652 3689 755 3756 solent
785 3712 838 3758 ees
869 3693 951 3758 cillo
981 3692 1089 3759 εἰδέναι
1125 3690 1354 3780 significuuter

168 3797 295 3873 dicere,
321 3802 357 3859 ut
377 3793 557 3880 Theognis:

349 3897 494 3981 ἄνθρωποι
518 3900 551 3965 δὲ
573 3900 698 3979 μάταια
722 3903 882 3984 νομίζομεν
905 3903 1017 3977 εἰδότες
1041 3904 1146 3980 οὐδέν,

167 4021 201 4078 et
222 4010 339 4097 passim
363 4006 411 4073 sic
432 4013 628 4091 queruntur:
659 4010 761 4091 carpis
785 4016 842 4075 aut
873 4008 977 4076 simile
1008 4008 1084 4095 qnid
1114 4028 1209 4075 neme
1241 4006 1353 4089 addit,

169 4133 272 4202 neque
304 4110 336 4177 id
369 4109 557 4197 Euripidem
587 4109 746 4179 addidisse
779 4134 818 4181 ex
844 4113 1011 4201 Theophili
1042 4115 1110 4181 loco
1139 4111 1352 4183 manifestum

168 4230 239 4296 est,
263 4218 319 4305 qui
344 4214 518 4303 Euripiden
539 4214 676 4283 aderens
695 4220 799 4301 oculs
818 4220 948 4286 ornitlit.
996 4220 1077 4304 Quid
1102 4218 1226 4287 nrnlta?
1252 4239 1351 4307 agno-

167 4344 238 4392 sces
264 4322 443 4414 Tragicum
459 4320 490 4387 iu
516 4320 575 4389 bae
595 4323 775 4411 scriptura:
