2940 5010
710 274 775 337 eet

142 448 302 528 δεόμενον.
329 443 426 531 idquo
449 463 536 511 nunc
559 443 600 511 ab
617 444 769 513 omnibus
788 443 958 534 probatum
983 443 1078 512 video
1099 455 1134 514 et
1153 454 1332 534 receptum.

144 551 206 620 Sed
239 553 331 639 quie,
366 569 507 637 quaeso,
539 550 634 618 bomo
657 560 706 618 cst
739 553 795 639 qui
815 551 960 632 άνάνκης
991 552 1110 619 δεῖσθαι
1146 560 1239 621 recle
1270 551 1334 619 dici

142 657 266 747 possit?
302 655 385 738 Quid
414 653 539 723 multa?
574 655 672 724 redde
694 656 857 745 Stepbano
879 677 975 725 suurn
1000 657 1054 725 τάν
1073 666 1108 725 σι
1135 658 1242 725 reteri
1265 658 1333 725 cui·

142 763 215 830 darn
239 763 415 830 correctori
438 782 533 829 suum
558 762 701 847 κολάζειν
727 772 760 830 σι
783 763 891 831 omnia
925 761 1091 830 habebunt
1109 763 1258 851 optimc:
1291 765 1333 831 τὸ

140 867 324 949 άνάνκης
355 866 691 954 δεθροενονάλλανς
720 870 908 952 προτακτέον
941 867 974 936 id
1003 874 1054 937 est
1079 868 1193 936 πάντα
1224 864 1330 943 ένοθσ

140 975 216 1053 elau
248 975 297 1041 δεῖ
323 972 503 1056 προσφέρειν
531 975 585 1040 καὶ
617 974 761 1053 averno
797 975 989 1057 aposellam:
1020 973 1159 1041 verbum
1190 971 1333 1057 κολάζειν

141 1081 173 1145 in
196 1098 252 1145 ora
273 1076 348 1144 libri
371 1078 446 1145 olim
469 1077 671 1166 adscriptum
694 1079 795 1147 luisse
816 1080 964 1166 suspicor
984 1098 1043 1167 pro
1063 1079 1332 1167 interpretamen-

141 1193 183 1250 to.
230 1184 266 1251 lu
299 1188 370 1270 §e
394 1184 492 1264 μέρος
515 1193 551 1251 ut
574 1184 654 1252 solet
678 1186 712 1251 iu
733 1186 842 1267 μοίρας
866 1185 1022 1252 ascribis
1044 1183 1262 1272 depravatum
1285 1192 1332 1251 est

139 1288 293 1357 vocabulo
313 1289 470 1356 Laconico
490 1288 530 1355 ad
556 1290 755 1379 reliquorum
777 1310 872 1357 usum
895 1289 1018 1359 relicto.
1065 1290 1104 1358 ln
1129 1292 1147 1377 §
1167 1293 1201 1357 6.
1226 1292 1331 1357 οὐκοῦν

140 1397 170 1463 εἴ
191 1422 238 1470 τις
262 1394 315 1462 καὶ
337 1394 456 1468 τούτοις
477 1392 578 1478 ύσπερ
600 1405 666 1470 τοῖς
685 1405 788 1480 χοροῖς
810 1391 896 1463 άθλα
926 1395 1077 1479 προτιθεθη
1106 1415 1167 1484 pro
1187 1404 1258 1471 τοῖς
1278 1418 1330 1478 χο·

139 1510 198 1584 ροῖς
223 1500 315 1568 video
337 1501 389 1567 έτὶ
409 1510 512 1583 χοροῖς
537 1499 688 1567 alicunde
710 1499 840 1580 afferri,
861 1502 896 1567 in
913 1521 978 1589 quo
991 1501 1233 1589 perelegantem
1255 1500 1332 1569 sert·

139 1617 271 1695 pteram
294 1604 394 1673 latare
423 1605 564 1672 arbitror
586 1607 704 1682 τούτοις
729 1606 829 1686 ύστερ
859 1609 886 1674 si
917 1616 1020 1691 χοροῖς
1047 1602 1134 1675 ἆθλον
1166 1608 1328 1690 τροτνθεθη.

141 1714 177 1780 ln
206 1714 224 1799 §
250 1716 283 1778 8.
316 1711 369 1778 καὶ
401 1714 419 1789 οἱ
448 1711 626 1796 σωφροσύνη
660 1715 742 1780 πολὺ
770 1717 896 1794 μάλλον
927 1712 982 1781 σὺν
1007 1721 1048 1796 τῇ
1078 1713 1226 1797 άσχσλύᾳ
1255 1736 1328 1792 sup·

140 1825 337 1902 ταρομαρτοῖ
365 1815 516 1904 equidem
538 1817 595 1884 σύν
628 1819 661 1884 in
685 1816 724 1885 άν
749 1819 945 1886 mutaverim
974 1824 1008 1884 σι
1033 1818 1223 1906 scripserim
1255 1842 1328 1898 σομε

139 1923 361 2008 παρομαρτούη.
409 1923 446 1990 ln
483 1926 502 2009 §
529 1929 582 1991 11.
616 1925 642 1990 ai
671 1925 702 1991 δέ
732 1926 840 2008 φοβῇ,
871 1921 893 1990 ὦ
920 1924 1031 2005 Ἱέραν,
1058 1925 1105 2003 μη
1138 1924 1171 1989 έν
1201 1930 1327 1998 πολλοῖς

139 2028 241 2097 ύθλονν
260 2027 497 2112 προτεθειμένον
519 2028 638 2096 πολλαὶ
661 2029 801 2098 δαπάναι
832 2031 1026 2110 γίγνωνται,
1057 2030 1204 2116 primum
1234 2028 1329 2112 Φοβεθ

139 2154 279 2224 repone,
310 2153 386 2200 narn
418 2154 507 2202 nunc
537 2134 668 2221 quidem
695 2137 774 2203 satis
807 2144 934 2203 constat
959 2134 1044 2201 banc
1067 2132 1169 2202 solam
1192 2132 1327 2203 lemnam

139 2238 310 2309 Veteribus
329 2241 485 2308 usitatam
507 2240 624 2309 luisse:
647 2243 736 2325 φοβῇ
756 2243 984 2309 coniunctiuue
1004 2247 1072 2319 est,
1095 2248 1127 2307 et
1146 2242 1173 2308 ει
1192 2241 1227 2308 δὲ
1242 2240 1324 2325 φοβῇ

139 2347 311 2414 saleccum.
360 2347 442 2413 Tum
470 2346 575 2413 scribe
606 2346 658 2414 έτι
683 2357 811 2422 πολλοῖς
844 2355 878 2414 σι
910 2366 967 2434 pro
992 2343 1095 2413 lorma
1119 2346 1325 2413 vitiosissima

138 2453 374 2535 προτεθειμένον
398 2452 535 2519 restitue
558 2453 788 2534 προτιθεμένων.
838 2451 980 2520 Verbum
1003 2454 1109 2533 τιθηροι
1133 2452 1324 2539 composita-

139 2580 202 2647 que
234 2560 342 2626 omnia
370 2578 432 2624 nou
468 2556 587 2625 babent
610 2557 706 2625 aliam
741 2558 877 2626 lormam
908 2557 1043 2646 perlecti
1077 2559 1198 2647 passivi
1233 2574 1323 2645 quau

139 2675 268 2747 κεῖμαι,
291 2670 323 2731 σι
346 2683 410 2752 qua
436 2664 616 2731 constantia
641 2664 680 2730 ab
701 2665 852 2733 omnibus
872 2667 898 2731 oi
921 2665 1006 2744 νέμον
1027 2661 1185 2731 ύίσιιιιιιντ
1208 2664 1322 2731 κεῖσθον

140 2774 331 2863 (numquam
356 2768 543 2859 τεθεῖσθαι),
565 2769 677 2838 eadem
701 2769 825 2837 videbis
847 2770 981 2838 Veteres
1004 2777 1193 2838 constanter
1216 2786 1323 2836 omnes

139 2879 237 2946 etiam
262 2879 295 2944 in
318 2876 505 2963 compositis
537 2875 687 2943 omnibus
710 2877 815 2943 forma
838 2879 957 2945 κεῖσθον
981 2895 1040 2964 pro
1061 2877 1216 2943 caletrici
1238 2882 1321 2943 utcu·

139 2992 198 3052 tes.
245 2981 358 3071 ltaque
385 2978 471 3048 άθλα
494 2981 574 3049 bene
597 2982 717 3050 Graece
745 2986 920 3065 succetrices
943 2979 1080 3048 dicenda
1100 2988 1180 3047 sunt
1202 2987 1239 3048 σι
1268 2978 1322 3047 lra-

138 3089 350 3177 queutissinro
380 3107 440 3154 nsu
475 3090 594 3175 passim
618 3088 775 3156 dicuutur
805 3088 891 3176 apud
918 3106 1040 3154 omnes.
1087 3085 1209 3153 llodern
1237 3082 1322 3153 molo

138 3196 182 3261 τά
212 3196 404 3274 άναθάροατα
434 3191 591 3260 dicuntur
618 3196 819 3273 άνακεῖσθαι,
851 3213 968 3260 corona
998 3193 1096 3280 capiti
1119 3194 1322 3274 περικεῖσθαι,

138 3318 219 3386 puer
241 3300 406 3387 expositus
435 3300 608 3379 ἐκκεῖσθαι,
642 3299 726 3388 quod
758 3301 972 3388 compositum
1002 3307 1052 3367 cst
1078 3300 1265 3377 συγκεῖσθαι
1291 3304 1321 3364 el

138 3402 250 3472 eadem
283 3404 407 3469 ratione
438 3404 642 3472 incaeteris.
690 3406 776 3473 llaec
806 3407 874 3494 ipsa
904 3427 1002 3475 causa
1031 3414 1082 3473 est
1115 3423 1176 3470 cur
1206 3404 1320 3470 κεῖσθαι

139 3508 305 3584 cedrinos
339 3506 478 3575 dicatur.
526 3510 626 3599 depes
656 3535 677 3578 c
707 3512 834 3600 repobus
863 3512 945 3579 θοιοο
975 3526 1236 3577 commemorans
1261 3506 1322 3572 lao·

137 3624 244 3682 crates
275 3613 349 3695 πρὸς
393 3614 564 3694 Δημθνικον
605 3618 623 3701 S
660 3620 714 3685 56.
757 3617 872 3685 scribit
906 3623 970 3687 τοῖς
1004 3613 1105 3693 νθρκοις
1146 3620 1212 3686 τοῖς
1253 3611 1322 3679 rial

137 3728 212 3789 τῶν
243 3720 456 3801 βασιλέοιν
487 3722 645 3801 κειμένοις.
694 3722 783 3788 Idem
807 3723 839 3786 in
865 3719 1063 3808 Panegyrico
1085 3717 1170 3784 dixit
1203 3719 1223 3803 S
1251 3720 1321 3785 ld&

136 3828 190 3895 έτθ
213 3826 270 3907 μέν
292 3834 365 3900 ταῖς
389 3833 566 3909 συμφοραῖς
588 3835 660 3900 ταῖς
688 3829 761 3895 ὑπὸ
785 3828 859 3894 τῶν
893 3827 1072 3901 ποιητῶν
1104 3823 1323 3903 capraeced-

138 3957 226 4008 ναις
258 3931 398 4015 δακρύειν
420 3929 579 4010 αξιοῦσιν,
610 3931 674 4000 alia
697 3932 842 4020 exempla
864 3932 899 3998 in
923 3932 1142 4019 prioreparte
1171 3928 1322 3997 indicari·

138 4059 222 4106 mus.
269 4038 382 4125 ltaque
405 4036 580 4126 Xenophon
605 4037 632 4102 si
656 4035 798 4124 perlecto
828 4038 876 4105 uti
901 4038 1054 4104 voluisset
1083 4034 1184 4103 ἄθλιον
1207 4058 1323 4117 προκει-

137 4146 235 4227 μένων
258 4141 416 4220 dedisset,
440 4142 495 4210 sed
517 4142 579 4209 loci
598 4144 682 4211 ratio
704 4165 856 4232 praeseus
878 4153 1007 4232 tempus
1031 4139 1184 4231 postulat.
1233 4139 1325 4207 beni·

137 4272 200 4338 que
216 4271 256 4319 ex
275 4247 351 4336 luga
371 4247 585 4316 retrahendus
606 4250 764 4319 articulus
785 4261 834 4319 cst
858 4261 890 4319 et
911 4252 958 4319 sic
977 4246 1185 4319 scribendum
1206 4245 1324 4314 πολλοὶ

138 4355 196 4443 (αἱ)
220 4354 359 4422 δαπάναι
383 4355 565 4434 γίγνωνται.
