2940 5010
698 258 760 325 744

137 442 197 501 τῶν
219 432 401 514 σομμοίχοιν
423 430 590 514 ιιριίττονίς
618 436 715 513 εἰσιν,
739 434 898 502 rescribe:
930 438 980 502 τὸ-
994 436 1156 505 rennuente
1185 440 1309 520 οίριιεῖι

136 548 169 605 et
188 539 278 606 iocus
297 542 359 605 erit
379 540 467 604 omui
491 536 679 605 difficultate
701 540 868 607 liberatus.

181 643 359 712 Senserunt
379 662 489 710 omnes
514 664 611 730 quam
636 646 734 712 stulte
756 645 884 713 dicatur
906 646 947 714 ΙΙ.
974 652 1013 715 5:
1036 650 1071 715 αί
1095 650 1157 730 μὲν
1177 650 1312 731 μενίλνι

138 750 270 840 (πίλοις)
302 752 354 817 διὰ
384 750 446 822 δίος
474 747 644 832 ἄρχονται,
675 752 709 817 αί
733 753 764 818 δὲ
786 752 895 835 μικραί
925 751 1009 820 ποίνν
1040 753 1095 821 rut
1126 755 1259 837 χρείαν,
1284 766 1313 823 nt

135 856 219 923 aliun
242 857 331 923 atiud
354 854 603 923 substituerunt.
651 855 685 923 Si
710 876 774 923 una
798 856 910 927 vocula
934 859 1127 947 interposita
1149 862 1314 949 rescripte·

135 963 199 1030 ris:
232 966 266 1030 αι’
289 965 320 1029 δὲ
344 962 451 1043 μιαραὶ
475 962 558 1028 πάνυ
584 960 663 1050 (καί)
687 963 738 1028 διὸ
760 965 893 1045 χρείαν,
924 972 961 1029 ut
982 974 1086 1031 ναοίνν
1107 966 1235 1054 pariter
1254 984 1314 1034 ortt·

136 1068 234 1136 nibus
263 1078 296 1135 et
325 1070 453 1153 magnis
474 1076 505 1134 et
529 1068 637 1153 parvis
659 1068 845 1134 civitatibus
876 1069 1058 1136 communis
1080 1088 1154 1137 enee
1177 1071 1316 1151 dicatu,

136 1173 217 1240 nibil
239 1173 324 1261 quod
345 1172 484 1240 oiienuat
507 1174 678 1258 supererit.

182 1279 329 1347 Offeudes
354 1281 472 1345 iteruin
499 1280 532 1344 in
558 1282 576 1363 §
602 1283 641 1357 4,
664 1279 719 1346 ubi
742 1279 882 1366 iegiturz
906 1289 1088 1362 reuertere
1111 1281 1178 1363 γὰρ
1200 1278 1314 1361 ίξεςιν,

135 1384 210 1453 ἕπον
244 1386 282 1451 αν
310 1384 417 1464 μηδεὶς
439 1382 456 1466 ᾖ
481 1385 627 1462 πολέμιος
651 1386 669 1462 ἢ
692 1381 769 1451 ὅπου
791 1383 831 1451 αν
854 1384 973 1463 ὀλίγον·
1005 1386 1064 1452 ἐὰν
1098 1386 1131 1453 bi
1163 1388 1316 1469 προσίασιν

134 1492 315 1571 ἀναβάντα
327 1492 493 1559 οίποπλεῖν.
540 1489 661 1577 Nempe
682 1500 863 1574 παραπλεῖν
886 1490 1004 1558 licebat
1023 1508 1172 1578 semper,
1201 1500 1239 1559 ui
1258 1490 1319 1579 opi·

134 1618 218 1677 uor,.
236 1599 335 1664 etiam
362 1598 390 1662 ei
412 1599 562 1682 ingentes
584 1594 725 1662 bostium
749 1597 861 1682 copiae
887 1594 921 1662 in
949 1597 1062 1664 littore
1089 1605 1202 1664 ocrem
1227 1596 1320 1685 expli·

135 1712 235 1770 eatae.
282 1703 344 1769 Res
377 1703 445 1788 ipsa
480 1701 623 1787 loquitur
657 1698 899 1787 Xenophontem
933 1701 994 1768 boc
1029 1699 1172 1769 dixisse:
1209 1726 1321 1785 παρα·

135 1809 315 1876 πλίοντα
344 1807 408 1889 γαρ
432 1805 530 1883 ίξιτιν
560 1808 772 1886 ἀπόβασιν
802 1810 1013 1874 ποιεῖσίαι
1047 1803 1123 1874 ὅπου
1146 1808 1189 1874 ἂν
1216 1810 1319 1889 ραιῖεὶς

136 1913 327 1997 ᾖπολέμιις
356 1915 421 1980 ιιτὲ.
456 1920 513 1979 aut
546 1910 732 1978 buiusnrotli
761 1910 840 1998 qnid
875 1914 909 1978 in
941 1913 1076 1980 eandem
1115 1916 1319 1981 sententium.

136 2019 418 2106 simplicissimum
440 2027 472 2084 et
496 2016 632 2084 fortasse
661 2036 774 2084 verum
796 2027 863 2084 est:
886 2019 1143 2100 ἀποβαίνειν
1167 2020 1233 2102 γὰρ
1263 2018 1321 2097 lte·

134 2150 181 2193 ςιν
206 2121 280 2191 ὅπου
303 2126 368 2190 uri.
414 2122 537 2190 Deinde
571 2121 768 2190 subridicule
801 2123 923 2190 dicitur
956 2127 1037 2209 §b:
1067 2135 1133 2200 τοῖς
1162 2127 1251 2193 κατὰ
1272 2125 1321 2192 te

134 2245 261 2297 λατταν
294 2228 441 2312 ἄρχουσιν
470 2224 530 2295 οίίν
560 2235 589 2294 τ’
612 2231 813 2295 αποπλεῦσοοι
846 2231 909 2296 ert
943 2238 1000 2306 τῆς
1032 2230 1193 2314 σφετίρας
1224 2235 1322 2299 αὐτῶν

137 2338 280 2403 ὃπίσον
308 2336 454 2414 βούλει
486 2340 604 2411 πλοῦν,
639 2335 703 2400 imo
735 2352 810 2401 veru
839 2336 947 2402 ὃπίοον
980 2336 1209 2416 βούλονται.
1265 2338 1321 2405 la·

134 2443 204 2508 tine
236 2450 325 2507 recte
358 2440 499 2506 dieitur:
536 2440 773 2526 navigationem
815 2443 959 2527 qucnroir
993 2443 1070 2530 (aut
1107 2440 1321 2531 quantumuis)

135 2546 262 2631 iungam
294 2546 498 2631 suscipiunt,
531 2544 651 2611 Graece
674 2565 738 2610 non
760 2547 850 2616 itein.
896 2546 981 2613 Num
1006 2556 1044 2613 tu
1068 2557 1166 2633 putas
1191 2549 1241 2636 (ut
1266 2548 1323 2615 bue

136 2671 201 2717 uuo
228 2649 374 2737 exemplo
400 2652 485 2739 uter)
512 2652 544 2716 in
575 2650 713 2716 Anabasi
734 2651 770 2717 V.
796 2670 861 2718 niu.
889 2658 950 2719 10:
973 2653 1142 2735 ανίιιραρον
1164 2656 1191 2720 οῖ
1215 2654 1322 2735 περίν-

135 2782 187 2831 τες
210 2754 257 2823 ὅτι
287 2757 323 2840 ζῇ
346 2759 360 2822 ὃ
383 2761 475 2838 ἀνήρ·
509 2759 547 2824 σὺ
578 2757 604 2822 δ’
633 2752 747 2830 εἶπας·
781 2758 881 2824 ὁπόσα
910 2782 950 2838 γε
984 2759 1207 2838 βούλεται,
1239 2759 1324 2826 salta

136 2863 319 2931 Graecitate
341 2870 373 2928 et
394 2865 555 2930 sententia
577 2864 677 2929 ι’πίσα
701 2888 742 2942 γε
771 2864 918 2942 βούλει
941 2863 1005 2930 dici
1028 2864 1199 2952 potuisse?

190 2969 226 3034 iu
262 2978 405 3036 extrema
439 2977 529 3054 parto
561 2968 705 3034 eiusdem
744 2973 762 3055 §
798 2971 946 3056 suspicor
977 2988 1086 3036 veram
1123 2971 1320 3058 scripturam

136 3074 218 3142 hauc
243 3094 333 3141 esse:
357 3076 408 3140 τὸν
432 3075 463 3138 δὲ
495 3074 632 3141 πλέοντα
659 3071 694 3139 οὗ
717 3076 775 3154 μὲν
798 3076 837 3141 ἂν
867 3074 884 3158 ᾖ
908 3076 1051 3157 κρείττων
1074 3074 1175 3153 ἕξις-ιν
1197 3079 1323 3157 οὶποβιῙ-

134 3207 206 3261 ναι,
227 3179 262 3247 οὗ
284 3181 312 3247 δ’
336 3180 374 3246 ἂν
399 3178 497 3255 ἥττων
521 3179 538 3262 ᾗ
563 3187 797 3261 παραπλεῦσαι.

180 3286 270 3368 Quod
294 3295 446 3351 narratur
467 3285 508 3351 11.
532 3290 570 3351 9:
594 3282 639 3350 ὅτι
663 3288 723 3367 οὐχ
746 3282 805 3351 οίόν
828 3286 864 3351 τέ
888 3287 950 3354 ἔςιν
973 3284 1075 3367 ἓαοέςιρ
1101 3292 1161 3351 τῶν
1185 3289 1323 3363 πενήτιιν

136 3393 214 3458 ίύειν
241 3392 294 3457 καὶ
318 3394 503 3474 εὐωχεῖσθαι
532 3390 584 3455 καί
609 3392 743 3457 ντοῖσίαι
776 3390 843 3471 ἱεροὶ
867 3393 919 3457 καί
949 3392 1063 3457 πόλιν
1096 3391 1189 3455 otnero
1223 3396 1324 3469 καλὴν

135 3498 187 3563 net
213 3497 383 3576 ριγοίλνν,
408 3517 471 3562 non
503 3498 566 3562 erit
591 3495 730 3582 amptius
754 3495 928 3562 ridiculum
953 3506 985 3564 et
1005 3494 1184 3562 absurdum
1209 3498 1239 3561 si
1267 3517 1322 3583 pro

134 3603 224 3670 πόλιν
245 3602 422 3669 substitues
445 3603 551 3667 οῖιιίαν.
600 3602 761 3668 Lacunam
786 3602 861 3668 libri
884 3604 1003 3669 veteris
1029 3611 1102 3668 ΚΑΙ
1128 3602 1144 3633 ⁴
1159 3604 1176 3632 ⁴
1190 3602 1208 3633 ⁴
1222 3602 1240 3633 *
1265 3612 1323 3668 01·

134 3718 235 3777 KEIN
264 3729 282 3774 e
313 3707 411 3774 sciolo
439 3716 561 3774 temere
591 3715 622 3773 et
655 3708 835 3774 inconsulto
869 3707 1027 3794 expletam
1061 3724 1131 3774 esse
1158 3705 1325 3794 probabile

131 3829 191 3886 est.

180 3924 217 3988 iu
241 3925 259 4006 ς
284 3925 342 3986 10:
367 3917 531 3999 γυμνάσια
555 3919 606 3984 καὶ
632 3919 748 4000 λοντρα
770 3920 822 3984 καί
846 3920 1036 4000 αποδντιὶρια
1059 3926 1125 3992 τοίς
1148 3919 1208 3999 μὲν
1227 3935 1325 3985 πλον·

134 4031 208 4100 σίοις
228 4027 291 4096 ε’ςίν
317 4027 402 4091 ἴδια
432 4027 538 4100 ἐνίοις,
563 4027 576 4089 ί
605 4026 635 4089 δὲ
657 4026 752 4102 δῆμος
773 4027 866 4099 αὐτὸς
896 4027 980 4106 αὐτῷ
1005 4025 1207 4103 οίκοδοριεῖται
1241 4027 1324 4109 ἰδίᾳ

135 4136 314 4214 παλαίςρας
336 4131 482 4208 πολλας,
505 4132 717 4210 οὶτοδιιτιὶρια,
740 4133 920 4213 λουτρῶνας.
969 4128 1053 4210 Quid
1075 4129 1197 4197 audio?
1223 4130 1325 4196 Haeo·

135 4243 208 4306 cine
231 4237 366 4325 populus
390 4238 445 4302 ῖδί
453 4259 475 4319 ρ
506 4236 734 4314 οῖκοδιμεῖταιί
768 4236 860 4302 Haud
884 4235 950 4301 vidi
972 4235 1088 4321 magis.
1137 4234 1187 4302 Tu
1215 4254 1326 4302 emen·

138 4347 175 4411 da
202 4344 311 4411 sodes:
336 4351 399 4416 τοῖς
423 4344 481 4421 μὲν
505 4344 659 4418 πλουσίοις
684 4343 745 4414 ecto
777 4343 860 4426 ἰδία
893 4343 967 4431 (uon
992 4340 1069 4430 ίδια)
1093 4342 1201 4420 ἐνίοις,
1232 4350 1266 4409 ct
1292 4344 1325 4407 iu
