<?xml version="1.0" encoding="UTF-8"?>
<!DOCTYPE html PUBLIC "-//W3C//DTD XHTML 1.0 Transitional//EN"
    "http://www.w3.org/TR/xhtml1/DTD/xhtml1-transitional.dtd">
<html xmlns="http://www.w3.org/1999/xhtml" xml:lang="en" lang="en">
 <head>
  <title>
</title>
<meta http-equiv="Content-Type" content="text/html;charset=utf-8" />
  <meta name='ocr-system' content='tesseract 3.04.00' />
  <meta name='ocr-capabilities' content='ocr_page ocr_carea ocr_par ocr_line ocrx_word'/>
</head>
<body>
  <div class='ocr_page' id='page_1' title='image "./novaelectionesq00cobegoog/novaelectionesq00cobegoog_0172.png"; bbox 0 0 2940 5010; ppageno 0'>
   <div class='ocr_carea' id='block_1_1' title="bbox 707 255 767 319">
    <p class='ocr_par' dir='ltr' id='par_1_1' title="bbox 707 255 767 319">
     <span class='ocr_line' id='line_1_1' title="bbox 707 255 767 319; baseline 0.033 -2"><span class='ocrx_word' id='word_1_1' title='bbox 707 255 767 319; x_wconf 71' lang='lat'><strong>134</strong></span> 
     </span>
    </p>
   </div>
   <div class='ocr_carea' id='block_1_2' title="bbox 148 429 1311 4423">
    <p class='ocr_par' dir='ltr' id='par_1_2' title="bbox 152 429 1238 620">
     <span class='ocr_line' id='line_1_2' title="bbox 152 429 1238 520; baseline -0.005 -20"><span class='ocrx_word' id='word_1_2' title='bbox 152 432 242 515; x_wconf 82' lang='lat' dir='ltr'><strong>lieet,</strong></span> <span class='ocrx_word' id='word_1_3' title='bbox 266 433 322 520; x_wconf 90' lang='lat' dir='ltr'><strong>qui</strong></span> <span class='ocrx_word' id='word_1_4' title='bbox 347 432 380 497; x_wconf 91' lang='lat' dir='ltr'><strong>iu</strong></span> <span class='ocrx_word' id='word_1_5' title='bbox 400 430 584 497; x_wconf 90' lang='lat' dir='ltr'><strong>huiusmodi</strong></span> <span class='ocrx_word' id='word_1_6' title='bbox 610 450 645 496; x_wconf 88' lang='lat' dir='ltr'><strong>rc</strong></span> <span class='ocrx_word' id='word_1_7' title='bbox 669 430 786 498; x_wconf 81' lang='lat' dir='ltr'><strong>misere</strong></span> <span class='ocrx_word' id='word_1_8' title='bbox 806 429 1000 516; x_wconf 83' lang='lat' dir='ltr'><strong>depravatus</strong></span> <span class='ocrx_word' id='word_1_9' title='bbox 1020 436 1069 496; x_wconf 89' lang='lat' dir='ltr'><strong>est</strong></span> <span class='ocrx_word' id='word_1_10' title='bbox 1091 449 1135 497; x_wconf 85' lang='lat' dir='ltr'><strong>rs.</strong></span> <span class='ocrx_word' id='word_1_11' title='bbox 1159 435 1238 499; x_wconf 80' lang='lat'><strong>895.</strong></span> 
     </span>
     <span class='ocr_line' id='line_1_3' title="bbox 293 535 1174 620; baseline 0 -17"><span class='ocrx_word' id='word_1_12' title='bbox 293 541 319 603; x_wconf 84' lang='lat' dir='ltr'><strong>ci</strong></span> <span class='ocrx_word' id='word_1_13' title='bbox 344 540 369 603; x_wconf 77' lang='grc' dir='ltr'><strong>δ’</strong></span> <span class='ocrx_word' id='word_1_14' title='bbox 392 537 504 617; x_wconf 63' lang='lat' dir='ltr'><strong>birodei</strong></span> <span class='ocrx_word' id='word_1_15' title='bbox 528 538 698 620; x_wconf 72' lang='grc' dir='ltr'><strong><em>φεύγουσι,</em></strong></span> <span class='ocrx_word' id='word_1_16' title='bbox 720 536 810 603; x_wconf 77' lang='grc' dir='ltr'><strong><em>πόλιν</em></strong></span> <span class='ocrx_word' id='word_1_17' title='bbox 834 536 865 600; x_wconf 75' lang='grc' dir='ltr'><strong>δὲ</strong></span> <span class='ocrx_word' id='word_1_18' title='bbox 889 535 976 601; x_wconf 78' lang='grc' dir='ltr'><strong><em>κακοὶ</em></strong></span> <span class='ocrx_word' id='word_1_19' title='bbox 1000 535 1174 604; x_wconf 77' lang='grc' dir='ltr'><strong><em>διέτουσιν.</em></strong></span> 
     </span>
    </p>

    <p class='ocr_par' dir='ltr' id='par_1_3' title="bbox 153 639 1311 1047">
     <span class='ocr_line' id='line_1_4' title="bbox 392 639 1061 726; baseline 0 -17"><span class='ocrx_word' id='word_1_20' title='bbox 392 648 431 718; x_wconf 74' lang='grc' dir='ltr'><strong>ὡς</strong></span> <span class='ocrx_word' id='word_1_21' title='bbox 452 644 488 718; x_wconf 70' lang='lat' dir='ltr'><strong>ab</strong></span> <span class='ocrx_word' id='word_1_22' title='bbox 512 643 691 726; x_wconf 74' lang='grc' dir='ltr'><em>Κυψελιδῶν</em></span> <span class='ocrx_word' id='word_1_23' title='bbox 715 642 791 713; x_wconf 78' lang='grc' dir='ltr'>Ζεὺς</span> <span class='ocrx_word' id='word_1_24' title='bbox 815 639 931 706; x_wconf 75' lang='grc' dir='ltr'><strong>ὀλέσειε</strong></span> <span class='ocrx_word' id='word_1_25' title='bbox 954 639 1061 719; x_wconf 74' lang='grc' dir='ltr'><strong><em>γένος.</em></strong></span> 
     </span>
     <span class='ocr_line' id='line_1_5' title="bbox 156 743 1311 835; baseline 0 -19"><span class='ocrx_word' id='word_1_26' title='bbox 156 748 249 816; x_wconf 92' lang='lat' dir='ltr'><strong>nibili</strong></span> <span class='ocrx_word' id='word_1_27' title='bbox 272 757 321 815; x_wconf 87' lang='lat' dir='ltr'><strong>est</strong></span> <span class='ocrx_word' id='word_1_28' title='bbox 343 752 381 822; x_wconf 81' lang='grc' dir='ltr'><strong>ὡς</strong></span> <span class='ocrx_word' id='word_1_29' title='bbox 406 749 458 825; x_wconf 69' lang='grc' dir='ltr'><strong>δή,</strong></span> <span class='ocrx_word' id='word_1_30' title='bbox 485 749 517 813; x_wconf 93' lang='lat' dir='ltr'><strong>iu</strong></span> <span class='ocrx_word' id='word_1_31' title='bbox 542 768 605 835; x_wconf 91' lang='lat' dir='ltr'><strong>quo</strong></span> <span class='ocrx_word' id='word_1_32' title='bbox 627 747 705 814; x_wconf 89' lang='lat' dir='ltr'><strong>latet</strong></span> <span class='ocrx_word' id='word_1_33' title='bbox 733 754 796 820; x_wconf 81' lang='grc' dir='ltr'><strong>τῶς</strong></span> <span class='ocrx_word' id='word_1_34' title='bbox 823 743 861 812; x_wconf 78' lang='grc' dir='ltr'><strong>ἄν</strong></span> <span class='ocrx_word' id='word_1_35' title='bbox 884 746 1016 812; x_wconf 77' lang='lat' dir='ltr'><strong>atinum.</strong></span> <span class='ocrx_word' id='word_1_36' title='bbox 1052 756 1114 814; x_wconf 82' lang='lat' dir='ltr'><strong>AN</strong></span> <span class='ocrx_word' id='word_1_37' title='bbox 1136 756 1170 816; x_wconf 88' lang='lat' dir='ltr'><strong>et</strong></span> <span class='ocrx_word' id='word_1_38' title='bbox 1194 758 1251 815; x_wconf 82' lang='grc' dir='ltr'><strong>ΔΗ</strong></span> <span class='ocrx_word' id='word_1_39' title='bbox 1272 766 1311 816; x_wconf 82' lang='lat' dir='ltr'><strong>aar</strong></span> 
     </span>
     <span class='ocr_line' id='line_1_6' title="bbox 154 850 1311 943; baseline -0.002 -23"><span class='ocrx_word' id='word_1_40' title='bbox 154 856 288 943; x_wconf 85' lang='lat' dir='ltr'><strong>pissime</strong></span> <span class='ocrx_word' id='word_1_41' title='bbox 318 854 384 920; x_wconf 87' lang='lat' dir='ltr'><strong>vidi</strong></span> <span class='ocrx_word' id='word_1_42' title='bbox 417 853 595 941; x_wconf 87' lang='lat' dir='ltr'><strong>permutari</strong></span> <span class='ocrx_word' id='word_1_43' title='bbox 627 863 659 919; x_wconf 89' lang='lat' dir='ltr'><strong>et</strong></span> <span class='ocrx_word' id='word_1_44' title='bbox 691 855 723 919; x_wconf 89' lang='lat' dir='ltr'><strong>in</strong></span> <span class='ocrx_word' id='word_1_45' title='bbox 758 858 821 926; x_wconf 78' lang='grc' dir='ltr'><strong>σῶς</strong></span> <span class='ocrx_word' id='word_1_46' title='bbox 854 850 959 938; x_wconf 87' lang='lat' dir='ltr'><strong>prima</strong></span> <span class='ocrx_word' id='word_1_47' title='bbox 992 850 1136 920; x_wconf 88' lang='lat' dir='ltr'><strong>litterula</strong></span> <span class='ocrx_word' id='word_1_48' title='bbox 1168 852 1311 921; x_wconf 89' lang='lat' dir='ltr'><strong>intercidit</strong></span> 
     </span>
     <span class='ocr_line' id='line_1_7' title="bbox 153 957 606 1047; baseline -0.007 -20"><span class='ocrx_word' id='word_1_49' title='bbox 153 961 261 1028; x_wconf 77' lang='lat' dir='ltr'><strong>leatus</strong></span> <span class='ocrx_word' id='word_1_50' title='bbox 284 967 376 1047; x_wconf 81' lang='lat' dir='ltr'><strong>poeta</strong></span> <span class='ocrx_word' id='word_1_51' title='bbox 399 957 606 1025; x_wconf 87' lang='lat' dir='ltr'><strong>exclamavit:</strong></span> 
     </span>
    </p>

    <p class='ocr_par' dir='ltr' id='par_1_4' title="bbox 154 1061 1311 1467">
     <span class='ocr_line' id='line_1_8' title="bbox 381 1061 1075 1146; baseline -0.003 -16"><span class='ocrx_word' id='word_1_52' title='bbox 381 1071 446 1139; x_wconf 69' lang='lat' dir='ltr'><strong>arbe</strong></span> <span class='ocrx_word' id='word_1_53' title='bbox 469 1062 507 1130; x_wconf 76' lang='lat' dir='ltr'><strong>ira</strong></span> <span class='ocrx_word' id='word_1_54' title='bbox 531 1066 710 1146; x_wconf 74' lang='grc' dir='ltr'><strong><em>Κυψελιδῶν</em></strong></span> <span class='ocrx_word' id='word_1_55' title='bbox 734 1066 812 1139; x_wconf 82' lang='grc' dir='ltr'>Ζεὺς</span> <span class='ocrx_word' id='word_1_56' title='bbox 836 1063 952 1130; x_wconf 72' lang='grc' dir='ltr'><strong><em>ὀλέσειε</em></strong></span> <span class='ocrx_word' id='word_1_57' title='bbox 975 1061 1075 1141; x_wconf 72' lang='grc' dir='ltr'><strong><em>γένος.</em></strong></span> 
     </span>
     <span class='ocr_line' id='line_1_9' title="bbox 155 1164 1311 1256; baseline -0.003 -19"><span class='ocrx_word' id='word_1_58' title='bbox 155 1170 239 1253; x_wconf 85' lang='lat' dir='ltr'><strong>Quid</strong></span> <span class='ocrx_word' id='word_1_59' title='bbox 263 1171 371 1237; x_wconf 91' lang='lat' dir='ltr'><strong>notius</strong></span> <span class='ocrx_word' id='word_1_60' title='bbox 397 1176 446 1236; x_wconf 92' lang='lat' dir='ltr'><strong>est</strong></span> <span class='ocrx_word' id='word_1_61' title='bbox 468 1189 565 1256; x_wconf 90' lang='lat' dir='ltr'><strong>quam</strong></span> <span class='ocrx_word' id='word_1_62' title='bbox 588 1177 652 1244; x_wconf 74' lang='grc' dir='ltr'><strong>σῶς</strong></span> <span class='ocrx_word' id='word_1_63' title='bbox 675 1169 714 1236; x_wconf 75' lang='grc' dir='ltr'><strong>ἄν</strong></span> <span class='ocrx_word' id='word_1_64' title='bbox 738 1191 775 1237; x_wconf 94' lang='lat' dir='ltr'><strong>eo</strong></span> <span class='ocrx_word' id='word_1_65' title='bbox 795 1168 915 1237; x_wconf 79' lang='lat' dir='ltr'><strong>sensui</strong></span> <span class='ocrx_word' id='word_1_66' title='bbox 950 1165 1116 1254; x_wconf 77' lang='lat' dir='ltr'><strong>Exemplis</strong></span> <span class='ocrx_word' id='word_1_67' title='bbox 1139 1168 1239 1254; x_wconf 81' lang='lat' dir='ltr'><strong>igitur</strong></span> <span class='ocrx_word' id='word_1_68' title='bbox 1260 1164 1311 1233; x_wconf 89' lang='lat' dir='ltr'><strong>nibi</strong></span> 
     </span>
     <span class='ocr_line' id='line_1_10' title="bbox 154 1272 1311 1362; baseline -0.001 -20"><span class='ocrx_word' id='word_1_69' title='bbox 154 1295 234 1362; x_wconf 90' lang='lat' dir='ltr'><strong>opus</strong></span> <span class='ocrx_word' id='word_1_70' title='bbox 258 1284 322 1342; x_wconf 89' lang='lat' dir='ltr'><strong>est:</strong></span> <span class='ocrx_word' id='word_1_71' title='bbox 349 1274 462 1341; x_wconf 91' lang='lat' dir='ltr'><strong>utilius</strong></span> <span class='ocrx_word' id='word_1_72' title='bbox 482 1273 687 1361; x_wconf 81' lang='lat' dir='ltr'><strong>augebuntur</strong></span> <span class='ocrx_word' id='word_1_73' title='bbox 709 1286 784 1343; x_wconf 90' lang='lat' dir='ltr'><strong>nota</strong></span> <span class='ocrx_word' id='word_1_74' title='bbox 808 1273 953 1361; x_wconf 87' lang='lat' dir='ltr'><strong>exempla</strong></span> <span class='ocrx_word' id='word_1_75' title='bbox 983 1272 1053 1339; x_wconf 87' lang='lat' dir='ltr'><strong>loco</strong></span> <span class='ocrx_word' id='word_1_76' title='bbox 1076 1274 1193 1341; x_wconf 76' lang='lat' dir='ltr'><strong>incerti</strong></span> <span class='ocrx_word' id='word_1_77' title='bbox 1215 1273 1311 1361; x_wconf 75' lang='lat' dir='ltr'><strong>Tragia</strong></span> 
     </span>
     <span class='ocr_line' id='line_1_11' title="bbox 155 1373 1280 1467; baseline -0.001 -21"><span class='ocrx_word' id='word_1_78' title='bbox 155 1379 241 1467; x_wconf 92' lang='lat' dir='ltr'><strong>apud</strong></span> <span class='ocrx_word' id='word_1_79' title='bbox 265 1379 474 1446; x_wconf 75' lang='lat' dir='ltr'>Plutarchum</span> <span class='ocrx_word' id='word_1_80' title='bbox 500 1381 532 1446; x_wconf 91' lang='lat' dir='ltr'><strong>in</strong></span> <span class='ocrx_word' id='word_1_81' title='bbox 557 1379 778 1448; x_wconf 75' lang='lat' dir='ltr'><strong>Consolatione</strong></span> <span class='ocrx_word' id='word_1_82' title='bbox 800 1380 840 1449; x_wconf 91' lang='lat' dir='ltr'><strong>ad</strong></span> <span class='ocrx_word' id='word_1_83' title='bbox 864 1373 1064 1467; x_wconf 77' lang='lat' dir='ltr'><strong>Apollonium</strong></span> <span class='ocrx_word' id='word_1_84' title='bbox 1094 1400 1125 1467; x_wconf 84' lang='lat' dir='ltr'><strong>p.</strong></span> <span class='ocrx_word' id='word_1_85' title='bbox 1152 1382 1228 1447; x_wconf 82' lang='lat'><strong>106.</strong></span> <span class='ocrx_word' id='word_1_86' title='bbox 1248 1379 1280 1446; x_wconf 88' lang='lat' dir='ltr'><strong>ll.</strong></span> 
     </span>
    </p>

    <p class='ocr_par' dir='ltr' id='par_1_5' title="bbox 155 1483 930 1678">
     <span class='ocr_line' id='line_1_12' title="bbox 381 1483 930 1568; baseline -0.002 -17"><span class='ocrx_word' id='word_1_87' title='bbox 381 1483 538 1552; x_wconf 72' lang='grc' dir='ltr'><strong><em>ὦθοὶνατε</em></strong></span> <span class='ocrx_word' id='word_1_88' title='bbox 560 1487 658 1552; x_wconf 74' lang='grc' dir='ltr'><strong><em>παιὰν</em></strong></span> <span class='ocrx_word' id='word_1_89' title='bbox 680 1487 783 1568; x_wconf 74' lang='grc' dir='ltr'><strong><em>ἰατρὸς</em></strong></span> <span class='ocrx_word' id='word_1_90' title='bbox 805 1486 930 1565; x_wconf 78' lang='grc' dir='ltr'><strong><em>μόλοις,</em></strong></span> 
     </span>
     <span class='ocr_line' id='line_1_13' title="bbox 155 1589 628 1678; baseline -0.002 -21"><span class='ocrx_word' id='word_1_91' title='bbox 155 1589 211 1657; x_wconf 91' lang='lat' dir='ltr'><strong>ubi</strong></span> <span class='ocrx_word' id='word_1_92' title='bbox 235 1590 447 1678; x_wconf 85' lang='lat' dir='ltr'><strong>supplendum</strong></span> <span class='ocrx_word' id='word_1_93' title='bbox 470 1590 628 1657; x_wconf 87' lang='lat' dir='ltr'><strong>arbitror:</strong></span> 
     </span>
    </p>

    <p class='ocr_par' dir='ltr' id='par_1_6' title="bbox 154 1694 1311 1994">
     <span class='ocr_line' id='line_1_14' title="bbox 382 1694 1094 1779; baseline -0.001 -16"><span class='ocrx_word' id='word_1_94' title='bbox 382 1694 676 1774; x_wconf 65' lang='lat' dir='ltr'><strong>dirimendis,</strong></span> <span class='ocrx_word' id='word_1_95' title='bbox 700 1703 763 1771; x_wconf 81' lang='grc' dir='ltr'><strong>τῶς</strong></span> <span class='ocrx_word' id='word_1_96' title='bbox 787 1696 827 1764; x_wconf 74' lang='grc' dir='ltr'><strong>ἂν</strong></span> <span class='ocrx_word' id='word_1_97' title='bbox 850 1699 952 1779; x_wconf 75' lang='grc' dir='ltr'><strong><em>ἰατρὸς</em></strong></span> <span class='ocrx_word' id='word_1_98' title='bbox 976 1697 1094 1776; x_wconf 76' lang='grc' dir='ltr'><strong><em>μόλοις.</em></strong></span> 
     </span>
     <span class='ocr_line' id='line_1_15' title="bbox 154 1799 1311 1889; baseline -0.001 -20"><span class='ocrx_word' id='word_1_99' title='bbox 154 1802 324 1869; x_wconf 85' lang='lat' dir='ltr'><strong>Praeterea</strong></span> <span class='ocrx_word' id='word_1_100' title='bbox 349 1803 380 1867; x_wconf 90' lang='lat' dir='ltr'><strong>in</strong></span> <span class='ocrx_word' id='word_1_101' title='bbox 403 1801 513 1869; x_wconf 89' lang='lat' dir='ltr'><strong>eodem</strong></span> <span class='ocrx_word' id='word_1_102' title='bbox 536 1801 729 1888; x_wconf 78' lang='lat' dir='ltr'><strong>Antiphanis</strong></span> <span class='ocrx_word' id='word_1_103' title='bbox 752 1801 933 1889; x_wconf 79' lang='lat' dir='ltr'><strong>fragmento</strong></span> <span class='ocrx_word' id='word_1_104' title='bbox 957 1823 1004 1869; x_wconf 83' lang='lat' dir='ltr'><strong>vs.</strong></span> <span class='ocrx_word' id='word_1_105' title='bbox 1027 1807 1046 1870; x_wconf 78' lang='lat'>3</span> <span class='ocrx_word' id='word_1_106' title='bbox 1068 1799 1153 1869; x_wconf 88' lang='lat' dir='ltr'><strong>male</strong></span> <span class='ocrx_word' id='word_1_107' title='bbox 1184 1821 1221 1867; x_wconf 84' lang='lat' dir='ltr'><strong>ex</strong></span> <span class='ocrx_word' id='word_1_108' title='bbox 1254 1808 1311 1868; x_wconf 81' lang='lat' dir='ltr'><strong>uu</strong></span> 
     </span>
     <span class='ocr_line' id='line_1_16' title="bbox 155 1905 1159 1994; baseline -0.003 -20"><span class='ocrx_word' id='word_1_109' title='bbox 155 1916 335 1976; x_wconf 78' lang='grc' dir='ltr'>ΤΛΤΤΗΝ</span> <span class='ocrx_word' id='word_1_110' title='bbox 357 1905 460 1975; x_wconf 86' lang='lat' dir='ltr'><strong>iecere</strong></span> <span class='ocrx_word' id='word_1_111' title='bbox 482 1909 535 1975; x_wconf 77' lang='lat' dir='ltr'><strong>aab</strong></span> <span class='ocrx_word' id='word_1_112' title='bbox 559 1909 696 1984; x_wconf 75' lang='grc' dir='ltr'><strong><em>ταύτην,</em></strong></span> <span class='ocrx_word' id='word_1_113' title='bbox 722 1928 823 1994; x_wconf 89' lang='lat' dir='ltr'><strong>quum</strong></span> <span class='ocrx_word' id='word_1_114' title='bbox 848 1916 932 1977; x_wconf 89' lang='lat' dir='ltr'><strong>esset</strong></span> <span class='ocrx_word' id='word_1_115' title='bbox 953 1907 1025 1994; x_wconf 72' lang='grc' dir='ltr'><strong>κᾷτ’</strong></span> <span class='ocrx_word' id='word_1_116' title='bbox 1049 1909 1159 1984; x_wconf 70' lang='grc' dir='ltr'><strong><em>αὑτήν.</em></strong></span> 
     </span>
    </p>

    <p class='ocr_par' dir='ltr' id='par_1_7' title="bbox 150 2008 1311 2935">
     <span class='ocr_line' id='line_1_17' title="bbox 201 2008 1311 2101; baseline -0.002 -21"><span class='ocrx_word' id='word_1_117' title='bbox 201 2012 292 2095; x_wconf 86' lang='lat' dir='ltr'><strong>Quod</strong></span> <span class='ocrx_word' id='word_1_118' title='bbox 315 2013 348 2078; x_wconf 89' lang='lat' dir='ltr'><strong>in</strong></span> <span class='ocrx_word' id='word_1_119' title='bbox 371 2013 563 2101; x_wconf 76' lang='lat' dir='ltr'><strong>Antiphanis</strong></span> <span class='ocrx_word' id='word_1_120' title='bbox 584 2012 653 2081; x_wconf 90' lang='lat' dir='ltr'><strong>loco</strong></span> <span class='ocrx_word' id='word_1_121' title='bbox 676 2012 761 2101; x_wconf 85' lang='lat' dir='ltr'><strong>apud</strong></span> <span class='ocrx_word' id='word_1_122' title='bbox 781 2012 899 2082; x_wconf 78' lang='lat' dir='ltr'><strong>Athen.</strong></span> <span class='ocrx_word' id='word_1_123' title='bbox 923 2034 953 2101; x_wconf 87' lang='lat' dir='ltr'><strong>p.</strong></span> <span class='ocrx_word' id='word_1_124' title='bbox 980 2017 1055 2081; x_wconf 75' lang='lat' dir='ltr'><strong>eto.</strong></span> <span class='ocrx_word' id='word_1_125' title='bbox 1076 2011 1112 2080; x_wconf 75' lang='lat'><strong>1⁴¹.</strong></span> <span class='ocrx_word' id='word_1_126' title='bbox 1133 2008 1168 2079; x_wconf 79' lang='grc' dir='ltr'><strong>εὖ</strong></span> <span class='ocrx_word' id='word_1_127' title='bbox 1189 2012 1311 2095; x_wconf 64' lang='lat' dir='ltr'><strong>apaten</strong></span> 
     </span>
     <span class='ocr_line' id='line_1_18' title="bbox 154 2117 1311 2206; baseline 0.003 -23"><span class='ocrx_word' id='word_1_128' title='bbox 154 2119 219 2201; x_wconf 71' lang='grc' dir='ltr'><strong>γὰρ</strong></span> <span class='ocrx_word' id='word_1_129' title='bbox 247 2118 353 2199; x_wconf 74' lang='grc' dir='ltr'><strong><em>μισθόν</em></strong></span> <span class='ocrx_word' id='word_1_130' title='bbox 389 2140 487 2206; x_wconf 87' lang='lat' dir='ltr'><strong>supra</strong></span> <span class='ocrx_word' id='word_1_131' title='bbox 519 2119 761 2187; x_wconf 82' lang='lat' dir='ltr'><strong>emendavimus</strong></span> <span class='ocrx_word' id='word_1_132' title='bbox 798 2122 832 2186; x_wconf 76' lang='lat' dir='ltr'><strong>ai</strong></span> <span class='ocrx_word' id='word_1_133' title='bbox 875 2117 1029 2202; x_wconf 72' lang='grc' dir='ltr'><strong><em>πράξεται</em></strong></span> <span class='ocrx_word' id='word_1_134' title='bbox 1067 2119 1132 2203; x_wconf 70' lang='grc' dir='ltr'><strong>γὰρ</strong></span> <span class='ocrx_word' id='word_1_135' title='bbox 1162 2119 1268 2199; x_wconf 73' lang='grc' dir='ltr'><strong><em>μισθόν</em></strong></span> <span class='ocrx_word' id='word_1_136' title='bbox 1291 2156 1311 2169; x_wconf 95' lang='grc'>-</span> 
     </span>
     <span class='ocr_line' id='line_1_19' title="bbox 154 2222 1311 2312; baseline 0.002 -23"><span class='ocrx_word' id='word_1_137' title='bbox 154 2222 299 2300; x_wconf 72' lang='grc' dir='ltr'><strong>συλλέξει</strong></span> <span class='ocrx_word' id='word_1_138' title='bbox 322 2224 427 2306; x_wconf 76' lang='grc' dir='ltr'><strong><em>συχνοί</em></strong></span> <span class='ocrx_word' id='word_1_139' title='bbox 450 2224 600 2293; x_wconf 79' lang='lat' dir='ltr'><strong>admonet</strong></span> <span class='ocrx_word' id='word_1_140' title='bbox 622 2245 674 2292; x_wconf 90' lang='lat' dir='ltr'><strong>me</strong></span> <span class='ocrx_word' id='word_1_141' title='bbox 695 2224 758 2292; x_wconf 91' lang='lat' dir='ltr'><strong>loci</strong></span> <span class='ocrx_word' id='word_1_142' title='bbox 782 2223 866 2312; x_wconf 90' lang='lat' dir='ltr'><strong>apud</strong></span> <span class='ocrx_word' id='word_1_143' title='bbox 887 2223 1103 2304; x_wconf 72' lang='lat' dir='ltr'><strong>Andocidem,</strong></span> <span class='ocrx_word' id='word_1_144' title='bbox 1133 2224 1188 2291; x_wconf 93' lang='lat' dir='ltr'><strong>ubi</strong></span> <span class='ocrx_word' id='word_1_145' title='bbox 1219 2233 1311 2292; x_wconf 85' lang='lat' dir='ltr'><strong>contu</strong></span> 
     </span>
     <span class='ocr_line' id='line_1_20' title="bbox 154 2328 1311 2417; baseline 0.003 -24"><span class='ocrx_word' id='word_1_146' title='bbox 154 2329 203 2393; x_wconf 92' lang='lat' dir='ltr'><strong>rio</strong></span> <span class='ocrx_word' id='word_1_147' title='bbox 224 2329 302 2394; x_wconf 87' lang='lat' dir='ltr'><strong>vitio</strong></span> <span class='ocrx_word' id='word_1_148' title='bbox 325 2330 449 2396; x_wconf 87' lang='lat' dir='ltr'><strong>scribae</strong></span> <span class='ocrx_word' id='word_1_149' title='bbox 471 2338 658 2417; x_wconf 87' lang='lat' dir='ltr'><strong>peccarunt.</strong></span> <span class='ocrx_word' id='word_1_150' title='bbox 708 2330 826 2399; x_wconf 82' lang='lat' dir='ltr'><strong>Editur</strong></span> <span class='ocrx_word' id='word_1_151' title='bbox 845 2328 932 2417; x_wconf 87' lang='lat' dir='ltr'><strong>apud</strong></span> <span class='ocrx_word' id='word_1_152' title='bbox 958 2328 1078 2396; x_wconf 78' lang='lat' dir='ltr'><strong>Andoc.</strong></span> <span class='ocrx_word' id='word_1_153' title='bbox 1109 2331 1177 2412; x_wconf 76' lang='grc' dir='ltr'><strong>περὶ</strong></span> <span class='ocrx_word' id='word_1_154' title='bbox 1203 2337 1262 2398; x_wconf 80' lang='grc' dir='ltr'><strong>τῶν</strong></span> <span class='ocrx_word' id='word_1_155' title='bbox 1281 2352 1311 2409; x_wconf 73' lang='lat' dir='ltr'><strong>nr</strong></span> 
     </span>
     <span class='ocr_line' id='line_1_21' title="bbox 153 2432 1311 2523; baseline 0.001 -21"><span class='ocrx_word' id='word_1_156' title='bbox 153 2434 260 2515; x_wconf 68' lang='grc' dir='ltr'><strong><em>τομίων</em></strong></span> <span class='ocrx_word' id='word_1_157' title='bbox 285 2432 308 2523; x_wconf 69' lang='lat' dir='ltr'>S</span> <span class='ocrx_word' id='word_1_158' title='bbox 333 2438 407 2501; x_wconf 82' lang='lat'>130.</span> <span class='ocrx_word' id='word_1_159' title='bbox 439 2437 473 2501; x_wconf 77' lang='lat' dir='ltr'><strong>ai</strong></span> <span class='ocrx_word' id='word_1_160' title='bbox 502 2436 566 2517; x_wconf 73' lang='grc' dir='ltr'><strong>γὰρ</strong></span> <span class='ocrx_word' id='word_1_161' title='bbox 597 2438 772 2516; x_wconf 70' lang='grc' dir='ltr'><strong><em>μέμνησθε,</em></strong></span> <span class='ocrx_word' id='word_1_162' title='bbox 800 2433 851 2502; x_wconf 74' lang='grc' dir='ltr'><strong>ὅτε</strong></span> <span class='ocrx_word' id='word_1_163' title='bbox 877 2438 893 2512; x_wconf 74' lang='grc' dir='ltr'><strong><em>ἡ</em></strong></span> <span class='ocrx_word' id='word_1_164' title='bbox 917 2434 1008 2510; x_wconf 73' lang='grc' dir='ltr'><strong><em>πόλις</em></strong></span> <span class='ocrx_word' id='word_1_165' title='bbox 1033 2434 1110 2518; x_wconf 74' lang='grc' dir='ltr'><strong>ἦρχε</strong></span> <span class='ocrx_word' id='word_1_166' title='bbox 1141 2442 1200 2502; x_wconf 83' lang='grc' dir='ltr'><strong>τῶν</strong></span> <span class='ocrx_word' id='word_1_167' title='bbox 1227 2435 1311 2512; x_wconf 69' lang='lat' dir='ltr'><strong>‘Ebtl</strong></span> 
     </span>
     <span class='ocr_line' id='line_1_22' title="bbox 154 2539 1311 2620; baseline 0.003 -16"><span class='ocrx_word' id='word_1_168' title='bbox 154 2563 209 2604; x_wconf 88' lang='grc' dir='ltr'><strong>νων</strong></span> <span class='ocrx_word' id='word_1_169' title='bbox 242 2539 295 2606; x_wconf 75' lang='grc' dir='ltr'><strong>καὶ</strong></span> <span class='ocrx_word' id='word_1_170' title='bbox 322 2540 494 2620; x_wconf 72' lang='grc' dir='ltr'><strong><em>εὐδαιμόνει</em></strong></span> <span class='ocrx_word' id='word_1_171' title='bbox 522 2540 666 2619; x_wconf 62' lang='lat' dir='ltr'><strong>eritrea,</strong></span> <span class='ocrx_word' id='word_1_172' title='bbox 697 2541 867 2616; x_wconf 75' lang='grc' dir='ltr'><strong><em>Ἱππόνικος</em></strong></span> <span class='ocrx_word' id='word_1_173' title='bbox 896 2541 927 2608; x_wconf 75' lang='grc' dir='ltr'><strong>δὲ</strong></span> <span class='ocrx_word' id='word_1_174' title='bbox 960 2540 994 2619; x_wconf 76' lang='grc' dir='ltr'><strong>ἦν</strong></span> <span class='ocrx_word' id='word_1_175' title='bbox 1022 2543 1254 2616; x_wconf 78' lang='grc' dir='ltr'><strong><em>πλουσιώτατος</em></strong></span> <span class='ocrx_word' id='word_1_176' title='bbox 1279 2544 1311 2608; x_wconf 80' lang='lat' dir='ltr'><strong>cri</strong></span> 
     </span>
     <span class='ocr_line' id='line_1_23' title="bbox 153 2644 1311 2728; baseline 0.003 -18"><span class='ocrx_word' id='word_1_177' title='bbox 153 2647 328 2722; x_wconf 75' lang='grc' dir='ltr'><strong><em>Ἑλλήνων,</em></strong></span> <span class='ocrx_word' id='word_1_178' title='bbox 361 2645 433 2711; x_wconf 80' lang='grc' dir='ltr'><strong><em>τότε</em></strong></span> <span class='ocrx_word' id='word_1_179' title='bbox 457 2647 566 2726; x_wconf 80' lang='grc' dir='ltr'><strong><em>μέντοι</em></strong></span> <span class='ocrx_word' id='word_1_180' title='bbox 599 2645 714 2721; x_wconf 73' lang='grc' dir='ltr'><strong><em>τοὶντες</em></strong></span> <span class='ocrx_word' id='word_1_181' title='bbox 746 2647 792 2716; x_wconf 77' lang='grc' dir='ltr'><strong>ἴτε</strong></span> <span class='ocrx_word' id='word_1_182' title='bbox 820 2644 866 2713; x_wconf 74' lang='grc' dir='ltr'><strong>ὅτι</strong></span> <span class='ocrx_word' id='word_1_183' title='bbox 895 2649 962 2714; x_wconf 79' lang='grc' dir='ltr'><strong>ντὲ.</strong></span> <span class='ocrx_word' id='word_1_184' title='bbox 988 2646 1100 2728; x_wconf 66' lang='lat' dir='ltr'><strong>Quod</strong></span> <span class='ocrx_word' id='word_1_185' title='bbox 1125 2648 1158 2713; x_wconf 86' lang='lat' dir='ltr'><strong>in</strong></span> <span class='ocrx_word' id='word_1_186' title='bbox 1180 2646 1231 2713; x_wconf 88' lang='lat' dir='ltr'><strong>his</strong></span> <span class='ocrx_word' id='word_1_187' title='bbox 1251 2647 1311 2713; x_wconf 80' lang='lat' dir='ltr'><strong>vitiu</strong></span> 
     </span>
     <span class='ocr_line' id='line_1_24' title="bbox 153 2748 1311 2838; baseline 0.003 -23"><span class='ocrx_word' id='word_1_188' title='bbox 153 2769 224 2815; x_wconf 91' lang='lat' dir='ltr'><strong>sum</strong></span> <span class='ocrx_word' id='word_1_189' title='bbox 248 2757 297 2814; x_wconf 89' lang='lat' dir='ltr'><strong>est</strong></span> <span class='ocrx_word' id='word_1_190' title='bbox 310 2749 406 2816; x_wconf 92' lang='lat' dir='ltr'><strong>simul</strong></span> <span class='ocrx_word' id='word_1_191' title='bbox 429 2750 551 2837; x_wconf 87' lang='lat' dir='ltr'><strong>patebit</strong></span> <span class='ocrx_word' id='word_1_192' title='bbox 568 2759 600 2817; x_wconf 90' lang='lat' dir='ltr'><strong>et</strong></span> <span class='ocrx_word' id='word_1_193' title='bbox 622 2752 789 2818; x_wconf 89' lang='lat' dir='ltr'><strong>sanabitur</strong></span> <span class='ocrx_word' id='word_1_194' title='bbox 806 2753 834 2817; x_wconf 93' lang='lat' dir='ltr'><strong>si</strong></span> <span class='ocrx_word' id='word_1_195' title='bbox 852 2751 982 2838; x_wconf 83' lang='lat' dir='ltr'><strong>legeris:</strong></span> <span class='ocrx_word' id='word_1_196' title='bbox 1007 2748 1040 2819; x_wconf 78' lang='grc' dir='ltr'><strong>εὖ</strong></span> <span class='ocrx_word' id='word_1_197' title='bbox 1052 2752 1116 2834; x_wconf 74' lang='grc' dir='ltr'><strong>γὰρ</strong></span> <span class='ocrx_word' id='word_1_198' title='bbox 1128 2754 1311 2834; x_wconf 70' lang='grc' dir='ltr'><strong><em>μέμνησθε-</em></strong></span> 
     </span>
     <span class='ocr_line' id='line_1_25' title="bbox 150 2855 925 2935; baseline 0.003 -15"><span class='ocrx_word' id='word_1_199' title='bbox 150 2861 209 2920; x_wconf 81' lang='grc' dir='ltr'><strong>τῶν</strong></span> <span class='ocrx_word' id='word_1_200' title='bbox 233 2857 408 2933; x_wconf 67' lang='grc' dir='ltr'><strong><em>Ἑλλήνων,</em></strong></span> <span class='ocrx_word' id='word_1_201' title='bbox 430 2855 503 2922; x_wconf 69' lang='grc' dir='ltr'><strong>τότε</strong></span> <span class='ocrx_word' id='word_1_202' title='bbox 525 2857 629 2935; x_wconf 76' lang='grc' dir='ltr'><strong><em>μέντοι</em></strong></span> <span class='ocrx_word' id='word_1_203' title='bbox 654 2857 771 2932; x_wconf 70' lang='grc' dir='ltr'><strong><em>πάντες</em></strong></span> <span class='ocrx_word' id='word_1_204' title='bbox 789 2856 836 2927; x_wconf 68' lang='lat' dir='ltr'><strong>tea</strong></span> <span class='ocrx_word' id='word_1_205' title='bbox 860 2859 925 2923; x_wconf 83' lang='grc' dir='ltr'><strong>κτὲ.</strong></span> 
     </span>
    </p>

    <p class='ocr_par' dir='ltr' id='par_1_8' title="bbox 150 2959 1311 4209">
     <span class='ocr_line' id='line_1_26' title="bbox 197 2959 1311 3050; baseline 0.006 -24"><span class='ocrx_word' id='word_1_206' title='bbox 197 2959 389 3027; x_wconf 78' lang='lat' dir='ltr'><strong>Rectissime</strong></span> <span class='ocrx_word' id='word_1_207' title='bbox 416 2960 588 3028; x_wconf 81' lang='lat' dir='ltr'><strong>Eliusleius</strong></span> <span class='ocrx_word' id='word_1_208' title='bbox 615 2963 648 3026; x_wconf 91' lang='lat' dir='ltr'><strong>in</strong></span> <span class='ocrx_word' id='word_1_209' title='bbox 677 2962 869 3050; x_wconf 81' lang='lat' dir='ltr'><strong>Antiphanis</strong></span> <span class='ocrx_word' id='word_1_210' title='bbox 899 2961 1080 3048; x_wconf 75' lang='lat' dir='ltr'><strong>fragmento</strong></span> <span class='ocrx_word' id='word_1_211' title='bbox 1108 2964 1193 3050; x_wconf 81' lang='lat' dir='ltr'><strong>apud</strong></span> <span class='ocrx_word' id='word_1_212' title='bbox 1224 2963 1311 3033; x_wconf 75' lang='lat' dir='ltr'><strong>luc</strong></span> 
     </span>
     <span class='ocr_line' id='line_1_27' title="bbox 150 3066 1183 3153; baseline 0.005 -23"><span class='ocrx_word' id='word_1_213' title='bbox 150 3085 181 3153; x_wconf 88' lang='lat' dir='ltr'><strong>p.</strong></span> <span class='ocrx_word' id='word_1_214' title='bbox 207 3068 282 3133; x_wconf 71' lang='lat'>299.</span> <span class='ocrx_word' id='word_1_215' title='bbox 305 3066 341 3135; x_wconf 77' lang='lat' dir='ltr'><strong>E.</strong></span> <span class='ocrx_word' id='word_1_216' title='bbox 502 3068 520 3143; x_wconf 75' lang='grc' dir='ltr'><strong><em>ἢ</em></strong></span> <span class='ocrx_word' id='word_1_217' title='bbox 541 3067 635 3134; x_wconf 79' lang='grc' dir='ltr'><strong><em>πλέον</em></strong></span> <span class='ocrx_word' id='word_1_218' title='bbox 658 3070 856 3136; x_wconf 71' lang='grc' dir='ltr'><strong><em>ἀναλώσασιν</em></strong></span> <span class='ocrx_word' id='word_1_219' title='bbox 877 3069 1050 3151; x_wconf 74' lang='grc' dir='ltr'><strong><em>δσφιᾶοθαι</em></strong></span> <span class='ocrx_word' id='word_1_220' title='bbox 1074 3067 1183 3147; x_wconf 65' lang='grc' dir='ltr'><strong><em>μόνον.</em></strong></span> 
     </span>
     <span class='ocr_line' id='line_1_28' title="bbox 151 3169 1311 3261; baseline 0.002 -23"><span class='ocrx_word' id='word_1_221' title='bbox 151 3170 275 3238; x_wconf 88' lang='lat' dir='ltr'><strong>loedam</strong></span> <span class='ocrx_word' id='word_1_222' title='bbox 298 3169 448 3239; x_wconf 86' lang='lat' dir='ltr'><strong>mendam</strong></span> <span class='ocrx_word' id='word_1_223' title='bbox 472 3171 681 3259; x_wconf 86' lang='lat' dir='ltr'><strong>deprehendit</strong></span> <span class='ocrx_word' id='word_1_224' title='bbox 701 3182 733 3240; x_wconf 86' lang='lat' dir='ltr'><strong>ct</strong></span> <span class='ocrx_word' id='word_1_225' title='bbox 754 3183 866 3261; x_wconf 84' lang='lat' dir='ltr'><strong>poetae</strong></span> <span class='ocrx_word' id='word_1_226' title='bbox 887 3192 983 3239; x_wconf 91' lang='lat' dir='ltr'><strong>suum</strong></span> <span class='ocrx_word' id='word_1_227' title='bbox 1004 3173 1170 3256; x_wconf 72' lang='grc' dir='ltr'><strong><em>ὀσφρέσθαι</em></strong></span> <span class='ocrx_word' id='word_1_228' title='bbox 1191 3173 1311 3243; x_wconf 87' lang='lat' dir='ltr'><strong>reddidi</strong></span> 
     </span>
     <span class='ocr_line' id='line_1_29' title="bbox 153 3277 1311 3365; baseline 0.003 -20"><span class='ocrx_word' id='word_1_229' title='bbox 153 3277 255 3365; x_wconf 85' lang='lat' dir='ltr'><strong>Saepe</strong></span> <span class='ocrx_word' id='word_1_230' title='bbox 276 3277 323 3343; x_wconf 89' lang='lat' dir='ltr'><strong>sic</strong></span> <span class='ocrx_word' id='word_1_231' title='bbox 345 3277 493 3344; x_wconf 83' lang='lat' dir='ltr'><strong>Graeculi</strong></span> <span class='ocrx_word' id='word_1_232' title='bbox 517 3286 645 3355; x_wconf 87' lang='lat' dir='ltr'><strong>errant,</strong></span> <span class='ocrx_word' id='word_1_233' title='bbox 670 3281 725 3365; x_wconf 86' lang='lat' dir='ltr'><strong>qui</strong></span> <span class='ocrx_word' id='word_1_234' title='bbox 747 3281 826 3345; x_wconf 82' lang='lat' dir='ltr'><strong>satis</strong></span> <span class='ocrx_word' id='word_1_235' title='bbox 847 3286 1033 3345; x_wconf 85' lang='lat' dir='ltr'><strong>constanter</strong></span> <span class='ocrx_word' id='word_1_236' title='bbox 1055 3280 1216 3362; x_wconf 70' lang='grc' dir='ltr'><strong><em>ἀφείλατο</em></strong></span> <span class='ocrx_word' id='word_1_237' title='bbox 1241 3278 1311 3349; x_wconf 80' lang='lat' dir='ltr'><strong>etri</strong></span> 
     </span>
     <span class='ocr_line' id='line_1_30' title="bbox 151 3381 1311 3473; baseline 0.004 -25"><span class='ocrx_word' id='word_1_238' title='bbox 151 3406 226 3464; x_wconf 80' lang='grc' dir='ltr'><strong><em>ρατο</em></strong></span> <span class='ocrx_word' id='word_1_239' title='bbox 248 3388 281 3449; x_wconf 91' lang='lat' dir='ltr'><strong>et</strong></span> <span class='ocrx_word' id='word_1_240' title='bbox 304 3383 377 3447; x_wconf 88' lang='lat' dir='ltr'><strong>sim.</strong></span> <span class='ocrx_word' id='word_1_241' title='bbox 415 3381 584 3449; x_wconf 85' lang='lat' dir='ltr'><strong>Veteribus</strong></span> <span class='ocrx_word' id='word_1_242' title='bbox 608 3384 786 3465; x_wconf 87' lang='lat' dir='ltr'><strong>obtrudunt</strong></span> <span class='ocrx_word' id='word_1_243' title='bbox 806 3392 838 3450; x_wconf 92' lang='lat' dir='ltr'><strong>et</strong></span> <span class='ocrx_word' id='word_1_244' title='bbox 861 3385 1027 3470; x_wconf 90' lang='lat' dir='ltr'><strong>antiquam</strong></span> <span class='ocrx_word' id='word_1_245' title='bbox 1059 3383 1197 3452; x_wconf 80' lang='lat' dir='ltr'><strong>formam</strong></span> <span class='ocrx_word' id='word_1_246' title='bbox 1227 3389 1311 3473; x_wconf 69' lang='grc' dir='ltr'><strong><em>ὠσφι</em></strong></span> 
     </span>
     <span class='ocr_line' id='line_1_31' title="bbox 152 3487 1311 3576; baseline 0.003 -22"><span class='ocrx_word' id='word_1_247' title='bbox 152 3512 214 3568; x_wconf 76' lang='grc' dir='ltr'><strong>μιν</strong></span> <span class='ocrx_word' id='word_1_248' title='bbox 238 3495 295 3553; x_wconf 85' lang='lat' dir='ltr'><strong>aut</strong></span> <span class='ocrx_word' id='word_1_249' title='bbox 318 3487 349 3551; x_wconf 86' lang='lat' dir='ltr'><strong>in</strong></span> <span class='ocrx_word' id='word_1_250' title='bbox 375 3489 546 3571; x_wconf 77' lang='grc' dir='ltr'><strong><em>ὤσφρώμνν</em></strong></span> <span class='ocrx_word' id='word_1_251' title='bbox 569 3500 783 3576; x_wconf 83' lang='lat' dir='ltr'><strong>corruperunt</strong></span> <span class='ocrx_word' id='word_1_252' title='bbox 805 3497 858 3556; x_wconf 85' lang='lat' dir='ltr'><strong>aul</strong></span> <span class='ocrx_word' id='word_1_253' title='bbox 893 3490 926 3554; x_wconf 89' lang='lat' dir='ltr'><strong>in</strong></span> <span class='ocrx_word' id='word_1_254' title='bbox 959 3488 1141 3573; x_wconf 71' lang='grc' dir='ltr'><strong><em>ιἰοφροέμνν.</em></strong></span> <span class='ocrx_word' id='word_1_255' title='bbox 1177 3494 1311 3576; x_wconf 59' lang='lat' dir='ltr'><strong>’acori</strong></span> 
     </span>
     <span class='ocr_line' id='line_1_32' title="bbox 151 3593 1311 3685; baseline 0.005 -27"><span class='ocrx_word' id='word_1_256' title='bbox 151 3616 201 3658; x_wconf 79' lang='lat' dir='ltr'><strong>rc:</strong></span> <span class='ocrx_word' id='word_1_257' title='bbox 235 3598 388 3667; x_wconf 71' lang='grc' dir='ltr'><strong><em>συνῆκαν,</em></strong></span> <span class='ocrx_word' id='word_1_258' title='bbox 423 3594 564 3676; x_wconf 70' lang='grc' dir='ltr'><strong><em>ᾔσθοντο,</em></strong></span> <span class='ocrx_word' id='word_1_259' title='bbox 598 3593 737 3672; x_wconf 78' lang='grc' dir='ltr'><strong><em>ἔγνωσαν</em></strong></span> <span class='ocrx_word' id='word_1_260' title='bbox 762 3594 847 3682; x_wconf 84' lang='lat' dir='ltr'><strong>apud</strong></span> <span class='ocrx_word' id='word_1_261' title='bbox 878 3595 1073 3684; x_wconf 81' lang='lat' dir='ltr'><strong>Hesychium</strong></span> <span class='ocrx_word' id='word_1_262' title='bbox 1107 3617 1145 3662; x_wconf 88' lang='lat' dir='ltr'><strong>ex</strong></span> <span class='ocrx_word' id='word_1_263' title='bbox 1176 3594 1311 3685; x_wconf 73' lang='lat' dir='ltr'><strong>Aristopl</strong></span> 
     </span>
     <span class='ocr_line' id='line_1_33' title="bbox 152 3695 1311 3785; baseline 0.003 -20"><span class='ocrx_word' id='word_1_264' title='bbox 152 3695 292 3765; x_wconf 75' lang='lat' dir='ltr'><strong>Acheru.</strong></span> <span class='ocrx_word' id='word_1_265' title='bbox 319 3702 393 3766; x_wconf 81' lang='lat'><strong>179.</strong></span> <span class='ocrx_word' id='word_1_266' title='bbox 418 3701 445 3765; x_wconf 84' lang='lat' dir='ltr'><strong>oi</strong></span> <span class='ocrx_word' id='word_1_267' title='bbox 469 3700 496 3765; x_wconf 73' lang='grc' dir='ltr'><strong>δ’</strong></span> <span class='ocrx_word' id='word_1_268' title='bbox 518 3701 671 3785; x_wconf 80' lang='grc' dir='ltr'><strong><em>ὤσφροντο</em></strong></span> <span class='ocrx_word' id='word_1_269' title='bbox 693 3699 872 3781; x_wconf 76' lang='grc' dir='ltr'><strong><em>πρεσβῦταί</em></strong></span> <span class='ocrx_word' id='word_1_270' title='bbox 894 3724 972 3774; x_wconf 80' lang='grc' dir='ltr'><strong><em>τινες</em></strong></span> <span class='ocrx_word' id='word_1_271' title='bbox 995 3703 1135 3767; x_wconf 81' lang='lat' dir='ltr'><strong>correxit</strong></span> <span class='ocrx_word' id='word_1_272' title='bbox 1157 3699 1311 3769; x_wconf 77' lang='lat' dir='ltr'><strong>Elmsleitt</strong></span> 
     </span>
     <span class='ocr_line' id='line_1_34' title="bbox 154 3801 1311 3889; baseline 0.005 -20"><span class='ocrx_word' id='word_1_273' title='bbox 154 3802 190 3869; x_wconf 90' lang='lat' dir='ltr'><strong>ln</strong></span> <span class='ocrx_word' id='word_1_274' title='bbox 215 3801 373 3868; x_wconf 85' lang='lat' dir='ltr'><strong>Herodoto</strong></span> <span class='ocrx_word' id='word_1_275' title='bbox 395 3803 420 3868; x_wconf 94' lang='lat' dir='ltr'><strong>l.</strong></span> <span class='ocrx_word' id='word_1_276' title='bbox 446 3807 499 3871; x_wconf 89' lang='grc'><strong>80.</strong></span> <span class='ocrx_word' id='word_1_277' title='bbox 521 3808 560 3879; x_wconf 78' lang='grc' dir='ltr'><strong>ὡς</strong></span> <span class='ocrx_word' id='word_1_278' title='bbox 584 3805 737 3889; x_wconf 80' lang='grc' dir='ltr'><strong><em>ὄσφραντο</em></strong></span> <span class='ocrx_word' id='word_1_279' title='bbox 761 3805 886 3887; x_wconf 75' lang='grc' dir='ltr'><strong><em>τοὲχιςα</em></strong></span> <span class='ocrx_word' id='word_1_280' title='bbox 910 3813 969 3871; x_wconf 78' lang='grc' dir='ltr'><strong>τῶν</strong></span> <span class='ocrx_word' id='word_1_281' title='bbox 1000 3808 1150 3885; x_wconf 59' lang='grc' dir='ltr'><strong><em>καμήλων</em></strong></span> <span class='ocrx_word' id='word_1_282' title='bbox 1180 3809 1207 3872; x_wconf 79' lang='grc' dir='ltr'><strong>οἱ</strong></span> <span class='ocrx_word' id='word_1_283' title='bbox 1237 3806 1311 3875; x_wconf 80' lang='lat' dir='ltr'><strong>i&#39;m</strong></span> 
     </span>
     <span class='ocr_line' id='line_1_35' title="bbox 151 3906 1311 3998; baseline 0.006 -24"><span class='ocrx_word' id='word_1_284' title='bbox 151 3906 240 3974; x_wconf 89' lang='lat' dir='ltr'><strong>nulla</strong></span> <span class='ocrx_word' id='word_1_285' title='bbox 264 3914 312 3974; x_wconf 91' lang='lat' dir='ltr'><strong>cst</strong></span> <span class='ocrx_word' id='word_1_286' title='bbox 335 3907 509 3988; x_wconf 85' lang='lat' dir='ltr'><strong>dubitatio,</strong></span> <span class='ocrx_word' id='word_1_287' title='bbox 533 3913 611 3998; x_wconf 86' lang='lat' dir='ltr'><strong>quin</strong></span> <span class='ocrx_word' id='word_1_288' title='bbox 636 3912 780 3996; x_wconf 75' lang='grc' dir='ltr'><strong><em>ὅσφριντο</em></strong></span> <span class='ocrx_word' id='word_1_289' title='bbox 810 3912 851 3976; x_wconf 89' lang='lat' dir='ltr'><strong>sit</strong></span> <span class='ocrx_word' id='word_1_290' title='bbox 874 3910 1129 3979; x_wconf 85' lang='lat' dir='ltr'><strong>rescribendum.</strong></span> <span class='ocrx_word' id='word_1_291' title='bbox 1175 3911 1311 3981; x_wconf 83' lang='lat' dir='ltr'><strong>Graecul</strong></span> 
     </span>
     <span class='ocr_line' id='line_1_36' title="bbox 152 4015 1311 4106; baseline 0.008 -27"><span class='ocrx_word' id='word_1_292' title='bbox 152 4021 186 4085; x_wconf 85' lang='lat' dir='ltr'><strong>et</strong></span> <span class='ocrx_word' id='word_1_293' title='bbox 205 4015 391 4102; x_wconf 54' lang='lat' dir='ltr'><strong>pobleslrim</strong></span> <span class='ocrx_word' id='word_1_294' title='bbox 418 4015 537 4102; x_wconf 85' lang='lat' dir='ltr'><strong>quibus</strong></span> <span class='ocrx_word' id='word_1_295' title='bbox 567 4020 729 4100; x_wconf 78' lang='grc' dir='ltr'><strong><em>δσφρῶμαι</em></strong></span> <span class='ocrx_word' id='word_1_296' title='bbox 756 4026 788 4084; x_wconf 89' lang='lat' dir='ltr'><strong>et</strong></span> <span class='ocrx_word' id='word_1_297' title='bbox 816 4018 1030 4102; x_wconf 68' lang='grc' dir='ltr'><strong><em>ὥσφρνσαμην</em></strong></span> <span class='ocrx_word' id='word_1_298' title='bbox 1062 4017 1183 4106; x_wconf 83' lang='lat' dir='ltr'><strong>plaettit</strong></span> <span class='ocrx_word' id='word_1_299' title='bbox 1213 4018 1311 4089; x_wconf 77' lang='lat' dir='ltr'><strong>dicett</strong></span> 
     </span>
     <span class='ocr_line' id='line_1_37' title="bbox 153 4119 793 4209; baseline 0.005 -24"><span class='ocrx_word' id='word_1_300' title='bbox 153 4139 229 4188; x_wconf 86' lang='lat' dir='ltr'><strong>suos</strong></span> <span class='ocrx_word' id='word_1_301' title='bbox 251 4139 376 4186; x_wconf 86' lang='lat' dir='ltr'><strong>errores</strong></span> <span class='ocrx_word' id='word_1_302' title='bbox 398 4119 547 4187; x_wconf 85' lang='lat' dir='ltr'><strong>lubenter</strong></span> <span class='ocrx_word' id='word_1_303' title='bbox 570 4122 793 4209; x_wconf 89' lang='lat' dir='ltr'><strong>relinquimus.</strong></span> 
     </span>
    </p>

    <p class='ocr_par' dir='ltr' id='par_1_9' title="bbox 148 4225 1311 4423">
     <span class='ocr_line' id='line_1_38' title="bbox 206 4225 1311 4317; baseline 0.01 -25"><span class='ocrx_word' id='word_1_304' title='bbox 206 4225 442 4312; x_wconf 79' lang='lat' dir='ltr'><strong>Turpissimum</strong></span> <span class='ocrx_word' id='word_1_305' title='bbox 476 4225 712 4294; x_wconf 88' lang='lat' dir='ltr'><strong>barbarismum</strong></span> <span class='ocrx_word' id='word_1_306' title='bbox 740 4229 916 4317; x_wconf 76' lang='lat' dir='ltr'><strong>Antiphani</strong></span> <span class='ocrx_word' id='word_1_307' title='bbox 943 4229 1085 4296; x_wconf 91' lang='lat' dir='ltr'><strong>obtrudit</strong></span> <span class='ocrx_word' id='word_1_308' title='bbox 1118 4231 1311 4303; x_wconf 64' lang='lat' dir='ltr'><strong>Antiatticis‘</strong></span> 
     </span>
     <span class='ocr_line' id='line_1_39' title="bbox 148 4335 1311 4423; baseline 0.014 -30"><span class='ocrx_word' id='word_1_309' title='bbox 148 4348 179 4414; x_wconf 83' lang='lat' dir='ltr'><strong>p.</strong></span> <span class='ocrx_word' id='word_1_310' title='bbox 210 4335 270 4409; x_wconf 84' lang='grc'><strong>98,</strong></span> <span class='ocrx_word' id='word_1_311' title='bbox 302 4335 354 4398; x_wconf 71' lang='lat'><strong>28.</strong></span> <span class='ocrx_word' id='word_1_312' title='bbox 391 4335 559 4413; x_wconf 77' lang='grc' dir='ltr'><strong><em>Ἧκροοῖσοε</em></strong></span> <span class='ocrx_word' id='word_1_313' title='bbox 595 4336 664 4400; x_wconf 74' lang='grc' dir='ltr'><strong>ἀντὶ</strong></span> <span class='ocrx_word' id='word_1_314' title='bbox 696 4342 749 4402; x_wconf 80' lang='grc' dir='ltr'><strong>του</strong></span> <span class='ocrx_word' id='word_1_315' title='bbox 783 4339 882 4415; x_wconf 75' lang='grc' dir='ltr'><strong><em>ἠκροῶ.</em></strong></span> <span class='ocrx_word' id='word_1_316' title='bbox 919 4335 1111 4420; x_wconf 75' lang='grc' dir='ltr'><strong><em>’Λντιφοὶννο</em></strong></span> <span class='ocrx_word' id='word_1_317' title='bbox 1141 4339 1311 4423; x_wconf 59' lang='lat' dir='ltr'><strong>’exinavit</strong></span> 
     </span>
    </p>
   </div>
   <div class='ocr_carea' id='block_1_3' title="bbox 0 0 1474 5010">
    <p class='ocr_par' dir='ltr' id='par_1_10' title="bbox 0 0 1474 5010">
     <span class='ocr_line' id='line_1_40' title="bbox 0 0 1474 5010; baseline 0 0"><span class='ocrx_word' id='word_1_318' title='bbox 0 0 1474 5010; x_wconf 95' lang='lat' dir='ltr'><strong> </strong></span> 
     </span>
    </p>
   </div>
  </div>
 </body>
</html>
