2940 5010
698 292 764 354 646

178 464 293 545 ἔγχει,
316 463 421 530 ιιθαθι.
444 460 549 531 ποῦσθ’
573 467 590 541 ή
613 462 724 541 κύλιξι
747 466 992 549 λιανίζουσα.
1017 474 1203 551 σεαυτήν.

133 567 218 634 unde
241 568 320 635 hene
343 566 527 635 Dindorfius
550 567 681 642 elicuit:
705 568 853 653 διάνιζ’
876 574 992 638 ίοῦσα
1015 576 1146 653 σαυτήν.
1194 574 1232 643 ln
1250 576 1305 645 An·

133 673 287 761 iiplrontis
309 676 500 759 τετραλογία
522 685 561 741 Α.
581 675 617 753 β.
639 680 658 739 3
683 683 714 739 el
738 680 770 743 ί.
796 676 1003 743 scribendum
1026 686 1077 745 est
1097 682 1156 757 τήν
1177 682 1306 765 ὑποψίαν

132 780 175 852 είς
198 781 254 859 ἐμὲ
276 781 412 846 ίοῦσαν
436 789 468 845 ei
499 781 572 864 §6.
598 782 616 857 ή
639 780 760 862 ὑποψίαι
787 784 830 855 είς
860 783 916 862 ἐμὲ
942 785 1054 849 iodea
1078 802 1140 871 pro
1162 780 1258 853 οὖσαν
1279 796 1310 855 ei

130 882 230 963 οὖσα,
252 894 284 950 et
306 885 353 951 sio
376 886 439 950 iam
464 885 632 951 Reiskium
655 884 794 953 uoluisse
818 886 919 954 uideo.
966 888 1078 957 Fidem
1104 888 1207 957 faciet
1226 888 1310 959 Ιυουι

133 992 166 1057 in
190 992 308 1058 vicinia
333 1002 373 1057 A.
397 1015 431 1069 γ.
454 994 485 1056 2.
510 993 553 1064 είς
577 996 701 1065 τούτους
721 988 760 1058 άν
781 995 799 1069 ή
820 993 940 1075 ὑποψία
964 990 1066 1069 ήαεν.

177 1096 213 1163 ln
240 1096 350 1185 Symp.
370 1095 424 1161 lx.
449 1100 480 1161 6.
512 1094 570 1165 άςε
599 1098 652 1162 καί
682 1098 752 1171 τοὺς
779 1097 936 1179 παρθντας
964 1096 1114 1173 άταντας
1144 1098 1309 1179 συιοριθνιιι

131 1202 171 1271 eo
194 1199 212 1276 ή
234 1204 310 1283 μήν
332 1201 384 1268 τὸν
404 1202 503 1269 παῖδα
523 1201 576 1267 καί
598 1203 655 1278 τήν
673 1202 777 1270 παῖδα
796 1205 849 1269 ὑπ’
870 1205 1017 1281 eundum
1031 1206 1209 1287 φιλείσθαι.
1233 1204 1311 1287 Quid

131 1306 244 1374 tritius
273 1314 323 1371 est
351 1325 447 1392 quum
483 1302 588 1386 iudo
611 1308 737 1373 iurandi
767 1308 875 1375 verbis
906 1308 1116 1375 subiectum?
1164 1310 1311 1379 neuneu

131 1413 193 1480 hoo
225 1430 353 1498 qunque
385 1410 509 1477 scribae
543 1411 663 1479 indocti
699 1412 915 1479 obscurarunt
948 1412 1034 1501 apud
1068 1412 1311 1501 Xenophontem

132 1517 307 1604 Ephesium
339 1516 372 1582 in
404 1516 580 1602 flirsririgii
615 1518 754 1583 Erotinis
787 1538 817 1606 p.
839 1523 927 1596 215,
954 1524 1006 1584 13.
1040 1521 1093 1586 τίν
1124 1517 1212 1597 ήλιιν
1245 1520 1312 1589 ure

131 1648 223 1705 μνυσι
244 1624 296 1689 καί
318 1623 388 1695 τοὺς
406 1624 435 1687 ἕν
456 1624 610 1706 Αἰγύπτῳ
627 1624 710 1697 θεοὺς
733 1626 875 1703 σεμνήν
898 1626 1038 1705 τηρήσειν
1056 1624 1175 1703 γάμων
1197 1625 1311 1705 άγνίιι,

130 1729 226 1810 μέχρι
247 1726 287 1794 άν
310 1729 377 1795 κτὲ.
424 1727 608 1793 Ridinuium
634 1737 682 1794 esi
706 1731 836 1808 σεμνήνε
862 1730 995 1796 emeudn
1019 1725 1039 1805 ή
1064 1732 1140 1809 μήν
1175 1732 1311 1813 τηρήσειν

128 1834 246 1916 γάμον
269 1834 389 1912 άγνήν,
423 1840 459 1898 ut
483 1832 568 1919 apud
594 1833 798 1900 Heliodorum
824 1834 900 1902 ibid.
934 1854 967 1920 p.
987 1838 1073 1910 295,
1102 1838 1155 1901 16.
1189 1837 1309 1916 exeun

130 1939 262 2020 δ’ίραως
285 1975 330 1988 -
354 1936 372 2015 ή
394 1939 466 2017 μήν
494 1934 624 2005 ίίπαντα
647 1938 723 2005 οὕτω
747 1940 903 2016 ποιήσειν,
926 1946 958 2005 ei
982 1959 1013 2025 p.
1040 1942 1126 2018 561,
1154 1946 1208 2008 15.
1232 1942 1310 2017 θεοὺς

132 2046 287 2127 ἕπθμνυμι
312 2044 436 2116 πάντας
462 2040 481 2119 ή
508 2046 581 2122 μήν
607 2046 793 2121 λυθήσεσθαι
813 2069 858 2110 σοι
882 2043 990 2110 πάντα
1012 2046 1165 2126 τήμερον,
1188 2054 1222 2113 ei
1246 2067 1310 2135 pus·

131 2154 206 2221 sim.
233 2149 409 2219 Menander
431 2146 516 2235 opud
541 2149 741 2216 Priscianum
767 2149 880 2217 XVlli.
904 2168 925 2235 p
959 2152 1036 2216 228.

630 2252 745 2333 ὄμνυμί
768 2279 813 2320 σοι
838 2256 890 2319 τὸν
912 2252 995 2330 ήλιον

314 2358 333 2437 ή
356 2361 418 2437 μήν
440 2361 579 2424 άποίσειν
602 2382 647 2423 σοι
667 2362 794 2443 γραφήν
817 2360 988 2434 κακώσεως.

131 2486 214 2555 quoe
234 2464 329 2531 verba
355 2470 432 2527 sunt
459 2464 568 2528 uxoris
594 2464 696 2530 iratae
718 2464 758 2529 od
782 2465 960 2539 meritum,
986 2464 1164 2551 inquibus
1193 2468 1312 2555 optimo

133 2571 311 2639 Meinekius
342 2569 481 2635 ἀποίσειν
511 2587 566 2654 pro
590 2572 725 2645 ποιήσειν
755 2571 889 2656 recepit.
936 2570 1086 2636 Forensis
1114 2574 1203 2639 enim
1229 2572 1311 2641 loon·

131 2679 178 2744 tio
202 2686 251 2743 est
272 2674 440 2758 άτοφέρειν
460 2674 517 2739 τινί
539 2676 677 2757 γραφήν.
724 2676 896 2761 Propterea
918 2675 1003 2741 hune
1025 2674 1130 2743 iocum
1156 2677 1256 2745 uituli
1278 2688 1311 2745 υί

131 2782 332 2852 ostenderem
366 2780 435 2846 οἴσω
471 2787 503 2844 ιιι
532 2782 708 2866 composita
736 2801 810 2847 eum
835 2784 949 2858 τοιήσυ
973 2782 1182 2868 permisceri,
1217 2792 1311 2853 etex

129 2911 167 2958 en
199 2887 419 2956 observatione
454 2883 558 2949 iocum
589 2905 627 2950 ex
658 2886 880 2952 Demosthenis
908 2894 1041 2973 quarta,
1073 2906 1157 2973 quae
1190 2887 1310 2966 ierint,

130 2995 308 3082 Philippico
332 2992 548 3058 restituerem.
595 2990 713 3056 unirer
735 3012 766 3078 p.
792 2998 872 3069 151,
897 2996 953 3059 25.
985 2990 1113 3067 άπάτνς
1140 2995 1238 3073 λόγος
1257 3020 1309 3077 ριι·

132 3104 204 3177 τίς,
227 3102 369 3180 άργθριον
389 3097 446 3175 μὲν
466 3098 509 3177 τῷ
538 3096 662 3173 λέγοντι
693 3099 878 3174 ποιήσων,
909 3097 953 3163 τά
980 3098 1012 3163 δὲ
1041 3098 1228 3177 πράγματα
1258 3108 1309 3179 riis

130 3207 250 3280 πόλεως
274 3213 336 3278 τοῖς
357 3204 473 3284 ἐχθροῖς
497 3204 674 3282 ἐγχειριῶν,
698 3202 753 3267 sed
775 3204 906 3278 ποιήσων
930 3200 1099 3268 manifesto
1122 3214 1309 3293 ‹eorrupinm

132 3320 191 3379 est.
239 3311 308 3377 Ilici
339 3295 441 3394 poresr
464 3307 536 3392 queis
560 3314 655 3372 ποιεῖν
684 3308 826 3389 άργάριον
847 3309 951 3386 πολύ,
981 3308 1256 3393 quemadmodum
1280 3318 1310 3377 et

131 3416 315 3501 ἐργάζεσθαι
338 3416 492 3495 χρήματα
522 3412 629 3478 πολλά
651 3421 682 3478 et
705 3416 799 3479 πλέον
822 3414 963 3495 άργύριον
982 3413 1045 3478 άπθ
1069 3415 1186 3495 σοφίας
1210 3416 1309 3497 είργιι·

132 3547 185 3593 ται
219 3520 313 3611 (Piae.
346 3518 439 3604 Hipp.
472 3517 544 3582 ilai.
570 3539 600 3603 p.
623 3522 699 3585 eud.
735 3518 810 3605 Iu),
843 3528 874 3584 el
900 3521 1093 3596 πεντήκοντα
1117 3520 1171 3585 καί
1205 3522 1311 3587 exaro

130 3632 213 3710 μνάς
246 3624 441 3707 εἰργασάμην
473 3622 506 3709 (p
540 3626 616 3689 181..
641 3624 716 3711 u),
748 3633 779 3689 et
811 3624 913 3689 mulin
937 3624 1076 3689 similia:
1102 3624 1188 3689 uude
1212 3624 1310 3691 cuivis

131 3732 225 3802 incide
248 3740 296 3798 est
318 3729 433 3795 mendo
458 3727 594 3795 liberare
616 3729 719 3795 locum
747 3731 778 3794 in
801 3731 918 3795 vicinia
942 3750 972 3815 p.
996 3732 1072 3795 282.
1099 3728 1134 3795 B.
1161 3731 1225 3815 ίδίςι
1248 3732 1310 3797 ἐτι·

131 3837 238 3917 δείξεις
270 3836 511 3913 ποιούμενος-
533 3837 687 3916 χρήματα
720 3836 827 3900 πολλά
859 3834 1027 3916 εἰργάσατο
1064 3834 1139 3922 [καί
1173 3834 1309 3923 ἔλαβεν]

131 3946 166 4012 ἐκ
188 3945 282 4020 τῆσδε
310 3952 366 4018 τῆς
390 3940 530 4012 πόλεως·
557 3940 584 4003 si
606 3939 680 4025 quis
697 3942 780 4004 seire
805 3939 886 4004 volet
912 3939 995 4005 unde
1017 3941 1200 4026 inrporrnna
1219 3940 1310 4009 uerba

130 4049 194 4115 huo
219 4049 345 4113 inrecta
370 4047 435 4109 sint
468 4044 609 4130 perleget
633 4042 725 4107 modo
751 4044 865 4109 ionum.
914 4045 948 4110 lu
973 4044 1082 4111 endem
1117 4048 1238 4113 uieiuie
1264 4064 1309 4115 so·

131 4154 281 4241 quiorurn
307 4150 524 4217 addilameutu
549 4148 717 4235 puiiulnut.
764 4149 958 4216 Lnrrdnndus
978 4151 1233 4231 summamus,
1255 4151 1309 4239 qui

130 4256 427 4325 annotatiunculam
449 4254 532 4341 [περὶ
556 4253 768 4334 Ἀναξαγόρου
789 4256 935 4340 λέγεται]
962 4276 993 4343 p.
1008 4261 1084 4323 285.
1109 4258 1146 4323 Α.
1170 4276 1191 4324 a
1211 4257 1310 4324 Plane»

133 4366 183 4428 nis
203 4362 309 4429 verbis
338 4362 531 4438 secreverit,
555 4359 609 4425 sed
635 4380 667 4445 p.
687 4364 763 4425 ⁶285.
786 4360 821 4429 C.
853 4362 944 4444 τέρας
969 4363 1075 4441 ιίγεις
1099 4364 1169 4449 [ναί
1194 4365 1310 4445 θαυμα-
