2940 5010
709 256 774 320 520

145 431 266 502 Eadem
295 433 378 500 ratio
407 439 456 497 est
478 431 511 495 iu
540 427 637 495 verbo
661 433 817 510 ὑμοὺμαιε
851 430 906 515 qui
931 429 1017 519 apud
1044 426 1258 502 Menandrum
1286 437 1327 505 ita

143 540 243 608 dicit:

370 643 499 722 ἡγεῖταί
520 649 556 722 μ’
579 637 655 715 inec
676 640 887 731 {incardinando
910 666 959 717 τι,

143 752 256 819 multis
281 749 467 817 uerberibus
488 769 507 815 a
528 749 720 834 nescioquo
746 755 902 815 contusus
925 749 971 816 ita
993 749 1087 819 dixit.
1133 751 1250 841 ltaque
1276 773 1326 823 na·

142 877 205 945 quc
228 855 313 944 apud
337 855 528 922 Aeschinem
554 854 585 920 id
609 852 687 920 ferri
710 862 814 940 potest
838 874 942 942 neque
972 856 1057 944 apud
1080 856 1162 925 alios
1186 868 1326 941 veteres,

144 962 249 1030 sicubi
273 962 357 1028 idem
380 960 533 1027 mendum
559 961 769 1047 conspicitur.

188 1068 280 1150 Quod
308 1066 478 1134 emendate
505 1067 663 1152 scriptum
696 1073 747 1134 est
771 1069 804 1132 in
834 1067 976 1135 Anabasi
998 1068 1039 1136 11.
1065 1090 1107 1137 rr.
1136 1077 1173 1139 tt
1208 1073 1242 1139 ἐν
1273 1073 1328 1154 μὴ

141 1173 191 1243 ούν
215 1184 280 1247 τοῖς
310 1174 415 1246 δεινοῖς
440 1173 545 1249 ἥύελον
575 1174 702 1239 αὑτοῦ
733 1173 898 1239 ἀκούειν
926 1174 1048 1258 σφόδρα
1071 1175 1126 1242 καὶ
1147 1179 1204 1244 ούκ
1234 1175 1329 1247 ἀλλον

142 1284 264 1364 ᾑροῦντο
285 1282 312 1346 οἱ
336 1279 523 1361 ερατιῶπαι,
557 1285 589 1344 et
613 1277 668 1344 111.
692 1298 722 1344 ι.
750 1281 790 1343 16
819 1278 946 1354 τούτους
969 1280 1001 1346 δὲ
1021 1279 1149 1363 ἔφασαν
1171 1318 1220 1335 -
1241 1298 1330 1353 πολε·

142 1386 249 1467 μικοὺς
273 1381 351 1450 εἶναι
375 1386 427 1449 καὶ
449 1384 657 1464 βασιλέως
680 1385 945 1464 vinciendus,
968 1384 1119 1465 etalibi,
1142 1388 1330 1476 saepealiir

141 1493 222 1560 iocis
251 1488 482 1557 Graeculorum
510 1489 657 1556 socordia
688 1488 900 1576 depravatum
932 1498 981 1557 est
1011 1502 1045 1560 ot
1071 1492 1112 1559 ad
1146 1492 1332 1565 huiusmodi

142 1597 286 1684 exempta
311 1593 550 1680 corrigendum.
596 1594 681 1676 Quid
710 1595 805 1662 veiim
840 1597 962 1682 optime
990 1597 1158 1684 apparebit
1180 1607 1214 1667 et
1235 1600 1332 1669 simut

143 1704 322 1770 sententiae
349 1721 438 1768 meae
472 1699 650 1788 plurimum
683 1700 758 1768 fidei
780 1702 910 1769 accedet
940 1723 978 1770 ex
1009 1702 1079 1771 loco
1108 1705 1334 1775 Demosthenis

144 1832 175 1897 p.
202 1813 286 1887 158,
310 1812 350 1874 9:
375 1808 552 1883 Ἀύκναὺονα
575 1809 629 1885 δὲ,
653 1805 697 1881 οἷς
720 1807 849 1890 πάτριύν
882 1809 927 1878 ε’ςι
954 1810 1118 1889 μηδενὸς
1148 1812 1334 1892 ἀκούειν,

143 1915 291 1983 ἀπάνπιον
323 1913 355 1980 δὲ
387 1922 512 1996 κρατεῖν
543 1914 574 1979 ἐν
605 1922 670 1987 ποῒο
700 1913 868 1992 πολέμοις,
900 1913 954 1979 ubi
978 1922 1079 1981 testes
1105 1936 1218 1983 omnes
1249 1916 1334 1985 fideli

144 2020 315 2088 concordia
336 2018 376 2084 ad
398 2039 457 2086 nos
478 2026 698 2106 propagarunt
721 2021 917 2106 scripturam
941 2021 1069 2100 μκδενὺς
1093 2024 1333 2103 ὑπακούειν,

145 2148 230 2194 unus
246 2136 374 2193 tantum
397 2145 436 2192 cx
462 2124 612 2191 omnibus
636 2124 693 2190 sed
715 2126 852 2192 caeteris
875 2125 1027 2192 omnibus
1049 2125 1112 2193 fide
1136 2137 1167 2194 et
1191 2131 1333 2197 auctori·

144 2243 211 2301 tute
234 2240 400 2321 praestans
428 2230 603 2318 plurimum
635 2231 804 2297 Parisinus
828 2230 860 2297 S.
885 2251 943 2317 pro
966 2233 1132 2300 ὑπακούειν
1156 2254 1270 2302 reram
1292 2235 1334 2305 Ιο·

143 2342 283 2408 ctionem
312 2338 431 2404 ἀκούειν
463 2338 613 2403 servavit.
662 2337 801 2424 Recepta
834 2338 944 2402 statim
979 2347 1030 2403 cst
1061 2347 1193 2426 propter
1227 2350 1333 2409 aucto

144 2466 232 2522 rem,
256 2443 392 2510 debehat
413 2451 446 2508 ct
468 2461 507 2509 ex
528 2462 562 2508 se
583 2452 726 2528 speciata
751 2443 820 2508 sine
844 2462 935 2508 mora
955 2445 1067 2531 recipi.
1115 2445 1201 2527 Quid
1218 2465 1334 2517 eonem

145 2562 253 2619 autem
279 2550 378 2616 fuisse
402 2557 570 2635 putemus,
594 2567 654 2612 cur
678 2549 710 2612 in
740 2549 905 2615 ὑπακούειν
929 2552 1048 2617 caeteri
1073 2571 1185 2619 omnes
1208 2555 1334 2640 conspi·

144 2656 240 2724 rent?
287 2656 425 2722 Ἀκούειν
450 2655 529 2728 πινύς
554 2674 612 2740 pro
633 2654 731 2720 olicui
752 2655 835 2720 dicto
857 2655 1033 2722 audientem
1064 2678 1129 2723 οειο
1151 2660 1200 2724 vet
1222 2680 1333 2745 parere

144 2763 279 2830 alicuius
298 2761 429 2848 imperio
452 2760 645 2846 antiquioris
668 2760 861 2828 Graecitatis
880 2771 946 2839 est,
968 2763 1023 2848 qui
1050 2783 1130 2829 usus
1150 2784 1254 2850 quum
1278 2765 1333 2833 du·

147 2870 225 2936 dum
249 2868 454 2934 obsolevisset
477 2886 534 2953 pro
557 2866 678 2932 ἀκούειν
711 2887 823 2932 omues
855 2868 1018 2934 draconino
1047 2878 1236 2937 constanter
1269 2892 1334 2939 coe

96 2996 108 3019 ·
146 2984 263 3064 perunt
286 2975 416 3050 dicere,
446 2981 479 3039 ct
504 2978 555 3058 (ut
578 2974 757 3039 sexcenties
782 2972 934 3061 vidimus)
966 2993 1058 3039 suam
1083 2973 1237 3060 loquendi
1259 2996 1335 3045 con·

145 3081 350 3150 suetudinem
372 3082 405 3145 in
430 3080 642 3165 Antiquitatis
663 3088 874 3145 monumenta
900 3087 1020 3146 temere
1042 3080 1230 3148 transferre.
1278 3083 1334 3151 Est

146 3199 253 3256 autem
279 3188 312 3252 id
337 3193 505 3274 propterea
527 3195 592 3251 tam
614 3186 764 3251 vitiosum
789 3186 866 3271 quia
888 3185 1009 3252 ἀκούειν
1032 3206 1070 3252 eo
1093 3207 1191 3253 sensu
1220 3196 1334 3277 suapte

148 3304 264 3362 natura
287 3293 475 3379 penitioum,
497 3290 553 3357 sed
577 3291 741 3357 ὑπακούειν
773 3292 910 3357 dativum
932 3293 1093 3378 requirit,
1116 3294 1204 3379 quod
1233 3314 1334 3382 quum

145 3403 310 3487 sequiores
334 3399 497 3464 nescirent
517 3395 711 3463 foedissimis
743 3396 879 3463 maculis
903 3397 1057 3464 Veterum
1081 3400 1204 3486 scripta
1227 3401 1335 3488 inqui·

147 3514 291 3582 nerunt,
315 3502 497 3570 cuiusmodi
517 3512 567 3569 cst
586 3503 714 3582 μηδενὸς
736 3503 901 3570 ὑπακούειν
926 3523 983 3589 pro
1004 3504 1122 3583 μηδενί.
1170 3505 1253 3588 Quis
1272 3527 1335 3577 nott

145 3613 234 3679 hisce
258 3609 443 3676 admonitus
475 3607 618 3675 fraudem
652 3609 743 3673 ruobis
772 3608 890 3674 iactam
916 3628 985 3676 esse
1009 3611 1195 3696 suspicetur
1218 3613 1255 3679 in
1274 3613 1335 3704 cy·

143 3739 212 3806 rop.
235 3716 319 3782 Vlll.
340 3736 359 3780 1.
387 3721 405 3781 4
438 3717 581 3796 εὑρήσετε
615 3715 682 3803 (τὴν
713 3714 816 3802 πόλιν)
850 3719 905 3792 τὴν
936 3715 1063 3795 penca
1091 3725 1154 3791 τοῖς
1182 3716 1335 3800 ἀρχονοιν

142 3825 304 3892 ἒύέλονοαν
336 3821 491 3888 πεύύεούοιι
523 3822 641 3895 ταύτην
672 3820 764 3899 ἥκιςκ
796 3829 854 3888 τῶν
884 3823 1041 3901 πολεμίων
1071 3823 1336 3905 ἀναγκαζομένην

143 3929 306 3997 ὑπακούειν
330 3937 361 3993 et
385 3947 499 3993 verum
522 3945 592 3992 esse
619 3925 878 4007 ἀναγκαζομένην
909 3928 1086 3993 ἀκούεινῖ
1134 3927 1235 3996 Multa
1261 3951 1335 4018 pas·

141 4041 204 4102 sim
228 4041 404 4102 occurrunt
433 4033 512 4098 vitia
540 4031 795 4109 eiusdemmodi,
826 4052 908 4118 quae
931 4033 970 4098 ad
995 4033 1189 4100 Graecitatis
1211 4046 1337 4103 certum

140 4161 238 4208 usum
265 4139 305 4207 ad
331 4157 431 4205 unum
453 4139 561 4204 omnia
583 4147 658 4203 sunt
685 4137 882 4213 revocanda,
916 4139 1036 4223 inqua
1061 4159 1096 4204 re
1119 4159 1158 4206 ue
1182 4152 1335 4226 pcccato-

139 4268 213 4314 rum
236 4245 410 4313 muttitudo
433 4244 532 4311 alicui
555 4244 745 4331 scrupulum
770 4245 896 4311 iniicint
929 4265 1010 4310 nouo
1039 4244 1184 4332 exemplo
1212 4248 1336 4316 conflr-

137 4373 226 4420 macc
249 4352 338 4421 iubet
362 4370 457 4438 quam
483 4350 628 4430 taurica,
662 4372 758 4438 quam
784 4352 887 4420 futilis
912 4352 951 4418 sit
978 4353 1012 4418 in
1036 4351 1152 4419 tatibus
1171 4352 1333 4423 Codicum
