2940 5010
705 273 768 335 607

140 466 200 537 pro
223 444 372 527 ίεοίριατα
401 445 454 511 καί
477 443 688 525 ἀκροάματα,
713 453 770 510 uui
793 448 818 510 εί
842 447 894 513 καί
919 446 1010 526 μύρον
1033 445 1159 526 ἐνέγκαι
1181 472 1228 522 τις
1253 452 1327 529 ἡμῖν

140 570 200 641 pro
222 553 249 619 ei
279 551 332 617 καί
359 551 452 632 ριιίρον
476 575 524 624 σις
549 553 622 629 ἡμῖν
642 550 788 629 ἐνέγκαιε
821 550 883 617 alia
903 560 979 616 sunl
1007 551 1093 639 apud
1118 551 1210 621 illum
1237 573 1326 622 men·

139 656 219 725 deca
253 664 287 725 et
320 665 500 723 monstrose
540 655 697 743 quaedam
736 665 910 743 corrupta,
943 655 1043 723 veluti
1079 664 1223 725 ναῦται
1261 661 1326 745 γὰρ

140 763 251 831 codron
280 762 396 846 ὄζουσιν
420 782 478 850 pro
509 762 643 841 αὐταί,
676 769 709 828 el
740 761 845 828 ἐλαίου
868 798 912 813 -
935 764 1016 842 ίσμίι
1045 763 1097 829 καί
1126 767 1327 847 παρουσία

140 870 253 951 ιίνδρῶν
276 868 295 944 ἢ
318 868 414 951 μιίρου
442 866 584 948 γυναιξίν
614 870 730 945 ἡδίων
758 868 811 933 καὶ
846 868 982 934 οίπονσία
1010 868 1221 951 ποίεινοσίρα,
1245 890 1328 958 quae

142 971 327 1060 corruptela
359 974 407 1039 sic
429 983 500 1040 orta
527 982 595 1040 est:
629 983 722 1041 vetus
752 973 913 1061 scriptura
936 982 1329 1043 ΠΑΡΟΤΣΑΗΔΙΩΝιι

141 1075 339 1145 dormitante
371 1078 504 1146 lihrarin
532 1081 577 1146 ita
604 1088 756 1165 corrupta
786 1089 835 1145 est
872 1087 907 1144 ut
935 1100 973 1145 ex
996 1088 1171 1147 ΛΗΔΙΩΝ
1203 1082 1328 1149 exscul-

142 1190 233 1271 peret
253 1191 458 1264 ΛΝΔΡΩΝ,
483 1184 598 1252 deinde
620 1204 694 1251 vera
715 1184 810 1252 lectio
834 1186 920 1263 ἡδίων
938 1204 956 1250 a
977 1194 1160 1252 correctore
1183 1188 1328 1274 apposita

142 1290 175 1355 in
198 1287 338 1357 alienam
369 1288 501 1369 sedem,
535 1300 569 1357 ut
598 1291 654 1366 lit,
681 1292 847 1376 irreperet.
895 1290 955 1370 (tui
980 1289 1042 1355 sihi
1068 1291 1180 1372 ἀνδρῶν
1203 1290 1329 1360 videha·

141 1402 197 1461 tur
220 1392 329 1461 videre
352 1396 466 1462 vitium
492 1397 570 1461 vitio
594 1395 765 1461 cumulans
786 1396 938 1477 παρουσία
959 1397 1070 1477 ἀνδρῶν
1091 1395 1179 1463 dedit
1198 1405 1231 1463 et
1255 1417 1331 1464 mox

86 1566 93 1575 ,
140 1499 280 1566 decocta
303 1518 360 1586 pro
391 1512 581 1569 ΔΠοΤΣΑ.
628 1499 766 1567 Fraudis
801 1502 885 1566 ratio
908 1500 1078 1568 manifesta
1109 1509 1158 1567 est
1192 1511 1226 1569 et
1260 1504 1330 1590 ipsa

142 1604 364 1693 Xenophontis
398 1626 516 1673 uranus
540 1608 571 1672 in
604 1605 699 1672 llodd.
730 1615 834 1672 exstat
866 1608 919 1672 nel
955 1610 1144 1690 παροῦσα
1175 1609 1330 1686 ἡδίονι

140 1710 239 1793 μύρου
262 1709 387 1790 γυναιξί
407 1712 460 1778 καί
484 1714 639 1778 οίποῦσα
663 1711 864 1792 ποίεινοπέρα.
912 1711 1018 1776 Etiam
1042 1710 1101 1776 lton
1125 1711 1211 1796 apud
1235 1712 1331 1779 Athe·

140 1835 259 1886 nucum
285 1818 438 1882 vitiosum
467 1824 516 1882 est
544 1814 629 1903 quod
657 1814 748 1881 lrahel
775 1813 882 1889 ἄλλως
907 1840 943 1881 οε
970 1814 1017 1880 ἂν
1044 1815 1109 1881 καί
1139 1835 1197 1902 pro
1223 1814 1330 1891 ἄλλοι

139 1946 179 1989 σε
197 1922 251 1988 καί
275 1924 386 1999 ἥν-,
410 1918 495 2007 quod
520 1919 660 2006 postulat
681 1921 750 2006 ipsa
769 1920 867 1988 huius
879 1920 1050 1986 locutionis
1070 1927 1209 1999 natura,
1233 1940 1331 2007 quam

140 2046 244 2115 quum
271 2025 437 2113 nequiores
466 2024 576 2090 minus
609 2026 826 2113 perspicerent
862 2023 1112 2113 transponehant
1136 2026 1212 2103 καί,
1237 2028 1331 2113 quasi

140 2130 277 2221 perinde
300 2140 386 2199 esset
409 2129 515 2203 aanor
535 2154 571 2195 σε
594 2150 712 2216 ponere
736 2152 773 2199 ae
793 2130 930 2211 μάιιςα.
967 2129 1100 2215 Reliqua
1125 2129 1209 2216 apud
1234 2132 1332 2199 Athe·

140 2256 260 2305 uacum
291 2235 395 2303 mullo
427 2241 506 2301 sunl
528 2255 625 2322 quam
651 2237 683 2301 in
716 2236 811 2303 Codd.
836 2233 1054 2302 emendatiora
1078 2243 1111 2302 et
1134 2234 1332 2323 postliminio

140 2344 177 2409 in
199 2341 373 2431 pristinam
408 2340 516 2408 sedem
552 2342 740 2409 revocanda.
787 2339 1020 2426 lleeipiendum
1041 2351 1111 2408 est:
1142 2342 1247 2424 ἀνδρὸς
1272 2344 1330 2423 μὲν

139 2450 240 2527 'tirou
261 2446 352 2516 ἕνεκα
384 2448 513 2525 οὐδεὶς
547 2448 632 2530 μιίριρ
652 2448 799 2529 χρίεται,
827 2467 884 2533 pro
910 2448 983 2529 οίνίρρ
1001 2448 1107 2513 orihel.
1157 2445 1331 2515 Athenien·

141 2574 195 2623 scs
218 2553 314 2630 eddela
334 2555 410 2636 ιίνιίρ
434 2555 467 2619 in
496 2555 657 2619 concitata
681 2553 824 2618 oratione
852 2550 1073 2639 usurpabant,
1097 2558 1135 2619 ut
1156 2554 1252 2629 οὐδεὶς
1276 2557 1331 2621 oin·

139 2660 288 2743 δρόσον,
312 2660 344 2724 in
367 2676 485 2745 magna
508 2658 723 2725 admiratione
743 2667 801 2725 aut
824 2657 1045 2745 indignatione
1073 2666 1130 2725 aut
1156 2659 1225 2738 ira,
1249 2676 1332 2746 quae

140 2766 252 2833 omnia
275 2762 398 2830 abhoc
423 2761 491 2830 loeo
515 2762 715 2830 alienissima
738 2771 825 2829 sunt.
873 2764 1041 2830 Praeterea
1065 2764 1167 2850 recipi
1188 2773 1330 2852 oportet:

139 2868 182 2939 σί
197 2894 239 2950 ρο
262 2871 323 2949 μὴν
346 2877 494 2948 γυναῖκες
524 2889 582 2957 pro
606 2872 639 2936 αί
662 2869 767 2949 μέντοι
796 2876 944 2948 γυναῖκες
968 2878 1000 2935 el
1022 2866 1122 2950 ἇίσπερ
1147 2871 1164 2945 ἦ
1195 2870 1329 2953 Νικνροί·

139 3000 196 3045 σου
226 2998 263 3042 σε
295 2972 453 3041 τουτονί·
482 2974 535 3041 καί
564 2976 582 3051 ἢ
607 2973 823 3057 Κριτοβούλου.
868 2973 904 3040 Ιιι
930 2971 1150 3059 Xenophontis
1181 2973 1272 3042 libris
1294 3002 1331 3043 τε

139 3082 251 3151 τούτου
289 3078 479 3145 exciderunt
509 3078 550 3145 oh
585 3078 778 3146 antecedens
817 3078 1014 3161 ernpdron:
1055 3080 1197 3146 servavit
1234 3079 1331 3148 Athe-

139 3206 264 3263 naeus,
295 3184 350 3252 sed
378 3186 503 3251 τουτουί
524 3203 580 3270 pro
606 3186 715 3252 rodeno
749 3186 908 3271 seriptum
937 3185 1089 3271 oporluil.
1137 3183 1259 3251 Deinde
1290 3185 1333 3252 ah

142 3290 309 3361 Athenaeo
345 3293 542 3377 accipiemus
583 3291 778 3376 scripluram
815 3289 899 3371 ροιίρῳ
934 3289 991 3368 μὲν
1031 3287 1244 3370 ἀλειψάμενος
1277 3292 1330 3357 καί

139 3398 248 3472 δοῦλοι
271 3395 325 3463 καί
345 3398 498 3479 ἐλεύθερος
518 3398 606 3469 εὐθὺς
627 3393 715 3468 ἅπας
735 3394 833 3473 ὅμοιον
851 3395 929 3477 ίζει,
953 3394 1017 3459 nisi
1041 3392 1125 3479 quud
1148 3413 1207 3481 pro
1225 3392 1331 3472 ίίπας,

139 3500 228 3591 quod
251 3500 426 3568 ridiculum
450 3510 516 3579 est,
540 3506 605 3575 πῖις
630 3501 876 3567 substituemus.
910 3497 1000 3579 Quod
1021 3497 1190 3583 vulgatur,
1210 3501 1225 3566 ι
1245 3504 1331 3568 ainer-

138 3606 300 3690 ψιίιιινοο,
323 3614 412 3673 recte
432 3602 566 3672 haberet
594 3607 620 3669 si
645 3615 835 3690 sequeretur
857 3605 921 3670 εἴτε
946 3602 1051 3677 δοῦλός
1076 3605 1138 3674 ἐςιν
1162 3604 1220 3672 εἴπ’
1245 3607 1331 3673 ined-

140 3715 235 3797 ίνρος.
283 3711 367 3779 Τινιιι
387 3708 543 3777 ambabus
565 3707 715 3775 manibus
736 3708 1015 3797 amplectendum,
1038 3710 1124 3795 quod
1148 3709 1334 3778 Athenaeus

140 3817 239 3887 offert
259 3815 514 3897 ἐπιτηδευμάτων
537 3841 573 3883 σε
598 3822 713 3898 πρῶτον
739 3815 885 3904 (χρυσῶν)
910 3814 963 3880 καὶ
982 3815 1091 3896 χρόνον
1112 3820 1230 3882 πολλοῦ
1253 3815 1332 3882 δέον·

141 3948 210 3993 παι.
258 3922 362 4009 Vulgo
384 3928 506 4005 κρινῶν
531 3920 643 4000 abest,
670 3919 754 3987 unde
778 3920 814 3986 lit
839 3929 875 3987 ιιι
896 3920 985 3986 loeus
1008 3920 1050 3984 sit
1070 3938 1168 3985 sensu
1193 3940 1331 3989 nocuus:

139 4030 381 4109 ίσισνδιιίιιαπα
402 4029 488 4095 eninr
521 4026 601 4094 nihil
633 4026 814 4114 signifieat,
848 4027 911 4092 nisi
937 4023 1117 4091 cuiusmodi
1144 4025 1204 4091 ista
1229 4026 1333 4093 studio

139 4136 210 4205 sint
234 4133 459 4221 aliquomodo
483 4132 696 4220 significetur.
744 4131 861 4198 Notum
886 4138 937 4197 est
960 4149 1057 4215 (piram
1083 4150 1177 4217 saepe
1202 4130 1336 4199 Veteres

138 4242 231 4309 νιιιιιίι
262 4240 500 4320 ἐπιτηδεύματα
528 4237 709 4326 appellent,
743 4246 776 4303 et
810 4236 919 4317 αγαίοί
953 4245 985 4302 et
1014 4236 1130 4318 χρνςα.
1185 4237 1332 4324 Denique

139 4355 368 4439 pervetustum
404 4345 558 4413 hinorum
593 4343 745 4411 mendum
780 4352 811 4409 et
844 4342 898 4409 diu
933 4343 1147 4408 im'etemtum
1180 4343 1336 4411 Athenaei
