2940 5010
702 283 769 348 872

139 460 276 527 Nomina
300 459 428 545 propria
451 458 484 522 in
507 456 669 543 corruptis
689 455 881 525 lectionibus
903 457 1038 526 latentia
1060 462 1128 535 45,
1150 461 1223 536 81,
1247 460 1336 537 989,

184 570 273 644 589,
298 568 382 642 489,
407 568 492 642 688,
516 566 592 629 670.

137 671 273 739 Nomina
297 688 463 737 servorum
484 687 504 733 a
530 668 634 754 patria
655 670 781 751 Λίβυς,
805 669 910 752 Φρύξ,
935 670 1030 753 Σύμς
1054 672 1110 738 95.

138 776 276 844 Nomina
299 776 332 842 iu
352 813 399 825 -
417 799 466 856 pa
489 772 674 861 producunt
704 773 942 862 penultimam,
972 784 1010 844 ut
1043 777 1166 857 πῶμα,
1205 782 1335 856 aaran,

182 890 301 963 κρῖμα,
325 887 422 965 Φῦμμ
444 887 478 946 cl
501 879 573 945 sim.
599 883 675 946 791.

138 987 275 1054 Nomina
300 987 428 1074 propria
450 983 536 1072 apud
567 984 692 1051 Atticos
718 995 849 1054 servant
871 985 993 1054 turmas
1020 984 1147 1053 lonicus
1171 992 1209 1052 et
1238 984 1336 1052 llari·

184 1113 239 1160 cas
263 1096 340 1159 559.

138 1197 274 1265 Nomina
296 1198 427 1286 propria
450 1199 578 1270 in-rc
603 1193 721 1263 babent
735 1234 782 1247 -
796 1219 839 1272 uc
862 1208 992 1275 tet-r,
1016 1204 1054 1265 ut
1075 1201 1225 1279 Σωῑψνς,
1248 1196 1333 1274 Σκή-

186 1312 278 1387 ψιος,
303 1306 463 1386 Σκήψιοι
488 1303 560 1369 sim.
585 1304 662 1368 558.

138 1408 328 1476 Nominibus
352 1408 492 1497 propriis
513 1409 545 1473 iu
570 1405 666 1473 uouu.
690 1405 806 1475 lineola
826 1407 1082 1496 superscribitur
1105 1410 1175 1474 650
1198 1426 1251 1495 sq.

137 1513 337 1583 Nominativi
360 1533 435 1579 cum
459 1512 653 1579 accusativis
676 1512 842 1579 coniuncti
863 1533 883 1580 a
903 1511 1045 1581 librariis
1066 1512 1230 1580 vitiantur
1253 1514 1332 1579 957.

139 1618 357 1688 Numerorum
387 1626 482 1685 notae
516 1619 550 1684 in
583 1616 679 1684 Godd.
722 1618 866 1705 antiquis
909 1620 1041 1707 pariunt
1074 1636 1205 1686 errores
1240 1620 1331 1694 919,

185 1730 274 1803 950,
299 1728 388 1801 951,
414 1727 499 1803 941,
524 1728 611 1802 460,
636 1728 711 1790 796.

137 1828 357 1922 Nymphodori
381 1830 521 1916 ineptiae
545 1831 620 1897 719.

139 1937 279 2026 Optatiri
303 1935 405 2003 torma
431 1935 539 2003 ionica
570 1936 722 2016 νοσέονμν,
757 1934 895 2021 Tragisa
918 1944 1056 2016 νοσοῖμν,
1080 1935 1191 2002 Attica
1214 1935 1333 2009 ννσνίνν

184 2049 272 2122 560,
296 2047 384 2118 569,
411 2045 486 2108 799.

139 2148 281 2237 Optatlvi
304 2146 407 2215 lcrma
430 2148 464 2212 iu
488 2145 639 2233 perlectis
661 2149 827 2229 μεμνῄμην
861 2158 981 2232 μεμνῇο
1015 2156 1182 2232 μεμνῇτο,
1217 2147 1332 2228 κεκλή·

184 2281 246 2336 μην
269 2264 380 2338 acatio
404 2262 553 2337 κεκλῇτο,
577 2252 706 2322 elsim.
733 2255 798 2318 225
822 2271 892 2340 sqq.

139 2359 281 2449 Optatiui
304 2378 384 2425 usus
408 2357 463 2424 ubi
494 2359 567 2444 quis
590 2378 628 2424 ex
652 2357 755 2425 aliena
779 2378 915 2446 persona
932 2358 1031 2426 relert
1054 2376 1138 2446 quac
1159 2357 1225 2443 ipsi
1247 2353 1332 2422 laisa

182 2485 252 2532 esse
275 2464 426 2531 videntur
449 2467 536 2543 556,
561 2467 637 2530 486.

139 2568 280 2657 Optativi
305 2588 384 2635 usus
409 2569 442 2632 iu
469 2570 614 2635 oratione
642 2567 800 2635 indirecta
831 2589 906 2636 cum
940 2566 1111 2657 particulis
1141 2566 1230 2650 γάρ,
1252 2565 1329 2645 οὖν,

184 2676 216 2742 δέ
241 2682 273 2741 et
296 2674 369 2740 sim.
394 2675 472 2740 556.

139 2779 293 2848 Parodiac
317 2783 356 2855 9,
380 2783 435 2845 98.

138 2886 312 2972 Participia
344 2883 515 2950 verborum
550 2884 813 2971 impersonalium
848 2884 962 2962 δόξαν,
997 2884 1172 2967 πμςμχθέν
1208 2908 1261 2963 μοι
1297 2891 1331 2950 et

182 2992 255 3059 sim.
281 2993 357 3056 597.

140 3097 239 3164 Paulo
263 3093 459 3184 postfuturi
485 3093 625 3173 formae,
649 3094 760 3182 quales
784 3097 953 3180 ppicopat,
977 3095 1172 3177 tropeiensem
1197 3104 1231 3162 et
1252 3096 1329 3162 sim.

185 3208 263 3271 941.

139 3307 277 3376 Perlecti
299 3326 377 3373 usus
397 3306 429 3371 in
453 3305 607 3372 ἀπόλωλα
630 3310 721 3374 τούπὶ
746 3309 794 3374 col
816 3317 848 3375 et
872 3309 947 3374 sim.
974 3312 1050 3374 568.

140 3412 340 3499 Periphrasis
378 3410 547 3479 verborum
587 3411 692 3497 qualis
724 3421 773 3479 cst
807 3414 957 3479 πονεῖσθαι
992 3409 1090 3488 ἔξοδον
1121 3432 1181 3498 pro
1216 3411 1330 3490 ἐξιέναι

185 3522 249 3586 967
274 3537 343 3603 sqq.

140 3622 342 3711 Peripbrasis
365 3620 476 3688 eadem
498 3620 606 3688 Ionica
632 3643 688 3710 per
718 3623 850 3690 verbum
874 3625 1031 3701 allectat,
1064 3632 1101 3690 ut
1124 3625 1258 3699 consilo
1281 3625 1329 3690 rt·

185 3731 286 3796 θεσθνιν
310 3750 355 3790 =
378 3727 509 3802 σπονδὶνν
532 3731 681 3795 πονεῖσθαι
705 3750 763 3817 pro
785 3730 967 3812 σπουδάζειν
992 3734 1070 3797 961.

139 3839 354 3904 Personarum
377 3834 464 3899 vices
489 3833 695 3919 perturbatae
722 3839 760 3900 17
785 3856 853 3922 sqq.
880 3840 944 3915 95,
971 3839 1054 3914 191,
1078 3839 1155 3902 594.

137 3941 303 4008 Philoxeni
327 3948 457 4005 Δεῖπνον
484 3943 556 4004 159.

140 4043 451 4133 Plusquamperlecti
484 4045 616 4131 antiqua
647 4043 749 4111 lorma
782 4048 861 4131 ᾔδη,
893 4049 1030 4132 ᾔδησθα,
1062 4049 1143 4132 ᾔδειν
1183 4056 1217 4114 ct
1251 4047 1327 4115 sim.

185 4157 250 4218 919
275 4171 363 4236 sqq„
388 4153 464 4216 977.

142 4253 471 4343 Plusquamperlectis
505 4254 630 4325 scribac
666 4256 852 4346 imperfecta
895 4259 1098 4327 substituunt
1139 4265 1226 4340 566,
1263 4262 1329 4327 492

188 4383 278 4449 sqq,
303 4364 386 4436 654,
414 4364 489 4426 689.
