2940 5010
584 336 587 342 .
696 281 760 343 sss

152 460 218 538 cit,
242 458 298 545 qui
329 456 361 523 iu
393 451 562 541 stipendiis
585 451 740 521 faciendis
771 459 908 522 aetatem
931 458 1087 524 enutrivit
1116 466 1152 527 et
1172 480 1211 529 ox
1231 479 1268 529 es
1293 482 1324 531 re

151 564 301 632 eximiam
326 562 372 629 rei
401 560 551 626 militaris
573 560 722 646 peritiam
747 558 810 626 sibi
834 564 1056 649 comparavit,
1087 573 1121 633 et
1150 569 1257 643 adme
1278 570 1324 635 ul
1368 584 1370 661 ξ

151 669 272 750 λύραιτι
296 666 551 749 κατατέτριμμαι
574 666 729 754 χρώμενος
753 665 841 732 iilius
865 668 969 734 oratio
991 676 1059 747 est,
1083 670 1142 757 qul
1168 673 1217 741 rei
1236 674 1326 741 murl-

152 797 208 844 eae
232 775 415 841 diutissime
437 792 566 859 operam
596 771 685 837 dedit
711 791 846 859 eamque
868 792 955 840 nuno
982 776 1113 863 egregie
1136 776 1258 859 rnllet,
1279 778 1327 847 rad

152 900 256 968 neque
279 880 366 945 illius
397 897 500 965 neque
534 877 632 943 huius
662 878 747 944 vires
769 876 875 944 adhuc
901 879 1094 949 imminutae
1113 892 1175 951 aut
1205 886 1329 955 attritus

151 1006 220 1054 esse
248 984 492 1072 significantur:
517 992 653 1070 uterque
676 984 784 1048 tritum
808 1003 843 1050 se
865 1002 935 1051 esse
955 986 1139 1073 praeditat,
1162 1007 1228 1055 non
1245 988 1330 1057 dotri-

150 1104 218 1159 tum
240 1101 272 1158 ot
290 1090 392 1157 multo
413 1090 519 1156 labore
541 1094 688 1176 (ructum.
736 1088 900 1170 Quomodo
922 1110 958 1158 se
977 1091 1229 1161 Nioomaobides
1245 1096 1328 1183 queri
1367 1168 1369 1173 ,

149 1206 274 1287 poterat
306 1216 376 1263 esse
403 1195 612 1283 praeteritum
637 1195 664 1259 si
695 1192 877 1261 uonleotum
909 1215 944 1264 se
967 1195 1134 1267 laboribus
1162 1207 1198 1267 et
1219 1198 1328 1269 exbur-
1367 1264 1369 1289 ἱ

151 1313 238 1370 stnnr
260 1322 330 1369 esse
362 1301 447 1367 ultro
479 1298 657 1366 fateretur?
707 1298 764 1364 Ubi
793 1298 855 1367 hoo
877 1296 958 1367 mibi
984 1301 1115 1372 dederis
1146 1304 1249 1373 simul
1277 1304 1328 1373 bor
1367 1316 1369 1397 ζ

151 1408 242 1474 dubis
272 1407 527 1488 sarasiniscum
551 1410 694 1471 τοσαῦτα
725 1404 896 1486 τραύματα
928 1406 1009 1491 ἔχειν
1040 1408 1225 1479 absurdum
1253 1432 1326 1483 οτοο.
1367 1466 1369 1479 .

151 1513 233 1595 Quid
256 1513 355 1599 igitur
373 1510 543 1597 legendum
573 1509 647 1578 esti
694 1510 814 1597 Nempe
838 1514 891 1579 καὶ
922 1516 1095 1597 τραύματα
1115 1520 1178 1586 ὑπὸ
1203 1526 1328 1587 reisue·
1367 1562 1369 1591 t

149 1619 266 1698 λεμύυν
288 1622 429 1684 τοσαῦτα
454 1616 543 1699 ἔχει.
590 1615 713 1702 Duplex
736 1617 850 1682 militis
874 1618 1003 1704 querela
1025 1630 1094 1690 est:
1119 1626 1325 1710 praeteriit!

150 1745 186 1793 aa
205 1724 394 1810 indignatur
415 1724 469 1808 qui
495 1731 541 1788 tot
565 1721 725 1809 stipendia
756 1721 868 1788 lecerit
897 1731 931 1791 et
954 1725 986 1791 in
1012 1726 1093 1794 bello
1118 1737 1169 1796 tot
1202 1728 1326 1799 vulnera

150 1832 321 1917 acceperit.
368 1828 456 1895 ldem
481 1847 607 1914 semper
629 1835 677 1893 est
702 1836 734 1893 et
755 1827 875 1913 ubique
898 1839 1123 1900 veteranorum
1148 1836 1325 1922 ingenium,
1366 1898 1368 1913 ,

149 1935 260 2002 eadem
290 1936 411 2001 oratio:
443 1933 491 1999 sie
520 1953 554 1998 se
585 1931 683 1997 bonos
712 1932 832 1999 milites
854 1942 888 2000 et
918 1934 1016 2003 lortes
1043 1958 1115 2006 esse
1143 1939 1323 2009 declarant:

150 2039 309 2127 stipendia
338 2060 396 2105 sna
417 2046 627 2115 enumerant,
660 2046 795 2104 narrant
816 2036 949 2106 uulnera
972 2050 1002 2108 et
1028 2042 1201 2111 eluntrires
1229 2054 1324 2115 osten·

148 2154 236 2211 lani:
270 2144 341 2224 ἅμα
372 2146 404 2211 δὲ
435 2144 495 2217 τὰς
527 2142 623 2215 σύλας
646 2146 705 2208 τῶν
736 2143 923 2226 τραυμάτων
953 2148 1234 2229 ἀπογυμνούμενος
1263 2154 1324 2219 ἕτε-

149 2252 291 2318 deisona.
328 2249 520 2316 Audivimus
539 2246 616 2313 haee
638 2268 747 2314 omnes
763 2258 795 2314 et
814 2249 965 2316 vidimus.
989 2252 1207 2323 Luculentum
1229 2276 1324 2325 exem·

149 2356 238 2443 plum
264 2364 312 2421 est
343 2354 427 2441 apud
459 2355 586 2420 Livitrm
608 2353 700 2419 xtv.
726 2359 779 2421 59.
806 2355 861 2421 lin.
908 2355 1072 2437 Quomodo
1102 2359 1169 2443 ἔχει
1193 2362 1229 2429 in
1252 2362 1324 2447 ἔχειν

150 2462 265 2526 abierit
291 2460 498 2525 ninnilustum
523 2468 592 2524 est:
617 2457 742 2524 sarthae
764 2458 943 2544 ταξιαρχῶν
965 2462 1017 2528 καὶ
1042 2474 1195 2546 λοχαγῶν
1218 2470 1270 2535 sal
1284 2506 1323 2521 -·

148 2566 229 2648 ἔχων
253 2563 340 2631 aliud
363 2573 494 2649 agentes
519 2564 766 2629 coniunxerunt.

195 2672 230 2736 ln
255 2671 384 2736 llemor.
403 2669 458 2735 lll.
479 2690 509 2736 u.
535 2673 567 2734 5.
593 2669 746 2735 mendum
771 2678 819 2736 est
843 2672 874 2736 in
901 2671 1023 2740 vorbis:
1046 2676 1138 2741 ἄλλα
1161 2679 1225 2757 μὴν
1245 2684 1324 2763 φιιυ-

151 2776 317 2856 τιμύτατοί
345 2800 385 2854 γε
416 2775 468 2840 καὶ
500 2776 853 2858 peropportune
886 2777 1009 2844 τύντυν
1033 2782 1132 2846 εἰσίν·
1168 2780 1250 2866 ἄτερ
1270 2786 1324 2867 uix

153 2882 244 2959 ίίαιςα
267 2879 428 2960 παροξύνει
460 2882 637 2946 κινδυνεύειν
661 2882 734 2963 ύτὲρ
758 2881 895 2958 εὐδοξίας
919 2908 954 2949 τε
985 2884 1038 2949 καὶ
1070 2890 1230 2969 πατρίδος.
1275 2889 1325 2957 lle·

152 2988 291 3056 sciebam
313 2987 486 3054 comitatem
511 2986 593 3052 hano
625 2988 689 3052 vim
724 2985 861 3066 hahere,
894 2997 930 3053 ut
960 2990 1083 3057 animus
1113 2993 1156 3058 ad
1179 2996 1326 3063 virtutum

154 3094 379 3160 inflammaret.
428 3091 613 3158 blendnsum
638 3099 687 3156 ost
710 3094 989 3175 φιλοφρονέτατυι,
1022 3095 1055 3160 ln
1088 3118 1154 3185 quo
1181 3100 1261 3188 quid
1288 3100 1326 3169 Ιι-

155 3209 242 3277 teat,
269 3200 337 3286 ipsa
362 3197 422 3263 lnoi
447 3198 606 3264 sententia
625 3196 664 3262 ad
689 3218 800 3263 verum
824 3198 979 3280 ducente,
1004 3204 1163 3288 reperisse
1187 3206 1270 3273 mihi
1289 3208 1328 3273 ri·

153 3305 229 3371 deor
250 3314 281 3371 et
299 3303 409 3370 eadem
429 3323 522 3389 opera
548 3304 668 3369 erroris
691 3305 846 3388 originem
873 3304 1131 3392 deprehendisse.
1157 3310 1325 3401 Xenophon

152 3410 299 3477 dederat:
322 3408 564 3491 Φιλοτιμύτατοί
581 3435 621 3488 γε
644 3410 696 3475 καὶ
718 3412 1119 3494 μεγαλοφρονέςατοι
1144 3416 1271 3485 πάντων
1290 3420 1326 3485 εἷ·

153 3517 222 3591 τίν,
247 3514 301 3580 sed
330 3513 482 3581 librarius
506 3534 604 3599 quum
628 3515 868 3596 Φιλοτιμύτατοι
898 3518 1083 3604 scripsisset
1105 3522 1141 3587 rb
1170 3528 1271 3605 Φιλο
1289 3562 1329 3575 -

156 3621 280 3687 ἔναυλον
293 3618 373 3700 ἔχων
387 3618 497 3684 iisdem
513 3618 644 3708 syllabis
664 3620 762 3686 etiam
783 3641 921 3707 sequens
941 3622 1135 3691 adientivum
1155 3627 1329 3725 inchoarit,

153 3724 239 3815 quod
262 3745 364 3812 genus
387 3724 506 3790 erroris
525 3724 559 3788 in
587 3722 796 3791 describendo
820 3745 914 3812 saepe
943 3746 1054 3795 omues
1077 3734 1328 3817 committimus,

154 3841 187 3900 et
199 3852 292 3919 saepe
306 3833 338 3897 in
351 3828 445 3896 Codd.
471 3828 601 3895 Graecis
625 3832 833 3897 conuiuissum
856 3832 1013 3900 videmus.
1038 3836 1136 3903 Dubis
1147 3838 1230 3905 mihi
1243 3839 1332 3907 Athe·

155 3939 283 4005 nienses
312 3936 411 4004 luisse
433 3936 766 4018 μεραιτφρινεςύτιυς
795 3938 937 4019 adoras,
967 3950 999 4007 et
1029 3944 1151 4029 optime
1181 3946 1333 4035 coniungi

153 4045 385 4128 deterruisset
408 4044 705 4126 pressuspressus,
729 4052 762 4111 et
786 4045 827 4110 iis
851 4046 990 4112 maxime
1016 4048 1142 4116 animos
1163 4050 1205 4117 ad
1237 4053 1334 4119 virin-

154 4160 220 4218 tem
245 4149 459 4226 indamnmri,
483 4148 621 4236 denique
649 4151 777 4237 saepius
799 4149 953 4217 vocabulo
980 4156 1194 4241 μεγαλόφρων
1225 4159 1260 4227 in
1279 4158 1334 4227 tali

153 4275 189 4323 re
211 4255 452 4343 Xenophontem
473 4254 534 4321 uti.

199 4361 426 4448 Expellentlttm
450 4357 608 4431 emblema
630 4370 679 4430 est
699 4362 753 4431 lll.
782 4384 808 4431 v.
836 4368 865 4432 i.
913 4365 1065 4440 ’hlasein
1088 4369 1120 4434 δὲ
1144 4370 1171 4437 οἱ
1193 4372 1336 4456 πρότερον
