2940 5010
86 493 131 560 σύν
145 532 189 544 ·-
209 496 241 560 οὐ
266 497 343 561 660.

83 600 121 664 σύ
143 639 188 649 -
208 601 255 666 σοι’
280 604 364 678 178,
389 605 465 666 416.

82 706 119 769 σὺ
144 705 175 770 δέ
199 730 304 784 γε-
325 706 364 771 σὺ
386 706 464 784 λέγε
489 709 564 770 456.

82 812 133 880 σύ.
156 808 178 876 ὦ
202 814 280 894 λῳςέ
305 813 365 891 σά,
389 820 421 877 et
445 811 517 878 sim.
543 814 619 878 504.

80 917 119 981 σύ
145 914 184 981 de
207 935 411 1002 quocumque
436 921 512 983 759.

80 1028 233 1100 συγγενοῦ
255 1059 299 1072 -
318 1029 476 1102 συγγενῶς
502 1026 578 1088 984.

79 1128 264 1205 συγκαλέειν
287 1126 434 1194 futurum
456 1128 602 1194 lonicum
627 1131 680 1194 66.

78 1234 345 1314 συγκαλύπτομκι
371 1234 483 1299 vitiose
507 1253 564 1320 pro
587 1232 829 1313 ἐγκαλύπτομαι
854 1237 929 1301 617.

77 1347 226 1416 συγκαλῶ
246 1377 292 1388 -
309 1339 494 1418 συγκαλὲσω
519 1343 581 1414 66,
608 1342 684 1406 458.

78 1445 229 1521 συγκαλῶ
249 1482 294 1495 -
315 1447 440 1524 ἐγκαλῶ
466 1449 541 1512 789.

75 1548 275 1628 σνγκάμπτω
296 1589 342 1600 -
363 1552 540 1629 ἐγκάμπτω
569 1554 643 1616 789.

76 1656 256 1732 συγκεῖσθαι
282 1657 338 1722 0πο
364 1663 423 1722 τῶν
448 1660 576 1732 ποιητῶν
601 1659 677 1721 664.

78 1760 276 1843 συγκομίζειν
298 1764 454 1845 καρπούς,
478 1782 540 1827 non
564 1760 774 1843 προσκομίζειν
799 1766 876 1828 690.

74 1869 290 1944 συγκυλισθεῖς
312 1906 358 1917 -
380 1868 570 1947 ἑγκυλισάεῖς
595 1871 671 1933 657.

75 1972 225 2051 σύμβολα
245 2011 290 2023 -
312 1975 494 2054 συμβόλαια
522 1977 594 2041 168.

75 2078 242 2157 συμμένειν
262 2117 308 2129 -
328 2080 470 2160 ἐμμένειν
494 2084 570 2146 517.

76 2183 279 2263 συμμένονσιν
302 2189 335 2251 αῖ
359 2189 502 2263 συνθῆκαι
527 2190 602 2252 517.

75 2290 307 2370 συμπῖμπλνμι
332 2290 489 2359 Graecum
514 2311 575 2357 non
599 2300 667 2365 esl,
693 2288 748 2354 sed
772 2294 940 2372 συμπλνριῖι
966 2293 1040 2356 619.

74 2395 244 2474 σάμπλεως
268 2395 425 2463 Graecum
449 2417 512 2464 non
538 2405 609 2471 est,
635 2394 690 2462 sed
716 2395 860 2474 ἔμπλεως
885 2400 961 2462 619.

73 2500 334 2579 συμπνευσάντων
355 2540 400 2551 -
421 2500 686 2579 συμπλευσάντων
712 2506 790 2570 171.

73 2608 400 2687 συμπνευσάντων-
420 2608 673 2688 συμπνευσάντων
700 2613 773 2675 171.

73 2717 275 2796 συμφρουρεῖν
299 2713 350 2779 ds!
373 2717 448 2779 549.

72 2818 252 2898 συνδέδεμαι
273 2857 318 2869 -
338 2820 495 2899 ἕνδέὸεμαι
520 2824 597 2885 615.

69 2926 210 2991 συνείσιθι
233 2962 279 2974 -
298 2925 432 2991 συνὲσθιε
457 2929 510 2991 96.

69 3029 306 3107 συνεκέκαμπτο
325 3067 369 3079 -
392 3030 578 3096 ἕνεκέκαπτο
603 3034 677 3095 614.

70 3136 201 3201 συνελὼν
222 3135 298 3213 λέγε
323 3144 354 3201 et
378 3136 494 3209 άνύσοις
518 3136 595 3214 λέγε
620 3133 696 3221 quid
722 3133 871 3200 differant
896 3139 971 3200 496.

71 3248 200 3323 συνερεῖν
221 3249 439 3323 -συνεργεῖν
466 3245 540 3306 779.

71 3355 202 3428 συνερεῖν
220 3384 265 3396 —-
283 3354 456 3429 συνηγορεῖν
482 3350 556 3412 779.

69 3458 177 3535 σννεροῖ
196 3490 241 3502 --
260 3454 387 3534 συνοιῖρω
414 3456 490 3519 778.

69 3568 191 3641 συνῆχα
208 3597 253 3609 -
272 3559 440 3640 σννεῖλοχκ
461 3595 507 3606 -
524 3558 709 3640 συνενήνοχα
735 3560 809 3623 700.

69 3663 258 3746 συνοκωχάτε
279 3702 325 3713 -
345 3665 536 3747 συνοχωκότε
560 3662 645 3750 apud
669 3662 843 3729 Homerum
871 3666 945 3730 108.

68 3771 205 3850 σύνορκος
226 3791 265 3831 =
285 3771 503 3850 συνομωμοκώς
529 3774 603 3835 761.

67 3876 210 3940 συνουσιά
230 3913 275 3925 -
294 3878 433 3952 συνήθεια
457 3881 533 3943 597.

67 3986 232 4056 συσκηνοῦν
257 3980 388 4047 verbum
413 3982 607 4048 Laconicum
631 4001 688 4068 pro
711 3989 867 4047 συσσιτεῖν
893 3982 968 4045 717.

67 4084 201 4168 σφάξειν
222 4125 267 4137 -
287 4086 421 4170 σφάζειν
445 4092 521 4153 241.

68 4197 226 4274 σφεῖς-
247 4197 334 4276 σφοῖς
360 4198 444 4269 257,
468 4197 552 4269 476,
577 4196 653 4258 498.

68 4305 161 4384 σφεῖς
182 4337 226 4349 -
246 4301 353 4383 σφίσιν
378 4304 454 4367 516.

68 4407 157 4490 σφίσι
181 4425 236 4492 pro
259 4407 364 4481 αὐτοῖς
389 4406 496 4475 lonico
517 4404 601 4492 apud
626 4401 867 4492 Xenophontem
891 4404 967 4468 590.
