2940 5010
723 322 787 384 tua

165 516 267 583 genus
289 504 322 564 ct
353 491 547 563 Plutarchus
577 492 705 582 saepius
735 502 769 561 et
790 491 970 562 Booclrbius
1001 505 1188 565 monstrare
1208 506 1336 587 ροοεινιιι

163 602 205 670 Et
230 601 409 672 Boeckhius
429 600 559 687 quidem

343 708 452 783 ἄλλοις
475 708 507 772 ἐν
530 709 648 781 ἐσθλοῖς
671 704 750 773 τόνδ’
772 706 943 774 ἐποιίεῖται
966 706 1090 789 ψόγον,

160 813 216 881 aiii
249 814 343 880 multi
380 833 483 901 neque
522 814 555 879 in
591 811 698 879 uerbis
733 821 857 879 rectam
890 810 999 880 vident
1031 833 1139 901 usque
1171 816 1206 882 in
1241 814 1338 885 τοίνυν
1377 806 1379 871 ί

162 920 338 988 Ἐκλείπειν
361 920 480 1005 igitur,
506 919 533 984 si
555 916 632 1004 quid
655 917 813 985 Boeckbio
842 916 967 996 credis,
990 919 1220 1008 accipiendum
1241 920 1340 991 ertit
1376 876 1379 1021 ί

162 1024 400 1102 Phocensibus,
424 1024 479 1110 qui
504 1043 604 1110 quum
629 1022 690 1089 sibi
721 1021 798 1088 clim
828 1024 885 1098 τίνι
906 1028 959 1090 τοῦ
979 1024 1059 1107 ίεροῦ
1091 1027 1341 1107 προςασίαννίι-
1377 1030 1379 1097 ί

162 1129 325 1197 dicasscut
348 1128 477 1196 tandem
511 1127 550 1194 ab
571 1146 608 1195 ea
632 1146 667 1194 re
689 1126 887 1206 destiterunt,
911 1136 966 1195 aut
989 1130 1155 1217 significat
1173 1131 1342 1203 Pomm

161 1235 337 1303 debilitatos
369 1256 436 1301 esse
469 1242 501 1300 ct
535 1233 730 1299 remissiores
765 1235 888 1320 sectos:
932 1242 1098 1302 caeterum
1134 1245 1344 1327 utrocumque

163 1341 258 1406 modo
287 1340 467 1427 accipiatur
491 1337 623 1425 perinde
646 1357 716 1405 esse
743 1338 789 1403 ait
811 1346 844 1404 ct
875 1356 945 1405 rem
978 1339 1085 1408 redire
1108 1340 1237 1411 codena
1282 1342 1343 1411 ud

163 1444 215 1512 his
238 1444 414 1532 quidquam
444 1442 584 1510 credere.
631 1442 677 1511 Nc
700 1442 806 1509 dicam
841 1444 963 1510 mirum
994 1464 1066 1513 csse
1091 1446 1277 1518 Phocenses
1296 1456 1344 1519 au

163 1549 202 1617 dc
224 1551 295 1616 iure
319 1570 385 1616 suo.
398 1550 551 1615 destitisse
574 1546 639 1615 dici
662 1557 720 1616 aut
741 1550 945 1629 remissiores⁴
966 1570 1034 1617 ecre
1054 1552 1158 1639 sector
1180 1572 1345 1623 annuunt

162 1662 237 1723 ante
250 1675 345 1743 quam
369 1654 584 1722 audacissimo
604 1652 745 1721 facinore
770 1653 886 1742 templo
907 1663 940 1722 ct
960 1654 1040 1722 urbc
1060 1655 1185 1725 tuerint
1209 1678 1271 1747 per
1289 1662 1344 1729 rin

160 1762 279 1850 potiti,
312 1762 392 1827 satis
422 1761 486 1826 crit
517 1759 737 1825 demonstrare
765 1759 959 1826 Bucckbiurn
992 1762 1028 1827 ἐκ
1058 1765 1119 1829 τῶν
1152 1765 1343 1847 πραγμέσω

161 1868 359 1948 οἱμωσγέπωο
389 1866 442 1932 καί
465 1866 508 1933 τόν
531 1866 670 1945 όνόματα
702 1865 887 1948 γνωρίζοντα
912 1866 1008 1933 verbo
1042 1869 1201 1937 ἐκλείπειν
1233 1892 1340 1942 norm

159 1984 193 2041 ot
215 1972 395 2039 inauditam
431 1969 584 2057 affingere
617 1968 821 2055 significandi
854 1979 1055 2058 potestatem.
1103 1972 1341 2047 Observandum

159 2081 302 2167 primunt
326 2088 375 2145 est
406 2074 502 2144 verba
529 2073 769 2162 Xenophontis:
805 2074 911 2151 οῖτινες
941 2076 1129 2146 ἐκλιπόντων
1160 2084 1341 2152 Φωκέωντέ

160 2187 235 2267 ἱερὸν
259 2181 523 2262 καταλαμβάνειν
546 2182 725 2262 ἐπειρῶντο,
759 2181 804 2248 iia
828 2200 898 2248 esse
921 2183 1130 2267 accipienda,
1156 2194 1194 2253 ut
1214 2190 1253 2255 τό
1273 2190 1340 2273 ίερίν

160 2310 224 2356 uun
249 2291 358 2355 miuus
388 2287 428 2354 κοί
457 2285 642 2351 ἐκλιπόντων
666 2305 762 2371 quam
799 2285 839 2351 ad
871 2288 1138 2368 καταλαμβάνειν
1175 2292 1338 2363 reseratur.

159 2394 297 2463 Perinde
320 2402 369 2460 est
390 2411 428 2458 ac
448 2393 476 2457 si
495 2390 647 2456 dixisset:
670 2394 706 2457 τὸ
731 2394 824 2472 ίερόν,
848 2392 862 2457 b
887 2391 1026 2469 ἐξέλιτον
1049 2396 1077 2460 οί
1100 2406 1240 2478 Φωκεῖς,
1268 2402 1338 2468 ἐτει-

157 2509 248 2584 ρῶντο
279 2497 545 2576 καταλαμβάνειν
580 2498 605 2561 οἱ
630 2496 786 2575 Θηβαῖοι,
817 2496 868 2563 vel
893 2499 998 2574 ἐπειδὴ
1019 2501 1046 2565 οῖ
1072 2510 1189 2577 Φωκεῖς
1214 2506 1251 2571 τό
1273 2508 1337 2589 ίερίσ

157 2605 297 2682 ἐξέλιπον
318 2606 343 2669 οἱ
367 2603 500 2682 Θηβαῖοι
517 2602 594 2666 αὐτὸ
614 2600 880 2682 καταλαμβάνειν
900 2605 1068 2685 ἐπειρῶντο.
1103 2606 1220 2694 ltaque
1239 2610 1337 2678 tideu-

156 2710 234 2777 dum
260 2708 338 2796 quid
361 2709 424 2784 sit,
450 2727 512 2771 uon
536 2707 709 2784 ἐκλείπειν,
733 2706 786 2772 sud
809 2709 844 2773 τὸ
867 2709 943 2791 ἱερὸν
967 2711 1133 2777 ἐκλείπειν.
1167 2714 1335 2784 Ἐκλείπειν

158 2817 269 2892 πόλιν,
292 2815 416 2898 χώραν,
439 2814 549 2893 χωρίον
562 2813 677 2888 ὁτιοῦν,
701 2812 855 2879 ἐκλείπειν
867 2813 902 2879 τί
926 2812 1001 2895 ἱερόν
1015 2833 1112 2881 uuum
1134 2818 1223 2904 apud
1236 2841 1334 2889 uuum

156 2930 278 2989 ccctauu
313 2927 577 3003 constantemque
600 2915 694 2981 trabat
715 2917 981 3001 significationem
1014 2918 1178 3006 frequenti
1199 2928 1333 2994 currina

156 3047 218 3094 usu
233 3027 341 3091 tritanu
364 3024 428 3089 Ioco
452 3023 578 3088 cedendi
601 3022 649 3087 uel
675 3021 850 3100 excedendi.
888 3021 1102 3110 Oppouuntur
1124 3026 1212 3094 iuter
1231 3050 1267 3099 so
1287 3056 1332 3099 αα·

155 3131 379 3211 παλαμβοίνειν
391 3129 500 3210 χωρίον
523 3137 555 3194 et
566 3129 676 3210 χωρίον
688 3128 852 3193 ἐκλείπειν.
888 3127 988 3194 Nemo
1006 3138 1110 3215 polest
1133 3135 1245 3202 cedere
1264 3136 1333 3216 teu,

153 3240 216 3306 nisi
241 3258 314 3302 cum
346 3232 451 3300 loctuu
479 3242 573 3298 untca
597 3232 800 3318 occupaverit
825 3235 1053 3321 tenueritquc‚
1085 3256 1145 3303 nec
1169 3241 1331 3328 quisquan

152 3346 272 3412 Graeco
296 3340 359 3405 dici
385 3347 489 3425 potest
511 3340 546 3404 τὸ
578 3340 654 3419 ἱερὸν
685 3340 874 3406 ἐκλιπεῖν
908 3342 990 3415 πλὴν
1017 3347 1070 3407 τοῦ
1100 3348 1332 3427 καταλαβόντα

152 3474 188 3515 τε
211 3449 263 3513 καί
288 3446 418 3526 σχόντος
444 3445 584 3525 πρότερον
614 3445 649 3510 τό
673 3444 759 3525 ιἐρόν.
807 3443 959 3531 Exempla
989 3445 1106 3532 ubique
1130 3459 1210 3517 sunt
1241 3453 1332 3519 obuia.

153 3550 299 3640 Thucyd.
322 3549 377 3616 lV.
406 3554 486 3615 116:
518 3551 543 3614 οἱ
576 3552 729 3624 Ἀθηναῖοι
753 3586 798 3598 -
818 3550 1068 3625 ἐκλιπόντες
1104 3557 1140 3619 τό
1169 3560 1283 3638 χωρίον
1308 3560 1333 3633 ἐς

154 3660 321 3733 Παλλήνην
353 3655 595 3733 διεκομίσόνσαν.
622 3654 659 3719 V.
685 3659 737 3721 80.
773 3654 1040 3736 ἐψηφίσαντο-
1062 3661 1237 3739 πρεσβείαν
1271 3666 1334 3746 παρ’

153 3764 319 3838 ’Λίκναίων
342 3762 387 3841 μίν
412 3760 634 3841 προσδέχεσθαι
659 3760 694 3836 ἢν
714 3761 758 3839 μὴ
783 3760 818 3825 ἐκ
841 3768 897 3836 τῆς
921 3765 1152 3840 Πελοποννήσου
1173 3764 1277 3844 ἐξίωσι
1298 3769 1334 3836 τέ

152 3872 246 3952 τείχκ
271 3867 535 3943 ἐκλιπόντες,
559 3875 590 3931 eb
614 3873 686 3951 pusi
711 3885 829 3952 pauca:
854 3865 1005 3949 ἔπεμψαν
1028 3869 1058 3934 δὲ
1082 3871 1135 3935 καί
1157 3873 1249 3955 παρὰ
1271 3877 1334 3949 τοὺς

153 3976 331 4050 Ἀίκναίονς
354 3975 381 4039 οἱ
404 3978 537 4052 Ἀργεῖοι
569 3972 715 4052 πρέσβεις
738 3974 774 4038 τό
797 3970 832 4049 ἐξ
856 3973 1038 4056 Ἐπιδαύρου
1069 3985 1177 4057 τεῖχος
1202 3982 1335 4047 κελεόον·

152 4107 203 4155 τες
229 4082 428 4145 ἐκλιπεῖν.
477 4075 571 4142 Plura
594 4075 737 4161 exempla
761 4078 808 4143 rei
831 4078 1020 4145 tritissinrac
1044 4080 1159 4149 afferre
1185 4084 1233 4150 nil
1263 4104 1335 4174 oput

153 4195 222 4253 est:
248 4186 307 4251 boc
335 4191 463 4250 tantum
487 4180 602 4248 notabo
626 4183 762 4249 ἐκλιπεῖν
783 4184 892 4265 χωρίον
917 4186 1035 4268 passim
1059 4184 1124 4251 dici
1154 4208 1253 4270 eum,
1287 4190 1337 4279 qui

152 4290 223 4358 loco
245 4289 337 4357 cedat
351 4310 452 4376 quem
475 4288 507 4352 ον’
529 4298 558 4353 ct
581 4289 681 4353 ermis
700 4289 835 4355 retinere
855 4310 915 4355 πονο
941 4291 1038 4377 possit
1058 4289 1231 4381 locumque
1255 4296 1336 4364 undo

152 4399 221 4484 ipsc
252 4395 344 4464 cadat
379 4393 526 4461 hostibus
562 4393 787 4482 ingruentibus
820 4393 986 4466 concedat.
1042 4396 1095 4465 Sic
1125 4399 1338 4473 Athenienses
