2940 5010
663 288 727 351 509

139 460 327 541 διοίκησκεινς
351 458 495 527 Emenda
519 464 552 527 οὐ
575 460 718 534 δίκαιός
742 461 814 529 ἕςιυ.
864 457 959 526 Vides
983 460 1059 546 quid
1078 481 1291 553 errorempe·

139 568 240 653 pererit.
284 564 455 634 Praeterea
483 566 556 651 quis
585 566 689 633 credit
712 563 823 650 φυγάς
847 566 981 632 retineri
1004 568 1120 654 posse?
1150 568 1214 645 ῖςις
1236 597 1291 638 κα-

138 670 258 755 sirmas
281 672 383 750 satis,
413 673 546 759 opinor,
581 682 631 738 est
660 672 779 739 Graece
810 670 997 738 scientibus.
1044 674 1172 750 Δίκαιίς
1204 679 1289 757 εἰμι,

140 794 199 863 que
220 778 433 845 usitatissima
461 777 577 843 Atticis
605 777 723 843 locutio
752 786 822 852 est,
852 775 1088 845 restituendum
1119 789 1168 847 est
1189 782 1294 849 Ande·

139 878 185 947 ettt
203 882 233 949 ie
262 881 333 951 luce
355 883 494 969 pessime
525 892 677 970 corrupte
700 880 787 949 Orat.
813 882 865 947 tv.
891 885 909 967 ς
931 887 983 948 56.
1016 885 1082 950 οὐδὲ
1104 887 1293 963 τοσαυτάκις

139 984 333 1073 &metiremur
359 988 510 1075 [δικαίως]
534 989 587 1055 καί
606 989 733 1064 νικάσας
757 986 923 1067 δόξαιμι
949 990 987 1055 δι’
1010 990 1113 1055 ε’κεῖνα
1134 993 1293 1072 ἐκπεσεῖν,

140 1101 270 1179 upaneto
292 1095 415 1169 δικαίας
439 1093 574 1161 emenda
596 1096 722 1170 νικάσας
746 1093 861 1167 texente
884 1095 958 1173 εἰμι.

170 1196 199 1265 ΙΙ
217 1198 339 1267 fleiicn.
360 1199 385 1265 Ι.
403 1219 443 1266 vt.
464 1204 515 1266 16.
546 1198 789 1279 ὑποτεμνόμενος
806 1200 859 1266 τὸν
879 1200 922 1274 εἰς
943 1200 1052 1279 Σάμον
1077 1208 1173 1268 πλοῦν
1197 1202 1294 1289 [ὅπως

141 1302 280 1381 niteatur
299 1302 433 1388 Φάγοι1,
457 1306 623 1372 nonsatis
646 1303 898 1390 assequebantur
921 1306 1085 1391 sequieres
1109 1306 1187 1393 quid
1211 1318 1295 1377 esset

139 1406 357 1493 ἰτπεμνίμενος
378 1412 430 1479 τὸν
452 1416 560 1476 πλοῦν.
608 1408 742 1477 Photius
765 1428 931 1496 perperam
957 1410 1191 1497 interpretatur
1210 1414 1243 1479 in
1265 1435 1295 1480 v.

141 1515 463 1597 recreantem
490 1516 559 1581 τίν
589 1520 733 1582 πλοῖονε
767 1516 837 1581 άντί
862 1519 916 1580 τοῦ
939 1515 990 1582 διά
1013 1524 1073 1582 τῶν
1098 1519 1296 1597 συντομωτά·

140 1640 186 1685 σειν
207 1621 306 1689 σλίειν
337 1620 388 1688 ίνα
418 1619 593 1705 καταλάβη
612 1622 665 1688 τὸν
693 1622 880 1700 διωκόμενον.
911 1620 988 1688 οὕτω
1021 1627 1158 1704 Ξενοφῶν
1189 1627 1296 1708 φησίν.

141 1720 231 1795 tun
256 1726 415 1795 intellexit
438 1726 557 1793 sciolus
581 1728 637 1812 qui
659 1725 831 1813 adscripsit
858 1726 933 1793 elim
959 1726 1023 1812 [ίνα
1046 1729 1091 1806 μη
1114 1729 1213 1794 ἐκεῖσε
1236 1730 1297 1812 quei·

139 1828 212 1919 vul,
230 1851 312 1921 qnae
331 1834 360 1899 si
381 1834 414 1899 in
435 1851 495 1899 sue
523 1831 632 1898 codice
656 1832 829 1899 invenisset
852 1833 878 1897 is
897 1850 993 1918 quem
1021 1830 1155 1899 Photius
1178 1832 1298 1900 deseri·

141 1934 205 2019 psit,
221 1938 254 2005 in
274 1958 350 2005 eum
374 1957 516 2005 errorem
539 1956 635 2024 quem
657 1939 819 2004 cummisit
841 1937 1026 2023 implicatus
1051 1956 1228 2023 numquam
1248 1959 1296 2005 es·

141 2046 188 2107 et
222 2042 299 2111 ΙΙιίῐΙ.
320 2043 346 2111 Ι.
369 2064 411 2111 rt.
437 2048 491 2110 at.
523 2041 758 2125 εἰσβιβάζοντες
785 2045 856 2117 τοὺς
886 2044 917 2107 ἐν
946 2042 1010 2130 [τῇ]
1039 2043 1144 2127 ἡλικία
1176 2044 1296 2132 [ὄντας]

141 2138 281 2227 ἔτεισας,
306 2149 455 2236 equidem
479 2148 563 2216 selec
587 2146 798 2214 Athenienses
821 2151 846 2213 ot
867 2150 898 2214 εὐ
929 2149 1033 2232 ἡλικία
1054 2147 1165 2214 audire
1190 2148 1297 2216 dieen-

141 2254 188 2317 Ιει
223 2252 301 2322 itit.
324 2255 349 2323 Ι.
378 2276 419 2321 vt.
444 2258 498 2322 35.
533 2259 638 2319 ταῦτα
672 2252 703 2318 δὲ
734 2254 939 2333 βουλομένους
971 2261 1066 2321 ποιεῖν
1097 2252 1210 2334 οἰνεμος
1243 2256 1296 2321 καί

140 2358 235 2437 καλὸν
251 2362 432 2428 διεκώλυσεν
459 2358 598 2449 [αὐτοὺς]
624 2358 731 2437 μένας
751 2357 925 2437 γενόμενος.
972 2360 1081 2446 Neque
1104 2358 1224 2426 Graece
1245 2381 1297 2429 ne-

141 2476 191 2545 w
207 2462 313 2533 iatine
335 2466 369 2532 in
393 2464 512 2532 tatibus
532 2464 714 2550 pronomini
736 2463 825 2529 locus
848 2473 917 2541 est,
942 2463 1026 2551 qued
1043 2464 1167 2531 scribae
1189 2474 1295 2533 tamen

140 2580 214 2655 *pe
233 2569 358 2639 addunt
379 2570 420 2637 de
451 2590 528 2642 sue.
552 2569 742 2656 praesertim
766 2571 929 2655 genitivis.
976 2570 1012 2635 In
1036 2589 1083 2655 sq.
1116 2575 1134 2657 ς
1156 2576 1210 2636 56.
1246 2590 1298 2637 ex·

139 2684 224 2761 Μο
250 2674 426 2743 articulum
451 2677 483 2741 in
510 2675 552 2765 [ἰ]
581 2676 757 2757 ὑπηρετικὸς
785 2674 877 2751 κέλης
902 2683 934 2741 et
963 2695 1034 2741 mex
1058 2673 1104 2741 ὅτι
1132 2676 1165 2739 in
1190 2675 1297 2742 veritis

141 2774 183 2843 Bi
201 2778 269 2875 [ira]
294 2784 330 2849 αἰ
351 2788 411 2847 τοῖν
435 2781 600 2856 Ἀθηναίων
625 2791 692 2857 νηες
713 2782 915 2846 άπολοίλασιν
941 2779 1077 2847 άπασαι.
1124 2779 1169 2845 lb.
1193 2781 1219 2846 Ι.
1243 2802 1297 2846 vn.

141 2882 168 2945 Ι.
182 2884 315 2965 ίτιεολίην
335 2887 491 2953 ἐπεδείκνυ
515 2882 548 2960 εἰν
573 2886 722 2967 ἔπεμψαν
742 2889 768 2951 οῖ
788 2886 937 2966 ερατηνοί
962 2888 1005 2960 εἰς
1031 2890 1087 2962 την
1109 2887 1225 2965 βουλίην
1244 2886 1297 2951 καὶ

143 2980 198 3077 [ct]
216 2994 267 3061 τίν
293 2994 406 3072 δῆμον,
428 2999 589 3078 expuncto
610 2991 711 3056 altere
733 2993 776 3065 εἰς
808 2989 1044 3057 emendandum
1074 2998 1122 3055 est
1149 2994 1221 3071 πρὸς
1240 2995 1296 3068 την

140 3088 231 3175 fletis
249 3098 377 3167 καὶτὸν
399 3098 502 3176 δῆμον.
551 3096 651 3182 Saepe
673 3105 705 3162 et
728 3094 811 3181 apud
837 3096 915 3160 aiios
942 3104 973 3161 et
996 3094 1080 3182 apud
1105 3095 1297 3181 Xenophon·

141 3198 192 3267 ten
208 3222 373 3291 perperam
399 3203 440 3277 εἰς
465 3200 585 3287 legitur
611 3200 666 3267 uiti
693 3201 766 3282 ποίς
790 3201 969 3286 requiritur
992 3209 1024 3267 et
1047 3209 1169 3267 centra.
1217 3201 1296 3284 Quis

141 3292 206 3373 ht
224 3318 328 3397 petest
345 3306 532 3389 διαβάλλειν
553 3307 596 3380 εἰς
619 3332 709 3375 τινα.
741 3307 962 3385 εἰσαγγέλλειν
984 3306 1027 3380 είς
1056 3332 1126 3373 τινα
1154 3314 1186 3373 ct
1208 3308 1297 3372 simi·

140 3396 190 3473 ΙΙΙ
227 3413 418 3481 Rectissime
438 3410 620 3480 emendavit
648 3411 784 3478 ltindert
802 3412 856 3478 iti.
881 3433 900 3476 ι.
929 3415 978 3476 16.
1015 3410 1096 3487 ἠξίου
1119 3450 1165 3461 -
1186 3414 1229 3487 εἰς
1253 3415 1297 3480 τά

141 3508 213 3599 πίῃ
231 3520 377 3604 δέχεσθαι
399 3537 458 3605 pre
481 3518 640 3603 scriptura
665 3518 810 3583 omniurn
839 3517 993 3583 librorum
1024 3519 1096 3599 πρὸς
1122 3519 1165 3583 τά
1192 3520 1297 3601 τείχη.

141 3608 194 3687 Ut!
218 3624 444 3693 enimadvertit
478 3622 561 3689 idem
594 3623 708 3688 vitium
735 3622 789 3688 ΙΙΙ.
815 3644 843 3687 v.
869 3627 900 3687 δ.
933 3626 959 3688 οἱ
990 3624 1047 3702 μὲν
1077 3623 1112 3697 δη
1138 3623 1298 3704 δεξάμενοι

141 3716 176 3783 *δ
193 3732 341 3813 micaret
368 3731 421 3804 εἰς
451 3730 511 3804 τάς
531 3728 645 3801 οἰκείας
677 3727 783 3801 πόλεις
807 3727 973 3807 διέβαλλον
1001 3729 1073 3801 τοὺς
1104 3730 1299 3809 Λακεδαιμο-

142 3820 219 3914 ῢκ,
237 3836 304 3901 irne
326 3854 402 3903 rere
424 3836 496 3915 πρὸς
516 3835 574 3907 τοῖς
600 3834 714 3908 οἰκείας
739 3832 856 3906 πόλεις.
903 3832 998 3897 Plura
1023 3832 1062 3898 de
1096 3853 1213 3918 genere
1239 3834 1298 3902 trec

143 3922 204 4003 ΙΓῊ
222 3938 394 4027 diiigenter
417 3960 586 4026 exponam.
636 3940 672 4005 In
700 3942 768 4023 §in
794 3938 846 4003 καί
871 3938 954 4018 εἰπερ
977 3939 1015 4016 γέ
1038 3964 1125 4011 τινας
1148 3940 1206 4005 δέοι
1230 3942 1296 4022 περί

92 4080 96 4087 ·
141 4038 186 4111 *it
205 4045 382 4129 ιίναιρίσεοος
411 4045 517 4113 οὐδένα
541 4044 637 4111 άλλον
666 4043 751 4126 ἔχειν
779 4044 917 4131 [αὐτοὺς]
951 4042 1152 4110 αἰτιάσασθαι
1185 4046 1203 4120 ἢ
1232 4047 1300 4113 τού·

142 4158 196 4221 ”tr
210 4146 249 4228 ete
271 4150 492 4235 προσετάχθη,
515 4149 662 4217 additum
683 4148 795 4222 αὐτούς
820 4150 996 4215 oraticnem
1021 4147 1178 4214 solcecam
1199 4148 1300 4232 iacit,

143 4236 233 4323 tute
263 4256 372 4325 Attico
399 4275 488 4323 mere
516 4255 671 4322 suadente
702 4259 861 4321 sententie
887 4252 1091 4320 scribendum
1121 4254 1233 4331 ἣτοδς
1256 4252 1300 4333 οῖς

143 4362 326 4447 *Πετάχίη
374 4362 461 4431 idem
485 4362 600 4428 vitium
624 4362 656 4426 iu
682 4359 821 4429 Isocrate
845 4358 974 4426 inclevit
996 4359 1050 4426 lX.
1075 4362 1108 4431 6.
1132 4358 1201 4426 άσῖ
1223 4359 1303 4439 ἥδιον

1259 4590 1432 4742 Α
