2940 5010
712 272 773 333 aet

140 448 297 514 διελθεῖν
318 443 483 531 transponi
503 444 598 509 iussit
614 443 779 524 ἐβούλοντο
796 440 922 523 odana
942 443 1012 523 μέν.
1037 441 1154 510 Notum
1171 452 1221 511 cst
1237 464 1332 531 quarn

139 570 244 639 saepe
266 552 300 619 in
324 550 380 616 tali
404 569 440 617 re
468 548 596 629 μθιιιςα
626 549 684 628 μέν
706 557 739 615 ot
761 550 787 615 εἱ
810 549 842 615 δὲ
864 551 910 629 μή
942 549 1028 615 inter
1058 568 1093 615 se
1122 560 1333 638 opponantur.

139 656 343 745 Saepissime
367 656 433 723 uidi
453 656 512 737 μέν
529 655 703 722 alibrariis
724 656 757 719 in
781 653 918 722 alienam
938 653 1046 721 sedena
1068 656 1259 735 traiectum,
1279 656 1334 723 sed

142 762 244 831 iaeile
272 762 361 829 lraus
391 760 666 849 deprehenditur,
701 760 778 847 quia
809 761 842 825 in
867 760 1028 847 plerisque
1052 760 1201 827 omnihus
1225 772 1335 828 certus

140 876 177 935 et
202 868 410 937 amomi-tus
433 868 611 955 particulae
632 867 722 934 locus
744 876 811 945 est,
833 865 918 933 unde
941 867 1011 933 sine
1035 867 1213 933 sententiae
1237 866 1333 933 detri-

139 974 401 1041 mento-moueri
427 993 490 1040 non
510 980 624 1061 potest.
671 972 764 1038 Iuvat
786 972 856 1038 eius
876 973 923 1037 rei
947 970 1092 1057 exempla
1115 970 1334 1058 compluscula

143 1094 317 1167 apponere.
363 1078 444 1146 liele
474 1078 582 1146 editur
603 1078 637 1144 iu
670 1078 791 1145 Hellen.
812 1077 850 1142 V.
874 1098 896 1143 1.
920 1082 974 1143 55.
1005 1078 1159 1157 διέπεμπε
1189 1079 1248 1143 τών
1275 1078 1333 1155 μέν

145 1182 266 1251 lnior
283 1222 329 1237 -
347 1185 501 1263 διέπεμπε
525 1186 556 1251 δέ
580 1182 632 1249 καὶ
656 1182 826 1262 ξεναγούς,
856 1182 1032 1269 Xenophon
1056 1182 1251 1268 scripserat:
1274 1182 1332 1250 διέ-

90 1324 92 1335 ·
146 1310 257 1369 κομτι
278 1292 338 1371 μέν
369 1292 430 1357 τῶν
462 1292 591 1357 ίππέινν.
639 1289 796 1355 Similiter
827 1289 860 1354 in
892 1288 1030 1355 Hierone
1053 1286 1108 1353 ltl.
1133 1292 1164 1355 8.
1196 1290 1332 1371 εὑρήσεις

152 1392 208 1471 ni·
228 1396 299 1473 τοὺς
321 1397 444 1470 ἰδιώτας
456 1398 583 1470 -τοέις
605 1397 638 1463 δέ
659 1394 820 1478 τυρώννονς
840 1396 907 1460 κτέ.
939 1395 1066 1479 corrige
1086 1395 1157 1468 τοὺς
1179 1394 1236 1472 μὲν
1256 1394 1333 1460 teod-

155 1520 232 1577 τις,
256 1509 290 1569 el
322 1504 357 1569 in
387 1500 555 1592 Symposio
574 1502 627 1568 IV.
653 1508 684 1569 3.
715 1502 741 1567 εί
770 1502 829 1579 μὲν
852 1503 925 1581 πρὸς
955 1500 1027 1573 τοὺς
1058 1498 1175 1573 ἄλλους
1202 1499 1332 1565 δθνασαι

160 1602 281 1683 δικαίαις
301 1617 418 1683 ποιεῖν,
443 1608 516 1689 πρὸς
528 1607 560 1673 δέ
572 1609 685 1674 σαυτὸν
705 1606 763 1685 οὔ,
785 1614 918 1693 apparet
939 1604 1146 1671 scribendum
1170 1624 1240 1672 esse
1260 1605 1334 1687 πρὸς

166 1708 214 1783 κδ·
231 1715 297 1789 τοὺς
318 1712 448 1788 ἄλλους.
494 1712 581 1779 Idem
604 1714 719 1779 vitium
744 1720 793 1777 est
814 1709 900 1798 apud
921 1710 1048 1799 Lysiam
1071 1711 1172 1777 XXV.
1198 1714 1251 1775 et.
1281 1711 1334 1777 hol

170 1816 227 1891 atde
243 1820 298 1897 μέν
320 1819 433 1893 ιθδίκοις
464 1819 715 1898 πολιτευομένους
737 1855 782 1871 -
800 1818 852 1885 διώ
874 1817 905 1883 δὲ
928 1818 1001 1891 τοὺς
1024 1817 1055 1881 έν
1076 1826 1116 1899 τῇ
1140 1817 1334 1901 δημοκρατίᾳ

171 1928 440 2007 ωιφεντοῦντας,
471 1944 590 2011 repone
611 1925 663 1992 διδ
686 1924 744 2002 μέν
767 1924 857 2001 σούς,
889 1932 921 1988 et
952 1920 1038 2010 apud
1073 1921 1210 1989 eundem
1245 1921 1334 1988 Orat.

175 2020 229 2093 dil.
251 2036 300 2099 lli.
335 2030 474 2110 ἧγοθμην
507 2030 565 2110 μέν
595 2032 622 2096 εί
658 2031 785 2109 Θέογνις
809 2028 855 2103 εἴη
880 2028 1149 2108 πεπεισμένος-
1168 2030 1194 2095 εί
1213 2029 1246 2095 δὲ
1268 2029 1333 2106 μιί,

174 2128 243 2201 tideo
271 2137 392 2223 requiri
421 2138 447 2201 εί
480 2137 538 2215 μέν
569 2136 698 2214 Θέογνις
730 2134 787 2211 είη.
842 2134 879 2200 In
907 2132 1077 2199 Aeschinis
1108 2132 1334 2220 Clesiphenlea

171 2228 270 2319 litt.
303 2250 452 2330 apertum
476 2252 526 2307 esi
555 2262 613 2327 pru
640 2242 691 2306 έπὶ
719 2242 763 2322 τῷ
787 2240 844 2320 μὲν
868 2241 1040 2322 πρώτῳ-
1064 2239 1115 2305 ἐπὶ
1139 2240 1172 2304 δέ
1194 2241 1237 2321 τῷ
1268 2239 1334 2304 δευ·

169 2336 231 2423 tito
250 2348 413 2435 transponi
433 2357 580 2433 oportere
601 2347 652 2411 ε’πί
674 2347 732 2426 μὲν
749 2348 791 2427 τῷ
812 2349 930 2426 πρώτῳ.
977 2344 1077 2432 Saepe
1101 2345 1239 2411 miratus
1261 2363 1335 2409 sum

169 2446 223 2513 ltta
249 2453 454 2540 perspicuum
483 2452 599 2518 vitium
626 2450 752 2517 tamdiu
785 2448 905 2535 fugisse
928 2449 1064 2517 Criticos
1087 2451 1120 2516 in
1148 2446 1334 2536 Ctesiphon·

110 2616 113 2627 .
168 2552 330 2645 ie¹855,
363 2557 418 2623 tthi
451 2557 589 2642 legitur:
623 2559 658 2623 τὸ
684 2558 780 2622 δοκεῖν
800 2556 858 2635 μέν
878 2558 978 2631 aiendo?
1000 2557 1106 2635 λέγειν
1131 2561 1254 2641 αρχαῑα
1278 2559 1334 2638 δέ,

168 2650 319 2737 Metilium
344 2671 394 2729 esl
421 2665 457 2729 τί
484 2665 580 2730 δοκεῖν
603 2664 703 2738 οέληθῆ
732 2662 790 2741 μέν
819 2661 927 2739 λέγειν
950 2664 1074 2744 οὶρχαῖα
1095 2663 1139 2729 δέ.
1186 2664 1251 2732 Nec
1275 2669 1335 2733 nti·

168 2774 220 2829 fllia
244 2769 276 2835 in
307 2768 498 2835 Tituarehea
522 2766 546 2856 S
570 2773 644 2835 177.
677 2768 728 2833 διαὶ
752 2768 784 2834 τί
803 2768 899 2833 οίεσθε
922 2769 993 2841 τοὺς
1017 2768 1125 2847 νόμους
1148 2770 1204 2848 μέν
1230 2780 1333 2849 καλῶς

168 2872 285 2951 uidae,
319 2875 364 2941 roi
394 2875 425 2940 δέ
446 2874 647 2956 ψηφίσματος
669 2869 746 2938 εἶναι
777 2882 834 2948 τῆς
861 2872 980 2946 πόλεως
1003 2874 1237 2957 καταδεέςερας
1270 2879 1335 2945 imo

167 2990 227 3043 teto
244 2980 314 3054 τοὺς
337 2980 395 3057 μέν
418 2979 537 3059 νθμονς.
585 2978 698 3046 Finem
723 2976 839 3043 laoiarn
862 2978 894 3042 in
919 2976 1045 3043 duobus
1070 2977 1148 3045 locis
1173 2981 1334 3051 isocratis.

165 3076 267 3151 fflilttt·
286 3082 377 3153 Oret.
395 3084 449 3151 vl.
475 3090 505 3150 li.
530 3085 562 3148 έν
579 3078 621 3156 οίς
641 3084 699 3163 μέν
720 3083 966 3165 κατορθώσαντες
986 3081 1134 3158 ἅπαντας
1152 3088 1237 3165 ὑμᾶς
1255 3091 1334 3172 ώΦε-

160 3190 302 3269 λίπομεν,
333 3189 556 3270 διαμαρτόντες
579 3190 610 3254 δέ
640 3197 696 3263 τῆς
726 3189 877 3269 ὑμετέρας
904 3189 1096 3267 γνώμης-
1115 3192 1151 3257 τὸ
1170 3195 1264 3260 κοινὸν
1286 3199 1336 3263 od·

156 3294 200 3361 δίο
218 3294 256 3361 δν
277 3296 507 3379 ζημιώσαιμεν,
538 3293 662 3360 seilicet
684 3293 716 3358 in
741 3293 894 3359 Urbinale
918 3303 964 3360 esi
988 3295 1046 3372 μέν
1067 3297 1336 3383 κατορθώσαντες,

153 3398 236 3487 quod
263 3419 462 3489 quamquam
497 3397 672 3464 absurdum
707 3408 755 3465 est
788 3408 896 3465 tannen
922 3400 1001 3464 vicit
1037 3398 1111 3465 lihri
1147 3408 1335 3475 anactoritas.

151 3504 275 3573 herote
293 3506 365 3573 siue
388 3523 477 3571 litora
497 3506 743 3585 κατορθώσαντες
766 3504 842 3584 μέν,
867 3512 900 3569 et
924 3505 956 3568 iu
981 3503 1067 3571 Orat.
1084 3506 1151 3575 Vll.
1172 3514 1226 3576 44.
1250 3513 1336 3598 quod

145 3608 260 3679 udam
291 3610 521 3697 superstitione
545 3608 715 3696 probatum
740 3619 789 3675 est
818 3610 931 3684 είδθσες
959 3612 1019 3686 τὰς
1048 3614 1178 3696 ἀπορίας
1204 3618 1262 3695 μὲν
1283 3620 1335 3685 διὰ

143 3716 210 3790 τώς
224 3716 340 3798 ἀργίας
367 3716 579 3796 γιγνομένας,
603 3716 663 3789 τὰς
686 3716 717 3779 δὲ
741 3718 929 3798 κακουργίας
952 3716 1003 3781 δια
1026 3718 1086 3791 τοὶς
1116 3722 1264 3801 οέπνρίας,
1288 3726 1336 3789 sie

144 3822 286 3889 restitue
310 3828 347 3888 ut
370 3821 514 3886 omilium
539 3819 695 3886 lihrorunr
718 3829 845 3907 praeter
868 3820 1032 3888 Urhiuatis
1050 3825 1247 3911 scripturum
1275 3829 1336 3904 σὰς

141 3928 206 4011 μέν
227 3927 360 4007 ώπορίας
382 3934 584 4014 quantocyus
605 3926 672 3990 loco
700 3945 759 3992 suo
783 3944 927 4011 reponas.

151 4076 154 4081 -
193 4030 231 4099 ln
264 4030 386 4099 llcllen.
408 4031 433 4097 1.
458 4052 499 4097 rr.
526 4037 578 4097 lt.
608 4030 647 4096 de
675 4029 840 4098 Alcibiade
867 4029 947 4098 haec
973 4031 1148 4098 dicuntur:
1182 4038 1335 4114 ἐθέλοντος

141 4138 177 4205 δέ
206 4136 282 4205 τέτε
314 4138 464 4220 κρίνεσθαι
498 4145 696 4218 παραχρῆμα
720 4146 775 4212 τῆς
805 4139 910 4211 αἰτίας
939 4136 1037 4225 [ἄρτι]
1061 4143 1271 4220 γεγενημένης
1294 4149 1335 4219 ώς

143 4242 337 4323 δστβηκθτος
366 4244 409 4316 είς
438 4243 481 4309 τοὶ
511 4244 668 4325 μυςήρια,
694 4242 750 4307 sod
776 4262 838 4307 non
864 4251 1001 4328 possunt
1029 4264 1087 4329 per
1112 4248 1159 4309 rei
1183 4256 1334 4319 oraturam

143 4354 346 4429 παραχρῆμα
373 4356 406 4414 et
433 4346 501 4431 ώρτι
530 4349 695 4433 coniungi.
742 4348 911 4432 Expuncta
935 4350 1049 4415 rocula
1071 4348 1241 4437 legendum
1265 4376 1335 4423 esse
