2940 5010
704 319 768 382 665

146 492 210 561 dae
232 492 337 561 locum
356 490 414 580 l.):
452 488 600 556 »llusteri
621 499 724 558 tomen
746 493 810 557 sice
829 489 990 557 Perizonii
1013 491 1218 562 coniecturum
1241 515 1322 561 euec-

145 599 186 667 tto
223 598 429 677 Themistiue,
464 597 518 684 qui
547 594 746 682 Polycratem
778 597 873 663 tradit
904 596 1044 663 mercede
1075 598 1258 667 conductum
1283 601 1323 667 ol>

147 704 287 773 &cretio
315 703 544 771 accusatoribus
575 702 744 769 orationem
775 702 974 790 confecisse.''
1021 702 1190 770 Themistii
1213 704 1323 783 locus,

146 829 246 899 quom
277 810 402 898 primus
433 809 577 875 omnium
611 807 764 873 indicauit
787 808 952 894 Menapios
981 807 1022 873 ad
1055 809 1185 895 Diogen.
1216 810 1322 878 Laert.

147 914 193 985 ll.
216 920 270 984 58.
302 913 487 982 huiusmodi
510 921 578 980 est:
615 912 771 978 »Socratis
792 913 927 990 iudices,
952 913 1079 999 iuquit,
1102 915 1324 993 ἐγυητεάάησυυ

145 1022 208 1091 uro
237 1026 290 1088 τοῦ
323 1020 436 1099 λόγου,
467 1016 498 1085 ὃν
529 1018 707 1100 συνέγραψε
744 1018 812 1107 (μὲν
848 1017 1067 1107 inserendum)
1102 1022 1322 1104 Πολυκράτης,

140 1128 276 1202 Ἄνυτος
299 1127 331 1194 δὲ
357 1126 557 1206 ἐμισθώσατο.
606 1123 685 1189 Hem
719 1122 868 1191 idoneum
899 1133 931 1191 et
963 1124 1152 1212 locupletem
1189 1131 1321 1193 testem!

144 1232 183 1301 lx
215 1240 276 1299 τῶν
306 1232 379 1307 Διὸς
414 1230 566 1297 nervove
594 1228 737 1310 μάρτυς,
774 1238 809 1295 ut
845 1231 970 1296 iocatur
1001 1230 1118 1296 alicubi
1150 1230 1323 1299 Lucienus.

142 1336 213 1405 lem
234 1334 347 1405 labella
370 1335 492 1423 aliquot
520 1334 658 1401 saeculis
680 1342 755 1400 ante
779 1333 994 1401 Themistium
1020 1336 1051 1400 iu
1077 1334 1192 1423 uulgus
1213 1358 1324 1425 sparsa

144 1438 270 1519 luerat,
301 1449 333 1508 et
356 1440 475 1508 eruditi
500 1460 611 1506 omues
632 1448 664 1506 et
692 1438 846 1505 erudituli
872 1441 903 1504 in
935 1439 1052 1507 talibus
1085 1441 1239 1528 quidquid
1269 1443 1324 1511 ali·

142 1545 251 1615 eunde
280 1545 512 1614 inaudivissent
537 1554 656 1612 temere
690 1543 833 1611 solebant
856 1545 1022 1632 arripere,
1057 1553 1090 1612 et
1119 1567 1234 1633 ponere
1266 1570 1323 1636 pro

144 1653 247 1721 meus
268 1670 351 1739 quae
377 1649 502 1717 nullum
530 1659 717 1725 auctorem,
754 1648 877 1716 nullum
911 1659 1024 1717 testem
1054 1651 1204 1719 idoneum
1230 1654 1324 1722 halre-

86 1776 91 1825 .·
146 1765 232 1825 ml.
277 1756 397 1824 lladem
419 1776 505 1822 nurrc
525 1774 594 1822 esse
616 1753 696 1822 solet
718 1755 751 1819 iu
772 1753 933 1841 plerisque
953 1755 1082 1832 leuitas,
1110 1777 1171 1844 qua
1192 1761 1324 1826 testium

144 1860 244 1929 tidem
266 1869 299 1929 et
321 1862 547 1927 auctoritatem
575 1858 752 1947 ponderare
779 1859 947 1946 negligunt
977 1861 1070 1928 etad
1104 1865 1323 1931 testimonium
1408 1862 1410 1866 ’

90 1994 94 2005 ’
144 1965 317 2037 dicendum
353 1966 510 2054 quoslihet
545 1965 774 2031 homunciones
810 1965 1026 2053 ineptissimos
1060 1975 1093 2033 et
1121 1966 1323 2036 lutilissimos

144 2071 381 2142 inconsiderate
412 2070 599 2139 admittunt.
646 2070 756 2137 Nonne
785 2070 952 2156 ineptum,
976 2090 1114 2158 quaeso,
1137 2081 1238 2140 estet
1268 2074 1324 2141 ab·

143 2175 475 2254 remmiscere,
507 2177 541 2242 in
567 2196 662 2262 quam
694 2176 908 2262 inquirimus,
944 2175 1112 2243 Themistii
1141 2179 1324 2257 testimonio

144 2282 269 2372 eliquid
303 2281 466 2356 tribuere,
504 2290 560 2347 aut
591 2280 736 2356 Aeliani,
771 2290 827 2347 aut
860 2281 1046 2368 Sophistae,
1081 2284 1136 2368 qui
1166 2284 1324 2371 Epistulas

143 2387 327 2459 Socraticas
351 2386 462 2462 linxit,
487 2384 700 2465 autSuidae,
723 2395 779 2453 aut
801 2385 915 2452 stolido
939 2386 1110 2464 Graeculo,
1134 2390 1240 2475 quiin
1261 2390 1323 2481 lly-

143 2492 274 2583 pothesi
300 2492 451 2560 isocratei
475 2489 631 2557 Busiridis
662 2493 770 2559 neseio
802 2491 880 2578 quid
910 2512 1070 2577 nugarum
1099 2495 1234 2561 corrasit
1267 2505 1324 2563 aut

143 2596 186 2667 du
208 2618 269 2666 suo
291 2604 493 2665 commentus
520 2596 593 2662 esti
640 2597 751 2663 Nonne
770 2605 837 2677 est,
872 2617 1010 2683 quaeso,
1042 2598 1188 2685 ineptum
1217 2608 1250 2666 et
1270 2601 1323 2667 ab·

140 2702 282 2773 surdum
310 2703 380 2769 istis
410 2700 585 2788 quidquam
612 2700 764 2780 erodere,
799 2703 854 2789 qui
885 2702 1063 2768 sexcenties
1091 2704 1123 2769 in
1153 2705 1322 2775 manifesta

142 2809 278 2877 inmitia
300 2817 333 2875 et
352 2808 439 2893 turpi
462 2804 575 2873 lraude
597 2815 629 2873 et
649 2806 797 2874 ridiculis
817 2805 981 2874 erroribus
1010 2806 1201 2894 deprehensi
1222 2813 1322 2877 sunt?

142 2912 226 2997 Quis
268 2920 394 3000 potest,
436 2910 541 2977 dicam
586 2912 672 2978 euim
710 2911 809 2979 libere
853 2910 936 2998 quod
978 2914 1104 2988 sentio,
1140 2915 1210 2979 sine
1246 2936 1323 2982 nau·

141 3038 199 3088 oea
225 3027 259 3087 et
288 3017 416 3086 fastidio
451 3016 665 3084 Themistium
700 3016 827 3103 legere,
861 3017 997 3082 culicum
1021 3018 1236 3095 adulatorem,
1272 3021 1323 3109 (ut

139 3124 312 3193 verissime
357 3124 543 3210 pronuntiat
590 3122 759 3200 Reislrius,
804 3123 875 3187 sani
917 3121 1028 3187 iudicii
1075 3121 1169 3188 homo
1210 3131 1242 3190 et
1285 3125 1322 3192 li·

141 3228 216 3299 heri
248 3229 313 3296 oris
345 3236 377 3296 et
406 3226 633 3294 assentationis
668 3246 740 3293 osor
774 3226 965 3315 acerrimus)
998 3227 1070 3313 quis
1107 3226 1321 3299 Themistium

141 3318 217 3403 uiue
245 3334 315 3403 risu
345 3332 449 3419 legere
484 3339 587 3419 potest
617 3351 720 3418 neque
747 3341 879 3398 acutum
915 3352 1017 3419 nequo
1048 3331 1212 3400 eruditum
1244 3339 1323 3402 scri·

141 3448 285 3531 murem,
309 3437 366 3505 sed
388 3438 423 3504 ἐκ
447 3445 505 3504 τῶν
526 3437 769 3519 πάράτυχάυτυυ
792 3436 1015 3517 ἀκουσμάτων,
1045 3440 1219 3506 autetiam
1245 3469 1321 3526 erap-

140 3543 373 3625 aexouotedeoo,
404 3551 441 3609 ut
475 3540 696 3629 Sophistarum
725 3544 812 3609 natio
843 3543 944 3623 solet,
963 3541 993 3609 d
1009 3569 1060 3610 rm
1083 3569 1135 3612 κεν
1155 3546 1206 3610 ἐπ’
1229 3551 1323 3618 axae·

140 3650 238 3735 placo
259 3656 408 3730 oaorem
428 3647 498 3733 ἔλθῃ
523 3649 556 3713 in
577 3647 739 3734 decrepita
758 3649 890 3716 Graecia
915 3648 1194 3718 declamitanleml
1220 3653 1323 3735 Quam

141 3754 265 3825 multos
296 3754 451 3822 hahemus
476 3754 649 3841 scriptores
682 3753 817 3821 Graecos
843 3755 970 3820 minimi
1001 3758 1116 3842 pretii,
1139 3766 1197 3823 out
1225 3762 1321 3828 etiam

143 3861 197 3953 (ut
225 3858 319 3949 plane
351 3859 455 3927 dicam
481 3858 563 3945 quod
587 3857 736 3947 sentiam)
763 3859 883 3925 nullius
903 3880 1035 3947 prorsus
1067 3862 1181 3948 pretii,
1205 3873 1322 3931 sterco-

141 3984 218 4033 rcos
247 3964 394 4032 homiues
421 3973 454 4032 et
486 3964 577 4050 plane
610 3964 877 4031 contemnendosl
926 3965 1027 4048 Quom
1051 3987 1124 4033 non·
1143 3968 1260 4054 pudeat
1289 3972 1322 4037 in

140 4068 242 4139 rebus
261 4069 498 4158 antiquioribus
519 4068 783 4136 Philostratorum
808 4070 945 4138 alicuius
966 4073 1148 4139 testimonio
1171 4075 1239 4149 uti,
1265 4086 1321 4143 aut

139 4174 274 4245 llaximi
300 4176 410 4266 Tyrii,
433 4183 489 4241 aut
513 4173 664 4252 Himerii‚
687 4184 743 4241 aut
767 4176 795 4243 si
818 4176 891 4262 quis
919 4175 1002 4244 alius
1032 4176 1177 4244 eiusdem
1197 4177 1320 4247 farinae

139 4281 281 4369 scriptor
307 4280 347 4347 ad
374 4302 430 4347 nos
461 4279 672 4368 perduraritl
719 4279 802 4367 lpsi,
833 4282 945 4357 credo,
979 4282 1184 4350 subriderent
1207 4284 1234 4349 si
1258 4285 1320 4352 sibi

138 4388 174 4455 iu
215 4385 335 4455 talibus
372 4386 511 4475 aliquam
548 4387 642 4457 fidem
679 4385 787 4455 haberi
824 4407 1014 4476 cognoscere
1051 4397 1202 4477 possent,
1238 4410 1318 4477 quac
