2940 5010
716 278 760 343 ΞΘ

137 464 171 525 et
194 452 345 523 confusae
369 472 439 520 esse
461 451 633 521 videantur
655 452 740 520 alius
768 450 898 519 dabitur
928 448 1056 517 dicendi
1075 447 1181 527 locus,
1208 446 1254 518 de
1278 469 1343 517 uno

139 570 268 629 tantum
289 554 393 647 pauca
414 557 531 626 dicam.
578 559 614 626 ln
638 558 732 625 Pluto
754 578 801 624 vs.
815 562 856 624 rt
878 576 948 644 sqq.
970 554 1108 640 legitur:

320 664 374 731 καὶ
395 666 438 747 τῷ
456 663 611 751 ξυναντᾷς
634 665 714 739 δῆτα
736 666 865 747 πρώτῳς
889 674 925 730 u.
949 662 1079 743 τουτῳΐ.

251 784 291 839 Α.
323 766 380 838 εἶτ’
403 773 436 837 σθ
459 768 562 848 ξυνθης
586 772 643 847 την
661 771 797 835 ἐπίνοιαν
817 774 871 834 τοῦ
895 769 978 844 θεοῦ,

319 874 499 961 φράζουσαν
519 874 542 943 ὦ
560 874 730 942 σιιαιθτατθ
753 897 799 940 σοι
820 873 993 957 οαφέςατα

320 982 429 1049 dcxciv
448 982 501 1047 rba
522 980 582 1049 υἱὸν
598 982 651 1048 τὸν
670 981 831 1062 ἐπιχώριον
852 977 979 1061 redares:

140 1087 266 1176 quoties
289 1086 376 1153 buno
395 1085 504 1153 locum
521 1084 626 1173 relego
643 1085 708 1152 duo
725 1094 820 1161 suot,
842 1102 925 1169 quae
945 1100 998 1149 mc
1015 1100 1144 1168 semper
1159 1080 1340 1153 veliemen-

141 1202 193 1260 ter
215 1189 382 1259 olienduut
406 1200 439 1258 et
466 1193 618 1280 antiquae
641 1187 843 1277 corruptelae
866 1186 1082 1273 suspicionem
1111 1184 1200 1253 baud
1230 1186 1339 1259 levem

142 1298 304 1364 iniiciuut.
351 1295 514 1363 Insulsum
535 1306 568 1364 et
581 1295 747 1363 inlicetum
769 1301 820 1361 cst
841 1292 874 1359 id
894 1310 1050 1379 quaerere
1068 1310 1107 1357 ex
1129 1289 1207 1359 bero
1227 1292 1340 1363 Cario-

142 1422 217 1470 nem
245 1402 341 1489 idque
367 1400 576 1491 Chremylum
606 1399 812 1488 respondere,
840 1395 926 1485 quod
954 1414 1058 1482 neque
1080 1414 1194 1465 servus
1217 1418 1341 1469 scurra

143 1517 176 1576 et
198 1506 350 1587 callidus,
372 1527 477 1594 noque
492 1514 711 1595 spectatorum
728 1507 914 1593 quisquam,
939 1520 1043 1588 neque
1066 1519 1153 1569 nuuc
1173 1501 1341 1573 lectorum

142 1612 310 1699 requirere
330 1620 472 1700 poterat,
494 1613 529 1679 τὸ
548 1615 687 1694 πρᾶγμα
705 1611 837 1693 φανερθν
856 1610 936 1685 ἐςιν,
958 1608 1037 1674 αὐτὸ
1056 1606 1120 1689 γὰρ
1141 1606 1219 1693 βοᾷ.
1271 1608 1339 1678 lla·

144 1738 207 1805 quc
232 1717 339 1796 Cario,
364 1716 419 1785 ubi
443 1717 501 1784 bei
524 1725 731 1805 praeceptum
754 1714 893 1792 audivit,
916 1712 1070 1780 continuo
1089 1710 1159 1779 beri
1187 1730 1340 1785 errorem

141 1822 268 1891 seilicet
290 1822 445 1912 perspicit
464 1830 495 1889 et
515 1823 560 1887 ita
579 1820 673 1889 dicit:

324 1926 412 2013 κᾷτα
430 1926 585 2015 ξυναντᾷς
608 1928 687 2004 δῆτα
706 1927 813 2012 πριθτιρ
833 1926 964 2009 τουτιρθ.

325 2030 386 2101 εἶτ’
408 2036 441 2102 οὐ
462 2031 573 2111 ξυνιεῖς
591 2034 647 2110 την
665 2033 799 2102 διθνοιαν
815 2038 869 2100 τοῦ
896 2034 982 2107 θισῦς
1381 2100 1383 2107 ,

144 2149 308 2227 praeterea
333 2160 390 2227 pro
407 2138 588 2223 φράζουσαν
614 2138 745 2205 omuino
762 2136 932 2222 φράζοντος
955 2135 1147 2203 senteutiam
1169 2136 1338 2222 postulare
1381 2218 1383 2223 ,

138 2244 226 2311 mihi
238 2264 429 2333 persuasum
444 2253 511 2320 est,
533 2263 607 2310 nam
624 2242 704 2330 quid
716 2262 834 2330 quaeso
844 2251 894 2308 est
914 2241 1062 2319 ηδιθνοια
1072 2245 1126 2307 τοῦ
1139 2242 1206 2307 θεοῦ
1217 2240 1339 2326 φροθζιι

144 2348 214 2416 cor?
240 2357 353 2415 natum
372 2349 432 2417 boc
451 2367 577 2434 quoqne
592 2348 709 2413 vitium
726 2357 775 2414 est
787 2346 898 2415 eodem
917 2344 1086 2432 modoque
1098 2344 1184 2432 apud
1203 2346 1339 2438 Euripi·

146 2452 219 2520 dem
239 2456 299 2528 τοὶς
325 2453 395 2542 (pro
417 2454 482 2542 τθν)
506 2452 542 2532 ἐξ
563 2455 694 2528 Ἀθηνῶν
717 2453 898 2535 παρθένους,
921 2449 961 2516 de
981 2470 1045 2538 quo
1064 2459 1139 2517 ante
1156 2450 1315 2521 diximus.

189 2558 310 2625 Comici
338 2561 546 2642 παρῳδιῦντες
576 2559 728 2644 Tragicos
758 2558 857 2642 etiam
887 2557 920 2623 io
952 2556 1122 2625 verborum
1151 2558 1338 2643 quantitate

145 2662 261 2731 ludunt
285 2672 317 2730 et
339 2663 401 2731 ioci
420 2684 517 2730 causa
538 2663 718 2751 prosodiam
749 2664 890 2731 ionicam
920 2662 1093 2729 imitantur
1118 2660 1338 2748 producentes

145 2789 227 2856 quae
260 2771 399 2839 οὶττικιτθ
432 2770 552 2856 corripi
576 2768 731 2836 debebant
758 2789 846 2835 more
873 2775 905 2835 et
934 2767 1077 2855 exemplo
1107 2768 1337 2853 Tragicorum.

145 2875 207 2957 Qui
238 2874 386 2941 Conticus
414 2876 447 2941 in
475 2876 614 2957 πατρῷος
639 2875 744 2962 prima
772 2874 867 2960 longa
891 2874 997 2941 utitur
1022 2872 1200 2955 γελοιάζει,
1232 2883 1271 2942 ut
1299 2876 1335 2944 ln

142 2980 287 3048 Nubibus
312 2985 398 3048 1468

324 3085 392 3167 ναὶ,
415 3087 483 3170 ναὶ,
505 3086 724 3164 καταιδέσθητι
744 3088 884 3170 πατρῷον
907 3086 950 3151 Al
981 3134 990 3153 .

143 3192 202 3259 hoc
226 3194 332 3280 ipsum
357 3196 421 3262 iam
446 3194 620 3261 ridiculum
645 3201 677 3260 et
699 3193 838 3261 scurrile
862 3199 927 3258 est:
959 3192 988 3257 si
1019 3188 1100 3255 nibil
1132 3188 1250 3276 leporis
1276 3198 1338 3261 cut

144 3297 278 3365 facetiae
305 3298 490 3365 huiusmodi
524 3298 635 3366 subest
666 3298 875 3366 manifestum
902 3298 997 3363 metri
1027 3295 1141 3361 vitium
1171 3303 1339 3369 tenemus.

144 3402 180 3467 ln
201 3402 310 3469 Alcaei
334 3401 514 3488 fragmento
537 3406 568 3469 ἐν
591 3404 902 3488 Καμῳδοτραγῳόθρ·

325 3509 502 3589 ἐτύγχανον
524 3509 582 3588 μὲν
604 3507 733 3590 appoto
755 3510 899 3583 πλείτους
923 3507 1041 3591 φέρων,

144 3610 230 3700 apud
251 3612 388 3680 blaerob.
414 3613 545 3681 Saturn.
563 3612 610 3693 ,V.
637 3617 681 3680 20
701 3615 821 3699 optime
846 3613 998 3681 viderunt
1026 3611 1157 3679 subesse
1189 3614 1339 3685 versicu-

144 3717 212 3785 lum
242 3718 453 3805 Euripideum
463 3744 476 3785 :.
503 3720 680 3801 ἐτύγχανον
706 3719 764 3798 μὲν
790 3718 919 3802 asspiro
950 3725 1054 3785 πυλῶν
1084 3718 1143 3785 ἔσα
1169 3720 1175 3808 Ι
1200 3716 1338 3798 βαθνοιν.

144 3821 238 3911 Apud
262 3822 477 3910 Antipbaucm
500 3824 616 3892 lltbeu.
638 3826 666 3891 l.
690 3843 721 3910 p.
744 3827 797 3890 rs.
822 3824 858 3891 F.

325 3931 357 3995 ἐν
381 3940 544 4017 πλησμονῇ
567 3932 631 4012 γὰρ
654 3931 789 4014 Κύπρις,
811 3932 843 3996 ἐν
866 3931 897 3996 δὲ
917 3937 981 4004 τοῖς
1005 3937 1105 4004 κακῶς

326 4034 514 4118 πράσσουσιν
534 4040 588 4105 οὐκ
609 4035 705 4107 ἔνεςιν
725 4038 891 4121 Ἀφροδίτη
915 4037 1057 4120 βροτοῖς.

147 4141 255 4209 omnia
275 4150 353 4207 sunt
373 4162 412 4211 ea
428 4143 609 4211 imitatione
630 4142 852 4227 tragicorum.
899 4141 1064 4229 Euripidis
1084 4147 1132 4207 est
1151 4140 1340 4213 versiculus

147 4248 178 4311 ἕν
202 4258 365 4334 πλησμονῇ
387 4271 434 4315 τοι
454 4249 586 4331 Κύπρις,
608 4249 639 4313 ἐν
659 4256 782 4315 πεινῶσι
803 4250 830 4315 δ’
851 4248 904 4325 οὔ,
928 4248 1038 4315 codem
1051 4247 1213 4336 pertinent
1232 4248 1340 4329 πρόσ-

147 4375 249 4419 σουσιν
272 4362 302 4421 ct
324 4354 456 4437 βροτοῖς.
505 4353 662 4423 Similiter
685 4354 768 4425 ludit
790 4355 936 4424 Eubulus
957 4352 1072 4421 Athen.
1095 4350 1177 4420 xiil.
1203 4356 1282 4423 568.
1296 4354 1339 4425 ll.
