2940 5010
632 310 694 372 auf>

62 508 129 560 σει,
154 500 237 569 quae
261 482 293 549 iu
318 482 495 546 orationem
523 479 713 545 indirectam
738 480 777 545 ab
801 482 906 547 rlttico
929 483 1086 568 scriptore
1105 483 1151 546 sic
1173 502 1247 548 eon·

17 628 20 633 -
61 594 240 654 vertuntur
270 594 307 652 ut
338 606 442 673 neque
466 585 561 651 αὐτόν
591 584 749 661 addatur,
784 606 887 672 neque
918 587 1065 669 ἔφνινιιν,
1097 586 1180 673 qrrod
1214 590 1248 653 iu

61 692 204 759 ἐκέλευον
227 692 289 756 iarn
316 691 408 758 inest.
456 690 641 757 biendosum
676 692 780 756 estin
804 693 922 757 vicinia
954 696 1045 777 §td
1080 695 1154 758 ἐτῶν
1178 693 1247 769 ἤδη

58 800 102 873 oie
124 798 333 863 incombere
356 798 412 873 ὤν,
437 796 528 882 quasi
554 794 631 861 baec
658 797 741 861 iuter
761 795 1014 863 adolescentulos
1034 807 1247 883 gererentur,

60 922 202 991 quorum
224 920 310 967 unus
332 903 396 967 iom
416 900 576 967 decimum
591 907 739 965 octavum
759 902 873 968 aetatis
886 921 1006 967 annum
1019 911 1139 989 ageret.
1165 903 1248 969 Vera

60 1008 225 1095 scriptura
259 1004 438 1093 indaganda
463 1007 527 1072 erit
549 1026 587 1071 cx
612 1007 732 1091 optime
763 1006 877 1073 Codice
905 1007 1060 1073 Vaticano
1084 1008 1120 1073 tt.
1145 1008 1248 1088 μακέ-

61 1136 129 1186 ςινι
149 1115 185 1179 ἐκ
207 1119 267 1179 τῶν
289 1113 344 1188 ἤδη
368 1115 406 1185 ὡς
430 1113 638 1177 ὀκτωκιιιῒεκιι
661 1112 826 1190 repaire,
852 1113 883 1176 in
909 1111 1027 1199 quibus
1050 1112 1126 1199 quid
1151 1112 1249 1178 lateat

61 1238 130 1287 nou
152 1218 333 1307 perspicio,
356 1216 416 1281 hoc
440 1236 541 1281 unurn
565 1214 655 1281 video
679 1216 723 1281 nii
749 1216 853 1284 lacere
877 1216 1023 1294 adrem,
1048 1225 1126 1303 quot
1149 1237 1250 1283 annos

61 1332 136 1391 tutu
160 1322 288 1389 Silanus
310 1330 406 1387 uatus
429 1320 536 1387 luerit.
586 1321 667 1385 'lum
692 1321 813 1388 ὄπισθεν
837 1321 1166 1404 περιβαλόμενοι
1189 1324 1249 1395 τὰς

62 1428 189 1501 πέλταις
211 1426 350 1493 rescribe
373 1446 432 1513 pre
455 1428 724 1508 περιβαλλόμενοι.

112 1530 281 1600 blanilesta
301 1532 463 1618 imprimis
483 1542 532 1599 est
556 1534 708 1619 antiquae
732 1532 879 1598 iectionis
898 1533 1102 1619 interpolatio
1127 1533 1194 1599 Vll.
1221 1554 1250 1598 v.

63 1644 98 1705 2.
122 1636 290 1718 ἐξαγαγὼν
314 1637 410 1719 ζεύγη
435 1640 623 1716 ἡμιονικὰ
645 1640 738 1721 rpie,
764 1658 877 1725 nempe
901 1638 947 1702 sic
969 1640 1133 1725 sequiorcs
1156 1640 1252 1705 Grae·

63 1742 133 1811 culi
154 1742 389 1829 loquebantur,
423 1763 483 1807 non
511 1744 663 1818 Veteres,
697 1744 751 1829 qui
778 1764 904 1809 summa
936 1747 1114 1811 constantia
1136 1746 1253 1825 δριιιιὶ

64 1848 166 1933 ζεύγη
189 1867 248 1935 pru
273 1847 416 1925 ἦμιινινινὶ
439 1847 599 1915 dicebant.
649 1847 824 1915 Verissimc
847 1849 961 1913 Moeris
993 1870 1022 1935 p.
1044 1854 1120 1915 275.
1158 1857 1254 1930 Ὀρι-

65 1956 137 2021 κᾶν
158 1954 304 2037 ζεῦγος
328 1956 490 2027 Ἀττικῶς.
527 1954 722 2032 deterrerer
745 1957 944 2031 Ἑλληνικῶς.

113 2058 278 2127 Ειίιιιίιιιι]
312 2077 407 2123 usum
434 2058 465 2123 in
496 2078 530 2124 rc
554 2059 672 2125 Critica
702 2058 797 2125 babet
820 2070 852 2125 et
873 2058 1022 2125 biocridis
1052 2062 1254 2137 Ἀττικιςὴς,

67 2164 168 2255 (quod
192 2164 268 2230 utri
291 2182 405 2228 nomen
429 2171 496 2242 est,
530 2184 591 2230 non
622 2163 796 2252 scriptoris)
821 2173 853 2231 et
882 2165 1000 2231 caeteri
1025 2163 1123 2229 libelii
1145 2164 1177 2230 id
1201 2186 1255 2251 gc-

66 2288 152 2347 nus,
185 2270 213 2335 si
237 2269 311 2355 quis
343 2269 383 2334 iis
408 2268 553 2334 sollerter
585 2277 698 2335 utatur
728 2269 767 2335 acl
799 2269 1101 2357 deprehendendum
1137 2277 1169 2335 et
1201 2269 1255 2335 de·

66 2372 338 2449 monstrandum,
370 2372 528 2458 quomodo
552 2377 670 2459 passim
703 2377 836 2441 vitiosae
865 2376 1046 2461 scripturae
1073 2384 1168 2441 natae
1191 2377 1257 2440 sint

67 2481 160 2549 etin
183 2478 336 2545 Veterum
362 2487 572 2544 monumenta
596 2479 751 2547 invectae.
800 2480 971 2546 bloeridem
998 2481 1103 2566 ipsum
1128 2480 1256 2545 minimi

68 2584 154 2653 lucie
177 2602 281 2671 neque
314 2582 445 2649 doctum
470 2603 572 2669 neque
605 2592 736 2650 acutum
762 2584 947 2664 hominem,
971 2587 1026 2672 qui
1050 2584 1191 2671 plurima
1214 2585 1257 2651 le·

68 2691 204 2759 sissima
235 2696 268 2755 et
291 2686 476 2755 [utilissima
506 2691 664 2767 corrasit,
696 2689 797 2755 motta
830 2688 908 2756 laisa
943 2689 1097 2768 tradidit,
1129 2691 1258 2778 saepius

71 2796 106 2863 in
138 2814 266 2863 errores
301 2813 336 2861 se
371 2793 561 2880 implicans,
597 2814 735 2881 quorum
770 2795 917 2861 nonnulli
953 2796 1132 2883 turpissimi
1168 2803 1256 2861 sunt.

69 2902 240 2969 Praeterea
265 2900 298 2965 in
322 2898 552 2965 minutioribus
571 2908 603 2966 et
627 2900 846 2985 singularibus
866 2900 998 2967 haerere
1018 2900 1131 2966 solitus
1155 2919 1256 2986 quum

71 3014 175 3073 totum
206 3003 335 3071 dicendi
367 3024 468 3090 genus
495 3013 527 3070 et
559 3004 623 3070 late
646 3014 809 3091 patentem
833 3006 1013 3092 analogiam
1037 3015 1158 3071 certam
1183 3024 1257 3091 apc-

69 3112 138 3179 rire
160 3110 345 3187 debuisset,
369 3129 471 3175 unum
497 3110 678 3196 exemplum
699 3113 812 3197 pouit,
836 3113 928 3198 quasi
953 3113 984 3175 in
999 3109 1059 3176 hoe
1079 3130 1143 3175 uno
1166 3128 1257 3175 roca·

70 3214 148 3283 bulo
176 3216 302 3281 Atticae
331 3214 459 3280 dialecti
485 3217 664 3301 proprietas
696 3224 893 3282 cerneretur.
941 3216 1023 3281 Hinc
1054 3214 1176 3281 luctum
1209 3222 1259 3280 est

71 3328 111 3395 ut
128 3320 250 3409 passim
275 3318 418 3385 eiusdem
442 3322 487 3385 rei
513 3320 691 3386 observatio
715 3320 852 3388 dirersis
872 3322 950 3388 locis
971 3320 1046 3387 aiibi
1071 3321 1133 3386 alin
1153 3340 1257 3387 exem·

68 3424 124 3515 pto
146 3425 308 3493 inutiliter
331 3433 550 3491 annotaretur.
600 3426 769 3492 Praeterea
797 3425 953 3492 librorum
985 3428 1147 3515 corruptis
1179 3426 1259 3493 seri·

69 3532 180 3621 pturis
214 3550 456 3616 nonnumquam
493 3530 666 3596 iocularenr
699 3532 733 3597 in
766 3531 896 3599 modum
929 3533 1081 3620 deceptus
1112 3540 1185 3609 est,
1220 3539 1258 3597 ut

69 3634 273 3705 acutioribus
304 3634 418 3701 debeat
448 3636 562 3700 risum.
609 3636 696 3703 Nova
719 3638 748 3702 ei
772 3639 850 3703 vitia
874 3638 998 3705 librarii
1024 3638 1258 3715 amicuerunt,

69 3760 155 3831 quae
186 3741 285 3807 nimis
307 3758 400 3827 saepe
423 3741 596 3807 Piersenus
621 3743 742 3808 intacta
766 3742 899 3829 reliquit
921 3753 977 3809 aut
1005 3744 1096 3810 libris
1119 3742 1256 3808 nimium

70 3846 221 3915 tribuens
245 3854 301 3913 aut
324 3844 363 3910 ad
387 3846 522 3912 eximias
544 3855 576 3912 et
598 3867 713 3914 aureas
736 3869 811 3914 suas
831 3848 1123 3915 animadversiones
1147 3866 1259 3934 expro·

71 3950 209 4021 mendas
239 3970 424 4038 properans.
473 3950 675 4019 Gontirnrabo
706 3957 849 4043 primum
882 3954 959 4021 baec
991 3954 1090 4020 veluti
1121 3953 1260 4018 crimina

71 4058 189 4147 mucis
215 4055 408 4143 quibusdam
433 4059 635 4141 argumentis
659 4068 690 4125 et
714 4060 887 4147 exemplis,
920 4059 1034 4125 deinde
1058 4057 1135 4145 quid
1159 4059 1202 4123 sit
1228 4058 1260 4122 in

73 4158 216 4231 lloeride
238 4160 391 4248 praesidii
423 4161 462 4226 ad
489 4163 663 4250 scriptores
687 4168 812 4232 Atticos
836 4164 1052 4232 enrcndandos
1075 4173 1108 4230 et
1130 4164 1263 4229 vitiosas

74 4264 231 4337 uodiom
255 4276 439 4333 nostrorum
461 4266 614 4335 lectiones
636 4271 818 4356 arguendas
842 4273 996 4358 aperiam.

132 4374 217 4443 Ante
248 4374 357 4441 omnia
388 4372 535 4440 iudicabo
569 4375 747 4462 scripturas
781 4378 934 4451 vitiosas,
968 4375 1084 4463 ‹pribus
1117 4373 1266 4442 biocridis
