2940 5010
702 313 763 374 775

144 491 186 558 Χ.
212 495 243 558 9.
276 488 412 555 formam
447 483 599 565 ἑςόξεπαι.
657 484 788 550 Veteres
820 482 920 562 ἑςιίξοι
955 481 1126 563 dicebant,
1161 486 1324 573 sequiores

144 591 557 680 &fiscannuanradmodi
577 589 623 656 illi
635 587 765 668 πεόνήξυ
778 588 942 668 dicebant,
965 588 998 656 bi
1018 589 1219 671 τεθνήξομαι,
1239 591 1324 659 unde

142 702 296 771 solemnis
315 701 349 766 in
372 698 463 765 libris
486 698 601 764 harum
631 696 808 763 formarum
831 695 975 765 conlusio
999 704 1074 763 nata
1097 705 1156 764 est.

191 807 382 894 Suspectum
406 814 455 872 est
478 822 603 890 quoque
627 803 663 869 ll.
691 807 747 869 18:
772 804 1001 884 περιεπίμπρα,
1026 805 1102 888 quia
1125 803 1224 870 Attici
1249 804 1324 884 πίμ·

143 937 204 995 πρκ
233 921 266 980 et
298 914 435 993 ἐπίμπρα
468 908 611 977 solebant
642 908 760 975 dicere.
808 908 956 976 Graeculi
989 917 1025 975 ut
1046 912 1116 978 ίςῖιν
1138 930 1196 996 pro
1217 911 1322 980 θεοίναι

143 1019 192 1086 alc
217 1021 358 1100 πιμπρῖιν
388 1036 445 1103 pro
468 1013 644 1097 πιμπροίναι
667 1012 887 1100 usurpabant,
921 1014 1006 1081 unde
1038 1013 1129 1081 libris
1161 1015 1323 1082 veteribus

143 1123 260 1191 uitium
284 1132 316 1190 ot
340 1121 427 1189 labes
450 1120 652 1188 afferebatur.
700 1125 848 1200 Πιμπροῖν
871 1130 903 1187 et
926 1123 1123 1202 πιμπροῖσθαι
1151 1121 1235 1208 apud
1263 1122 1324 1188 lle-

142 1228 293 1318 sycbium
329 1228 507 1294 scribarum
541 1224 704 1293 socordiae
728 1224 885 1292 debentur
908 1236 941 1293 et
966 1229 1161 1309 πιμπρασόαι
1193 1228 1323 1314 quidem

143 1353 203 1421 pro
231 1337 428 1415 πίμπρασθαι
452 1332 612 1398 tralaticio
646 1350 754 1398 errore
777 1331 933 1418 scriptum
962 1342 1034 1409 est,
1068 1342 1106 1400 ut
1132 1337 1323 1416 κρεμᾶσθαι,

142 1443 311 1524 κίχρασθαι
333 1440 469 1525 aliaque.
493 1441 640 1520 Πιμπρῖον
664 1438 696 1503 in
719 1437 895 1520 πιμπράναι
917 1439 1143 1526 corrigendum
1171 1449 1230 1506 est.
1276 1441 1324 1508 Ex

142 1544 244 1614 huius
267 1545 447 1633 pervulgati
469 1546 589 1611 erroris
613 1543 833 1610 obseruatione
856 1545 991 1632 reperiri
1019 1554 1125 1633 potest
1146 1554 1235 1612 certa
1263 1545 1324 1614 loci

144 1651 374 1739 'l'beophraslei
399 1650 579 1716 emendatio
606 1650 640 1715 in
664 1648 811 1716 Gharact.
837 1649 874 1715 V.
900 1655 936 1716 4:
960 1688 996 1700 -
1027 1653 1325 1729 κτίσασθαι-αθ·

141 1759 236 1825 λίδιον
258 1759 462 1838 παλαιςρικόν
484 1757 563 1822 κόνιν
596 1754 669 1837 ἔχον
691 1756 744 1820 καὶ
769 1757 1061 1838 coepeperunt
1085 1762 1175 1823 τοῦτο
1206 1760 1325 1840 περιιὼν

141 1868 246 1947 χρῖον
277 1863 340 1929 aial
374 1871 437 1937 σοῖς
469 1861 673 1945 Φιλοσόφοις,
705 1869 768 1935 σοῖς
800 1867 970 1944 σοφιςοιῒς,
1007 1872 1070 1937 ποῑς
1104 1862 1323 1946 όπλομοόχοις,
1421 1872 1448 1928 ἦ

142 1977 207 2042 σοῖς
231 1970 400 2050 ἁρμονικοῖς
423 1968 657 2034 ἐπιδείκνυσθαι.
706 1965 868 2032 unienda:
898 1970 1016 2049 περιιὼν
1047 1968 1229 2052 κιχροόναι
1261 1979 1324 2044 σοῖς

140 2077 326 2158 Φιλοσόφοις
349 2075 414 2140 κπὲ.
462 2072 674 2140 Athenienses
697 2072 782 2138 enirn
807 2081 992 2139 constanter
1015 2076 1144 2156 κίχρημι
1176 2073 1325 2143 dicabant

142 2188 177 2248 et
198 2181 365 2262 κίχραμαι.
412 2179 513 2246 Periit
545 2179 577 2243 in
602 2187 802 2244 KIXPANAI
827 2179 929 2265 prirna
953 2177 1076 2267 syllaba
1102 2190 1134 2246 et
1158 2181 1206 2247 sic
1228 2193 1322 2248 XPA-

143 2295 220 2353 NAI
253 2287 284 2350 in
318 2289 400 2367 χρῖον
424 2286 475 2351 oiri
505 2282 596 2350 abiit.
646 2283 767 2349 Vitiosa
802 2280 922 2368 legitur
951 2288 1118 2367 κιχροῖσθαι
1147 2286 1178 2352 in
1212 2287 1325 2354 Codice

142 2391 289 2458 Palatino
311 2391 343 2455 iu
368 2391 531 2455 uiolatione
552 2390 800 2470 αἰσχροκερδείας
825 2388 902 2454 lin.:
934 2390 986 2456 καὶ
1015 2391 1101 2471 παραὶ
1129 2399 1189 2458 σῶν
1220 2396 1327 2475 evopt-

141 2522 208 2579 μοιν
227 2502 360 2564 τοιαῦτα
386 2495 613 2577 κιχρῑισόαι,
643 2491 765 2573 cintia*
788 2492 827 2559 ἂν
850 2497 1026 2571 οὶπαιτήσαι
1056 2501 1132 2577 μήτ’
1155 2497 1194 2563 όν
1220 2501 1325 2566 enoda·

142 2604 252 2671 δόντων
284 2603 408 2684 παχέας
441 2601 479 2666 lto
508 2626 555 2674 τις
583 2603 766 2681 κομίσαιτο,
800 2599 853 2666 uhi
880 2620 989 2667 terum
1020 2611 1069 2668 est
1096 2605 1264 2686 κίχρασθαι
1292 2615 1325 2672 et

140 2708 336 2782 ἀποδιδόντος
361 2727 417 2794 pro
438 2706 650 2774 οὶποδιδόνπων.
698 2706 734 2773 ln
762 2707 868 2792 priore
893 2705 1103 2793 Theophrasti
1127 2709 1196 2776 loco
1224 2713 1321 2778 etiarn

140 2813 229 2883 aliud
261 2812 448 2880 vocabulum
478 2821 526 2877 est
558 2813 662 2899 capite
688 2820 895 2878 truncatum:
928 2812 981 2878 καὶ
1015 2818 1104 2879 τοῦτο
1129 2817 1248 2896 περιιὼν
1279 2843 1323 2883 κι·

139 2920 256 3004 χρόναι
276 2929 340 2992 σοῖς
364 2917 608 3002 φιλοσόφοις-
629 2918 947 2984 ἐπιδείκνυσθαι.
995 2917 1062 2984 Ηυυ
1087 2929 1173 2985 recte
1196 2920 1323 2989 dictum

139 3035 225 3094 asset
259 3027 285 3092 εἰ
315 3026 445 3104 ἔμελλον
477 3026 503 3088 el
533 3023 700 3105 φιλόσοφοι
728 3024 763 3088 πό
799 3023 934 3088 αὑλιδιον
967 3024 1044 3089 αὐτὸ
1076 3025 1324 3106 ἐπιδείκνυσθαι,

139 3151 227 3198 ιιιιυυ
251 3131 327 3216 quia
358 3129 438 3195 satis
466 3134 593 3193 certum
621 3135 671 3193 est
694 3129 805 3201 αὐτοὺς
839 3128 967 3207 μέλλειν
996 3129 1034 3195 ἐν
1066 3131 1116 3212 σῷ
1147 3135 1324 3217 αθλιδίῳ

141 3237 365 3304 ἐπιδείκνυσθαι
397 3236 452 3311 πῖον
484 3234 599 3298 ἑαυτῶν
629 3235 743 3315 σοφίαν
777 3232 845 3298 lieri
878 3253 940 3298 non
975 3242 1079 3321 polest
1111 3238 1189 3322 quin
1223 3239 1322 3306 Theo·

139 3341 294 3429 phraslus
313 3339 497 3426 scripserit:
522 3338 574 3404 καὶ
593 3344 683 3403 τοῦτο
703 3341 819 3419 περιιὼν
836 3339 982 3422 κιχροόναι
999 3351 1062 3415 σοῖς
1082 3344 1323 3429 φιλοσόφοις-

140 3447 481 3513 ἐναποδείκνυσθαι.
531 3442 591 3510 Sed
617 3442 656 3508 ad
681 3444 922 3530 Xenophontem
948 3455 1103 3515 revertor.
1151 3504 1154 3509 .

148 3622 151 3627 ,
198 3553 267 3620 Non
296 3561 344 3618 ast
373 3551 412 3617 ah
441 3552 513 3637 ipso.
535 3549 741 3636 Xenophonte
771 3547 913 3634 proiecta
942 3549 1044 3617 lorma
1075 3558 1326 3638 πενπασπίθαμοι

142 3658 184 3726 ll.
206 3664 237 3725 t.
262 3666 295 3724 el
319 3661 360 3735 7,
385 3676 488 3742 neque
520 3654 775 3724 ravennatem
800 3654 853 3721 lx.
881 3660 942 3735 14,
974 3677 1077 3744 neque
1104 3669 1325 3731 πενταπαλαί·

140 3790 210 3838 ςους
234 3766 275 3836 x.
301 3769 341 3840 5,
365 3782 469 3847 neque
493 3760 561 3826 vll.
586 3765 616 3826 6.
641 3762 841 3840 όκπαμιίνους.
892 3760 1072 3849 Scripserat
1095 3764 1134 3832 de
1158 3788 1246 3835 ruore
1270 3791 1322 3856 po·
1409 3837 1411 3840 Α

142 3869 304 3957 palariam
327 3867 571 3946 accaronitarum
592 3875 623 3932 el
647 3866 896 3936 πενπεσοόλαιςον
917 3877 950 3934 el
969 3872 1177 3951 όκσιομνίνους,
1202 3873 1240 3939 de
1259 3895 1324 3960 qua

141 3974 387 4042 Atheniensium
412 3971 643 4038 cousuetudine
665 3971 726 4038 alio
748 3971 817 4038 loco
833 3972 999 4058 ootrrplura
1022 3977 1214 4044 notavimus.
1239 3978 1323 4045 Sori-

141 4081 200 4148 bae
222 4089 298 4147 sunt
327 4078 367 4146 ad
399 4097 494 4145 suum
525 4077 674 4164 loquendi
704 4097 824 4156 nrorern
857 4082 1029 4162 εὐεπίφοροι
1061 4090 1094 4147 et
1126 4084 1172 4148 sic
1202 4082 1325 4154 formae

141 4187 292 4273 antiquae
313 4195 457 4271 pereunt.
505 4183 541 4248 lo
567 4181 732 4269 Sophoclis
755 4181 935 4268 lragnrenlo
959 4190 1024 4252 595
1050 4186 1205 4255 Nauolrii:

277 4292 329 4358 καὶ
354 4291 459 4357 πεσσόο
484 4288 798 4371 πεντόγραμμα
821 4291 873 4357 καὶ
898 4292 1001 4371 κύβιον
1024 4292 1141 4372 βολοός,

141 4397 257 4486 probae
282 4398 462 4484 scripturae
484 4394 654 4464 manifesta
676 4395 810 4481 uestigia
833 4407 940 4466 serrat
964 4397 1222 4486 Hesychianura:
1242 4415 1322 4471 Πισ-
