2940 5010
693 310 757 374 792

318 483 455 564 βθβληκ’
478 482 650 565 Ἀχιλλεύς
672 484 723 550 δύο
746 482 834 564 κύβω
856 483 910 550 καὶ
933 484 1093 569 τέσσαρα,

138 598 171 658 et
195 589 226 654 iu
249 593 311 663 πῶς
335 586 374 654 θον
393 586 525 668 βούλομ’
547 589 728 669 Εὐριπίδην,
760 588 897 676 aliisque
925 592 1065 679 passim:
1089 590 1146 659 sed
1170 590 1252 679 qood
1269 592 1310 657 ιὀ-

137 706 220 763 etum
250 704 296 761 est
330 713 424 760 nemo
446 694 490 759 πθ
516 694 673 773 βληθέντα
701 694 839 782 appellat
872 694 928 763 sed
963 716 1076 766 omnes
1105 698 1151 765 τύ
1179 698 1309 765 πεσθιτα

134 810 193 868 aut
212 801 256 868 rol
279 799 470 878 θκπεσθντα,
494 807 531 866 ut
552 801 586 865 in
610 799 798 888 Sophocleo:

316 906 435 1001 τέρχειν
458 905 489 971 δὲ
512 906 713 973 τθκπεσθντα
734 904 788 973 sed
810 906 913 974 θθσθαι
935 907 1046 990 τρέπει

318 1013 413 1096 σοφὸν
436 1012 608 1090 κυβευτήν,
633 1012 722 1079 οῖλλοδ
744 1014 790 1091 μη
811 998 906 1082 σθνειν
928 1011 1041 1095 τύχην.

180 1117 320 1204 intelligi
350 1136 482 1203 prorsus
507 1136 569 1181 non
600 1124 704 1203 potest
727 1136 790 1204 quo
811 1116 904 1184 modo
924 1117 1055 1185 dicatur
1083 1119 1229 1186 ἐκπεσεῖν
1260 1118 1313 1187 ist

139 1227 199 1294 τῶν
220 1224 355 1306 ἐχθρῶν,
379 1224 574 1305 περιπθπτειν
604 1230 730 1299 κακοῖς,
762 1223 911 1303 θμπεσεῖν
942 1227 985 1299 sle
1016 1225 1071 1291 τθν
1100 1230 1232 1305 μυλῶνα
1244 1272 1255 1306 ,
1283 1232 1313 1291 ά

137 1329 258 1397 similia
281 1327 360 1394 hene
389 1327 512 1406 multa,
546 1328 610 1393 nisi
633 1326 900 1395 animadverteris
932 1328 1012 1395 lraec
1029 1350 1092 1417 pro
1108 1330 1250 1415 ρσιιθοθε
1269 1348 1313 1397 το-

136 1434 292 1523 spondere
325 1431 431 1498 verbis
464 1432 634 1511 θκβοθλλω,
664 1433 870 1516 περιβθλλιι,
903 1432 1071 1516 θμβθλλω.
1129 1432 1225 1521 Apud
1258 1433 1313 1502 llo·

138 1540 288 1630 sychium
316 1536 399 1604 male
428 1536 551 1604 editur:
582 1543 821 1616 Ἐμπεσεῖνι
855 1541 899 1614 εἷς
928 1540 1132 1623 δεσμωτήρια
1160 1542 1312 1623 ἀχθῆναι,

138 1646 196 1714 sed
218 1643 395 1712 edendum:
427 1646 639 1723 Ἐμπεσεῖν
671 1645 730 1719 sic
761 1645 1035 1729 δεσμωτήριονε
1069 1647 1230 1730 ἀχθῆναι,
1261 1644 1312 1733 qui

138 1751 228 1819 locus
252 1748 333 1816 milri
351 1755 480 1815 sumtus
502 1748 630 1815 videtur
649 1749 813 1835 exaliqua
832 1748 916 1828 λέξει
935 1750 1103 1826 Πλούτωνος
1126 1759 1161 1818 et
1179 1749 1313 1818 selemn-

137 1856 200 1924 dus
221 1853 262 1922 ed
285 1854 426 1922 Platonis
447 1852 489 1919 de
510 1854 588 1941 llep.
620 1853 725 1920 locum
745 1853 831 1921 Vlll.
865 1876 895 1940 p.
917 1861 993 1923 ott.
1017 1856 1061 1933 B,
1090 1874 1188 1941 quem
1221 1872 1313 1942 snpra

140 1963 369 2050 opposuimus,
393 1959 447 2025 ubi
470 1959 544 2045 quis
567 1960 626 2026 ὑπὸ
648 1965 848 2044 συκοφαντῶν
870 1962 914 2036 οῖς
939 1962 1140 2044 δεσμωτήρια
1170 1962 1314 2042 ἐμπεσεῖν

139 2069 269 2135 dicitur.
318 2064 407 2147 Quod
437 2065 590 2150 magister
613 2067 747 2146 extores
771 2065 873 2141 dixit.
905 2066 1039 2145 melius,
1071 2075 1109 2133 ut
1139 2066 1249 2143 vides,
1271 2064 1315 2133 di-

140 2174 239 2240 sisset
262 2172 475 2251 ἐμβληθῆναι,
499 2168 553 2237 sed
574 2172 737 2256 sequiores
762 2172 806 2238 ita
828 2170 987 2247 solebant,
1010 2180 1047 2239 ut
1070 2172 1314 2239 Plutarchusin

139 2277 262 2345 Pericle
286 2296 355 2363 cap.
376 2281 438 2342 31:
470 2279 486 2340 θ
514 2276 637 2350 ceretae
664 2279 707 2349 sic
730 2278 765 2343 τὸ
789 2278 990 2358 δεσμωτήριον
1021 2278 1232 2361 ἀπαχθεὶς
1256 2279 1314 2343 θτε·

139 2385 272 2459 λεύτησε
300 2383 453 2459 νοσήσας,
487 2379 539 2447 uhi
563 2400 621 2467 pro
647 2383 806 2464 οῖπαχθεθς
824 2381 990 2457 „Veterum
1013 2382 1148 2469 quilibet
1179 2384 1315 2465 ε’μπεσθι

137 2491 307 2578 posuisset.

184 2596 220 2662 ln
247 2593 333 2660 lucta
361 2593 536 2678 composito
558 2592 758 2675 καταβάλλω
780 2595 950 2682 respondet
970 2596 1105 2685 simplex
1129 2596 1258 2673 πθπτω,
1282 2604 1316 2663 nt

140 2702 174 2766 in
198 2696 398 2788 Thucydidis
432 2698 518 2765 dicto
549 2699 633 2785 apud
663 2699 827 2768 Plutarch.
859 2703 891 2766 in
926 2700 1049 2768 Pericle
1075 2721 1145 2788 cap.
1171 2707 1211 2768 8:
1246 2699 1316 2768 θτιω

141 2808 201 2884 ἐγὼ
233 2803 450 2885 καταβοὶλω
487 2805 629 2871 ποιλοιθων
659 2807 770 2880 ε’κεῖνθς
801 2807 974 2886 οὶντιλέχων
1004 2809 1045 2881 ὦς
1076 2811 1112 2875 ού
1142 2808 1317 2874 πθπτωκε

141 2919 209 2997 νικᾷ
234 2912 286 2977 καῖ
304 2909 485 2990 μεταπεθθει
505 2912 575 2983 τοὺς
598 2911 747 2991 θρῶντας,
770 2932 920 2998 quaeres
940 2911 1079 2978 advertit
1103 2914 1169 2979 iam
1194 2912 1234 2980 ll.
1254 2912 1317 2979 Ste-

142 3017 306 3107 phanum:
332 3014 510 3080 »ooooow
535 3017 641 3103 inquit
669 3016 752 3082 »dici
774 3018 969 3084 πεπτωκέναι
999 3018 1039 3083 de
1056 3018 1115 3083 ι’θθο
1137 3038 1232 3105 poem
1253 3019 1319 3107 puis

141 3120 380 3203 κοιταβιθλλει.”
436 3118 490 3186 Sic
521 3121 585 3201 τρῖς
615 3132 721 3189 πεσεῖν
753 3130 785 3189 et
816 3124 881 3205 τρὶς
916 3125 1116 3203 καταβαλεῖν
1147 3123 1320 3191 lucidiores

142 3230 318 3305 dicuntur,
352 3232 385 3292 et
418 3226 503 3313 apud
536 3226 698 3294 Platonem
735 3228 767 3293 io
803 3228 918 3315 Hippia
953 3230 1078 3296 minore
1113 3250 1144 3316 p.
1168 3235 1247 3297 524.
1270 3229 1320 3316 ‚lz

142 3335 268 3416 οιθσχιον
292 3334 323 3397 ἒν
353 3331 442 3414 πύλη
473 3335 509 3399 τὸ
540 3332 706 3399 πθπτειν
737 3334 754 3409 ἢ
784 3335 819 3399 πθ
848 3334 1152 3414 κοιτοιβύλλειν.
1199 3334 1318 3402 Eodem

140 3440 235 3507 modo
257 3436 353 3505 verbo
373 3436 507 3515 κατθγω
536 3436 707 3524 respondet
730 3457 787 3523 pro
815 3440 942 3525 passivo
973 3439 1172 3522 κατέρχομαι
1196 3442 1257 3508 ύπθ
1277 3465 1320 3507 τι·

142 3571 210 3623 νος,
234 3543 273 3608 de
296 3561 359 3629 qua
383 3561 418 3608 rc
441 3541 503 3607 alio
527 3541 594 3609 loco
619 3542 749 3609 uberius
772 3542 925 3610 diximus.

186 3650 223 3716 ln
244 3648 298 3714 IX.
325 3653 365 3713 1:
401 3645 596 3714 Schneidero
617 3648 872 3736 obtemperatum
896 3650 1037 3736 oportuit
1060 3670 1119 3736 pro
1138 3651 1268 3731 μθλιςα
1294 3651 1320 3719 δ’

141 3756 181 3823 θιν
203 3755 296 3822 ἵππον
323 3753 592 3820 ἀποδεικνύειν
620 3755 696 3821 δέοι
724 3752 839 3837 ἔχοντα
863 3746 902 3821 ὧν
933 3756 1046 3829 ἱππεὺς
1068 3757 1169 3823 δεῖται
1200 3759 1244 3831 εἷς
1267 3756 1322 3824 πθ-

140 3879 252 3943 λεμον,
287 3859 466 3925 rectissime
501 3860 676 3944 corrigenti
704 3857 797 3926 ἵππον
829 3860 1069 3927 οῖποδεικνύοι
1108 3861 1236 3944 ἔχοντα.
1285 3863 1320 3930 ln

143 3972 212 4053 §5.
236 3968 274 4038 cic
293 3963 332 4030 θιν
356 3964 435 4042 ἥκετ’
455 3966 633 4045 οῖνοιβοιθνων
665 3973 799 4040 λυποῖ,
826 3965 1067 4032 rescribendum
1090 3969 1220 4047 λυποθη,
1244 3970 1321 4055 quis

140 4074 313 4159 scriptores
336 4072 434 4137 Attici
460 4090 521 4136 non
547 4070 609 4137 alia
632 4092 728 4158 quam
751 4071 811 4138 hac
831 4071 933 4138 dorma
957 4072 1150 4139 utebantur:
1174 4075 1320 4155 λυπέοιμι

136 4180 282 4245 lonicum
306 4186 408 4245 estet
437 4186 567 4258 λυποῖμι
592 4180 812 4265 Tragioorum.
861 4177 1005 4244 Turhant
1028 4179 1061 4245 in
1094 4177 1146 4246 nis
1175 4177 1320 4259 scribae,

137 4304 275 4371 quorum
307 4284 385 4352 vitio
413 4283 578 4352 erroribus
609 4283 794 4353 huiusmodi
821 4285 912 4352 Plato
936 4284 1141 4372 potissimum
1173 4285 1323 4375 oppletos
