2940 5010
662 278 726 339 too

148 458 186 527 lu
216 455 319 548 sot.
353 454 402 521 bis
433 450 559 537 corrige
587 448 705 534 ἔφυγον
737 468 794 536 pro
823 448 957 534 ἔφευγον
988 459 1022 518 et
1055 454 1169 543 supple
1200 460 1225 525 οί
1257 461 1285 527 δ’

98 564 257 641 Ἓλληνες
281 557 351 653 (είς)
381 557 538 626 ποίνανπία
566 555 738 638 ςρίψανπες
769 554 895 638 ἔφυγον.
942 555 1038 623 Peius
1060 561 1159 629 etiem
1190 563 1287 633 habet

101 667 330 757 imperfectum
353 665 408 732 lv.
434 683 476 730 rv.
501 665 556 727 21.
587 664 648 744 οὐχ
675 661 843 741 ὑπέμειναν
864 664 941 728 αλλ’
964 662 1150 748 ἔφευγον.

148 772 364 843 Soloecismus
384 767 530 836 fraudem
551 767 655 855 aperit
675 765 729 833 tv.
754 787 796 833 rr.
824 771 875 835 11.
910 770 928 844 ἡ
952 769 1028 849 χιῶο
1046 771 1209 856 ἀπέκρυψε
1231 775 1285 842 καί

100 878 148 949 aul
169 876 258 947 ὅπλα
280 876 333 945 καί
364 876 436 950 ποὺς
470 872 666 962 [ῶνίρῶπους]
702 871 954 952 ααπαιιειμίνουο.
1002 873 1287 962 Transposuisscnt

103 980 200 1053 modo
219 982 355 1060 nltimam
377 980 432 1049 sed
455 979 614 1066 optimum
637 974 725 1043 iaetu
748 985 798 1043 est
820 977 978 1044 emblema
999 998 1157 1051 resecare.
1204 984 1284 1054 ibid.

101 1088 158 1157 lv.
179 1108 224 1157 ιν.
251 1093 303 1156 15.
334 1108 399 1169 pon
425 1095 550 1172 χρῖσμα
582 1082 638 1151 sed
664 1091 768 1166 χρῶμα
796 1082 1002 1151 scribendum
1035 1104 1106 1154 esse
1136 1086 1213 1155 alibi
1238 1090 1286 1159 di·

100 1192 241 1283 ligerici·
267 1192 478 1261 ostendimus.
526 1190 719 1277 Sequiorunr
749 1196 798 1255 est
824 1190 968 1271 χρίσμα,
1005 1198 1041 1257 ut
1071 1194 1211 1275 πρίομοι,
1233 1198 1287 1265 κύ.

102 1314 229 1383 mena,
251 1296 362 1379 ξύομιο
391 1306 423 1365 et
446 1297 578 1365 omnino
603 1293 790 1362 terminatio
811 1318 894 1374 πμιι
920 1294 1163 1382 praecedentem
1193 1321 1288 1369 roen-

102 1402 166 1473 lern
198 1402 296 1473 babet
325 1411 525 1491 correptam,
548 1409 581 1468 et
607 1399 660 1466 nbi
682 1398 777 1485 longa
800 1399 918 1467 vocalis
940 1409 991 1467 est
1014 1427 1035 1468 ο
1057 1422 1121 1471 non
1143 1404 1285 1475 additur.

102 1512 261 1595 Κίχριμαι
284 1507 380 1576 habet
401 1516 530 1591 χρῖμα,
555 1515 593 1573 ut
614 1507 756 1586 μήνιμα,
778 1504 834 1573 sed
853 1505 991 1588 ἕζωομαι
1015 1508 1128 1591 ζῶμα,
1151 1511 1286 1596 κέχρωσ-

102 1640 164 1695 μαι
194 1622 333 1699 χρῶμα,
371 1614 537 1697 κίχωομοιι
580 1613 701 1694 χῶμα,
734 1609 896 1693 ἔγνωομαι
926 1618 1061 1694 γνῶμα,
1100 1616 1285 1697 ιιίιιρονομαι

103 1726 235 1805 αριῶμιι.
268 1720 335 1789 Gur
356 1728 453 1803 κρῖμα
476 1726 508 1785 et
528 1727 631 1798 κλῑμοι
650 1715 788 1782 habeant
811 1718 951 1803 priorem
975 1718 1185 1805 productam,
1209 1722 1285 1789 alibi

103 1834 256 1895 accurmc
278 1823 458 1893 ostendam.
504 1823 597 1889 Nune
628 1820 732 1887 obiter
754 1840 856 1887 unum
888 1820 928 1887 de
951 1842 1068 1910 genere
1099 1825 1159 1893 boc
1189 1828 1288 1894 attin·

103 1950 202 2021 pam,
235 1930 389 2019 qnoniam
421 1930 456 1995 in
490 1928 597 1995 ricino
631 1924 700 1992 loeo
735 1925 954 2013 Xenophontis
986 1927 1106 2015 legitur
1134 1940 1287 2021 corrupta

104 2036 220 2105 iorme.
265 2036 386 2124 Nempe
405 2034 459 2101 lv.
483 2054 512 2099 ν.
537 2036 591 2099 27.
627 2031 659 2097 in
684 2030 834 2098 omnibus
855 2030 947 2097 libris
968 2041 1019 2100 est
1040 2035 1094 2101 καί
1112 2036 1207 2117 μάλα
1231 2038 1287 2115 aab

102 2144 142 2211 ri
175 2142 267 2223 πίμα
300 2139 345 2220 ἦν.
393 2138 456 2207 Sed
488 2136 685 2224 Xenophon,
719 2144 757 2201 ut
788 2135 921 2203 Veteres
943 2157 1071 2206 summa
1105 2144 1287 2211 constantia

103 2264 239 2327 omnes,
271 2246 403 2334 scripsit
425 2245 461 2312 πί
490 2250 597 2323 πῶμα.
644 2241 738 2308 Certa
762 2240 955 2308 Graecitatis
980 2244 1144 2332 analogia,
1176 2257 1287 2317 certus

103 2350 257 2441 loquendi
279 2370 359 2417 usus
390 2349 555 2438 postulant
577 2355 615 2413 nt
637 2345 756 2434 ubique
778 2347 893 2414 vitiosa
922 2346 1152 2418 Graeculorum
1184 2352 1288 2423 iorma

102 2458 142 2527 ri
161 2457 252 2539 πίμιι
272 2457 305 2523 in
336 2456 372 2523 πὸ
396 2462 492 2535 πῶμα
525 2451 724 2520 emendetur.
770 2453 817 2520 lie
841 2473 904 2539 qua
926 2473 961 2520 re
984 2473 1086 2540 quum
1113 2457 1218 2526 obiter
1239 2460 1287 2527 di·

101 2564 225 2631 simam
259 2559 381 2649 aliquid
417 2558 456 2626 ad
491 2557 741 2645 Alcipbronem,
772 2577 833 2624 uon
858 2557 988 2646 probari
1020 2559 1081 2627 hoe
1107 2562 1285 2645 Neinebio,

101 2667 163 2757 qui
190 2665 232 2735 ad
259 2665 381 2734 Noschi
413 2663 506 2755 ldyll.
526 2664 581 2730 ΙΙΙ.
608 2668 661 2731 78.
692 2669 789 2742 πῶμα
821 2662 940 2731 dixisse
964 2666 1087 2733 Atticos
1109 2669 1288 2739 concedens

103 2792 184 2839 ιιιοο
204 2782 308 2839 tamea
329 2770 417 2849 ideo,
442 2769 568 2855 inquit,
592 2767 682 2848 πίμοι
710 2768 933 2836 Graeculorum
957 2780 1078 2838 tentum
1098 2796 1163 2841 οοοο
1185 2776 1288 2843 dicere

100 2878 233 2947 ιίοὺοίιοί
260 2876 415 2954 Cebetas,
437 2875 500 2940 oiri
528 2877 610 2961 sorte
633 2876 727 2941 etiem
757 2873 916 2939 Pindarus
946 2873 1034 2942 Nem.
1057 2878 1113 2945 111.
1141 2885 1218 2947 135.
1253 2884 1288 2948 ι’νι

105 2982 271 3053 Graeculis
300 2981 460 3049 labentius
486 2990 541 3045 est.
589 2978 651 3045 Sed
682 2978 811 3045 Cobotes
841 2979 973 3047 δείνωσιν
995 2983 1114 3048 emet.”
1158 2982 1286 3053 Nullam

99 3108 176 3157 ecoe
203 3088 237 3154 in
262 3085 322 3153 bac
352 3106 387 3154 re
408 3086 562 3163 δείνωσιν,
586 3082 733 3151 sedeam
754 3082 1006 3151 observationem
1031 3106 1140 3155 reram
1163 3100 1196 3156 et
1218 3111 1287 3158 cer·

100 3204 173 3261 tarn
194 3212 266 3261 osse
288 3190 369 3258 dabo
392 3210 522 3278 operam
559 3197 594 3256 ut
618 3188 793 3255 venerabili
825 3191 893 3256 seni
924 3189 1161 3271 demonstrem,
1184 3215 1286 3281 quum

98 3298 246 3387 primum
268 3295 350 3363 milri
372 3296 440 3379 arpi
465 3294 690 3377 παρεφθορυίας
713 3292 826 3371 λέξεως
860 3294 944 3382 quod
967 3296 1000 3362 in
1024 3297 1132 3364 animo
1156 3309 1205 3368 est
1229 3320 1287 3391 per

98 3402 206 3471 otium
229 3400 391 3469 scribendi
414 3402 504 3487 eopia
527 3399 667 3466 dabitur.
714 3400 751 3466 ln
772 3398 904 3467 Pindari
926 3400 1011 3469 loco:

284 3506 452 3589 κιρναμένα
474 3507 501 3572 δ’
524 3505 601 3588 ἕερο’
624 3504 769 3587 ἀμφέπει
790 3504 796 3594 Ι
816 3506 895 3585 πόμ’
916 3508 1073 3591 οίοίδιμον,

99 3613 262 3701 liorplrim
291 3632 355 3680 non
384 3611 520 3679 formam
552 3609 643 3690 πίμοο
675 3609 880 3697 improbans,
914 3612 971 3679 sed
1001 3614 1081 3700 quid
1108 3619 1287 3687 sententiae

98 3726 216 3807 aptum
247 3726 333 3785 esset
363 3737 522 3805 quaerens
547 3724 642 3782 acute
670 3714 744 3793 πῶμ’
774 3716 911 3796 ῶοίῶιριον
943 3719 1090 3786 coniecit.
1138 3719 1286 3788 Graeculi

99 3822 181 3913 quia
212 3823 301 3905 πίμα
332 3822 483 3890 dicebant
506 3821 589 3909 ipsi,
625 3819 823 3887 vitiumhoc
859 3820 975 3910 ubique
1008 3825 1106 3890 etiam
1142 3826 1286 3911 iugulato

98 3936 209 3997 metro
229 3928 408 3995 obtrudunt
433 3926 624 4005 Veteribus,
647 3925 781 4005 ἔκπωμα
806 3928 883 4013 qnia
907 3948 970 3994 nnn
993 3929 1133 4016 amplius
1155 3939 1225 3999 erat
1250 3933 1288 3999 in-

98 4054 167 4103 ιιοι1
190 4053 349 4123 nusquam
376 4032 461 4121 quod
482 4034 583 4100 sciam
607 4033 641 4097 in
662 4031 787 4112 ἔκπομιι
817 4034 1049 4122 corrumpitur.
1097 4034 1159 4102 Sed
1179 4035 1285 4106 dicam

99 4140 144 4209 de
166 4140 219 4207 bis
241 4139 398 4228 explicate
419 4138 510 4206 alias.

149 4246 187 4315 lrr
207 4244 262 4314 lv.
286 4266 329 4315 11.
355 4251 408 4314 17.
438 4244 626 4329 ἐρωτώμενος
652 4245 683 4312 δὲ
706 4245 844 4320 ποδαπὸς
871 4246 928 4321 ein.
981 4246 1149 4334 Scriptura
1172 4248 1289 4333 multu-
1406 4300 1408 4311 .

101 4372 180 4423 rum
198 4351 371 4431 librorum,
394 4353 430 4419 πὸ
445 4350 603 4427 ποδοπίς,
624 4352 712 4418 intus
732 4351 897 4419 continere
913 4351 1042 4420 ridetur
1054 4372 1163 4423 reram
1179 4330 1408 4716 ΙῊ
