2940 5010
713 292 776 356 tle

155 471 215 537 τοῦ
238 477 269 537 Α
292 469 328 535 το
352 477 381 532 Δ
404 465 650 546 λαμβάνοντας,
675 475 711 532 ut
737 461 929 531 Plutarchus
953 459 1115 548 loquitur,
1139 460 1223 548 apud
1248 482 1342 549 qnem

157 573 290 660 corrigo
317 574 441 654 άνδρεῖα
464 592 522 659 pro
551 570 678 653 άιδριοο,
711 568 878 636 eteoclem
903 563 997 631 modo
1028 565 1110 652 apnd
1141 568 1342 635 Aristotelem

158 678 195 745 in
228 678 400 745 ulilissimo
431 677 499 743 loco
531 677 624 743 Polit.
646 675 686 742 ll.
715 682 744 741 7.
776 673 829 739 καί
860 673 896 738 τί
929 696 969 749 γε
1001 673 1132 752 ἀρχαῖον
1162 672 1293 740 ἐκάλουν
1318 677 1344 740 οί

156 782 308 859 Λάκωνες
329 787 362 850 οὐ
387 782 538 865 Φιδίτια
561 784 637 847 άλλ*
660 783 824 863 άνδμεῒα
851 777 971 868 (odilus
994 775 1135 864 άνδρια),
1159 779 1299 862 καθάπερ
1319 782 1345 846 οί

159 898 297 972 Κρῆτες,
321 887 340 973 ᾗ
361 891 413 955 καί
439 888 528 964 δῆλον
549 886 597 954 ὅτι
619 888 731 952 turrecr
750 886 906 961 ἐληλιιίεν.
954 881 989 947 ln
1012 881 1145 949 eandem
1168 904 1236 951 retu
1259 905 1346 972 egre·

159 995 253 1081 mum
277 994 398 1081 Ephori
428 994 651 1059 testimonium
673 998 777 1058 exstat
810 987 895 1074 apud
930 986 1118 1054 Strabonem
1145 989 1181 1055 a.
1208 1009 1237 1076 p.
1259 995 1344 1057 482:

161 1099 191 1188 (ὃ
215 1103 350 1184 Ἔφορος
373 1099 476 1179 λέγει)
501 1101 545 1164 τά
569 1099 714 1164 συσσίτια
733 1097 857 1175 άνδρεῖα
886 1094 973 1175 παρά
994 1094 1052 1173 μὲν
1081 1101 1144 1166 τοῖς
1175 1096 1268 1175 Κρησί
1292 1096 1344 1162 καί

158 1210 214 1271 νῦν
236 1203 282 1271 ἔτι
306 1207 492 1280 καλεῖσθαι,
518 1204 604 1285 παρά
636 1204 668 1268 δὲ
690 1209 754 1275 τοῖς
778 1198 997 1281 Σπαρτιάταις
1032 1198 1077 1279 μη
1104 1198 1259 1277 διαμεῖναι
1288 1226 1346 1268 κα-

154 1310 300 1390 λούμενα
322 1311 430 1390 δμοίως
461 1309 511 1398 (ὡς
536 1305 732 1387 addendum)
757 1305 909 1386 πρότερον.
957 1306 1128 1370 Auctorem
1161 1324 1198 1371 ac
1231 1313 1345 1374 testem

156 1413 310 1502 Ephorus
322 1414 513 1501 locupletem
535 1412 747 1500 produxerat:
766 1413 839 1492 παρ’
852 1414 1010 1488 ’λλκμάνι
1022 1414 1097 1488 γοῦν
1117 1407 1193 1477 οἷίτω
1210 1414 1345 1478 κεῖσθαι·

778 1517 900 1599 Φοίναις
924 1517 955 1582 δὲ
979 1516 1031 1581 καί
1052 1517 1082 1581 ἐν
1105 1515 1250 1583 ίιάσοισιν

229 1625 303 1693 άνδ
310 1625 371 1707 ςεί
377 1649 426 1691 ων
449 1625 537 1707 παρά
560 1623 777 1702 δαιτυμόνεσσι
801 1622 909 1703 τρέπει
933 1627 1054 1688 ταιοῖνα
1075 1621 1257 1705 κατάρχειν.

156 1726 218 1795 obi
244 1729 310 1812 σάς
344 1729 561 1809 δαιτυμόνεσσι
594 1727 748 1813 legerim,
779 1725 1050 1812 quomadmodum
1079 1735 1112 1794 et
1140 1728 1175 1792 in
1204 1726 1345 1795 eiusdem

157 1830 343 1922 fragmento
366 1835 451 1922 apud
476 1833 580 1901 Schol.
608 1830 721 1920 Odyss.
745 1857 782 1911 γ.
808 1838 882 1897 171.

388 1940 453 2022 πάρ
476 1942 502 2006 d'
525 1943 600 2021 ἱερὸν
624 1939 774 2004 οκίιτελον
799 1935 878 2017 τάς
901 1961 938 2003 τε
961 1937 1072 2018 nepe,

158 2063 221 2132 pro
242 2044 332 2127 παρά
355 2069 414 2123 τε,
446 2054 477 2112 et
503 2047 535 2111 in
569 2044 768 2132 lepidissimo
800 2044 934 2130 parasiti
956 2042 1043 2109 dicto
1074 2042 1158 2131 apud
1191 2044 1348 2132 lipiohar-

159 2166 272 2216 mum:

252 2255 332 2323 τίκα
354 2258 411 2337 μὲν
431 2258 463 2322 ἐν
487 2257 585 2332 τίνεις
605 2257 684 2335 ἐγὼν
705 2251 758 2333 ἦν,
781 2255 861 2321 τίκα
886 2254 916 2319 δὲ
939 2254 1018 2335 πάρ
1041 2256 1138 2332 τίνοις
1162 2257 1259 2336 lydo,

157 2378 219 2449 pro
241 2362 329 2444 ταρά
351 2365 449 2439 erinon
472 2364 553 2441 ἐγώ,
586 2368 623 2427 ut
646 2361 754 2427 editur
784 2362 817 2425 in
846 2360 1028 2426 dristolelis
1060 2361 1152 2428 lllret.
1176 2364 1230 2430 lll.
1256 2369 1287 2433 9.
1314 2368 1347 2434 in

159 2465 237 2534 line.
284 2466 345 2534 Sed
369 2467 463 2534 redeo
486 2467 525 2534 ad
552 2468 806 2556 Xenophontem.

204 2571 241 2638 ln
265 2591 334 2660 cap.
355 2573 409 2638 lv.
434 2577 465 2638 i.
497 2593 550 2639 res
581 2580 650 2661 ipsa
674 2574 793 2641 clamat
815 2574 975 2655 φιλονικία
1000 2594 1057 2660 pro
1079 2579 1254 2657 Φιλονεικία
1278 2600 1349 2650 esse

158 2676 380 2745 scribendum.
428 2678 550 2745 Deinde
576 2681 677 2745 miror
696 2679 856 2766 quomodo
880 2682 942 2744 viri
969 2678 1053 2744 docti
1079 2681 1163 2748 lacre
1185 2688 1348 2770 potuerint

158 2784 341 2865 μεγαλείως
366 2785 397 2848 in
425 2786 442 2869 §
465 2789 496 2851 6.
530 2788 557 2852 oi
578 2787 609 2852 δὲ
632 2785 773 2867 ζημιοῦσι
792 2786 983 2866 μεγαλείως.
1035 2787 1146 2852 Granis
1169 2808 1269 2874 poena
1294 2812 1347 2879 ap·

157 2887 300 2977 pellatur
322 2889 422 2972 ζημία
445 2890 596 2969 μεγάλη,
630 2890 838 2978 quamobrem
864 2891 989 2972 ζημιοῦν
1021 2890 1173 2970 μεγάλως
1205 2894 1348 2963 solebant

158 2990 279 3060 dicere
324 2995 493 3082 Mopnip'oo
519 2998 632 3083 punire
664 3017 725 3061 non
752 3005 801 3062 est
826 2998 929 3081 magis
953 2993 1128 3062 abstrrdum
1163 3019 1260 3085 qnam
1291 3028 1346 3082 με·

158 3100 299 3179 γαλείως
331 3101 468 3183 ζημιοῦν.
517 3103 639 3168 Iniuria
672 3112 785 3168 contra
816 3098 1056 3188 reprehendunt
1081 3104 1140 3168 riri
1172 3104 1258 3172 docti
1290 3135 1347 3189 μη.

158 3215 291 3286 γαλεῒον
323 3207 356 3272 in
381 3208 395 3273 l
417 3213 448 3275 3.
484 3216 657 3289 μεγαλεῖον
689 3207 729 3273 άν
758 3232 788 3272 τι
820 3215 978 3286 γεννῆσαι.
1035 3207 1144 3275 Solent
1179 3215 1278 3279 Attici
1315 3219 1346 3286 in

158 3309 281 3377 talibus
304 3313 446 3391 γενναῖόν
467 3340 497 3380 τι
522 3314 651 3392 dicere,
672 3334 735 3400 qno
757 3312 960 3400 Xenophonti
982 3322 1112 3402 propter
1129 3337 1176 3404 sq.
1200 3328 1347 3399 γεννῆσαι

159 3424 232 3482 erat
251 3415 490 3486 abstinendum.

206 3520 245 3587 ln
274 3542 345 3610 cap.
366 3524 405 3589 V.
430 3529 461 3590 2.
493 3525 721 3611 corrigendum
747 3534 796 3592 est
824 3526 916 3606 γνοὺς
938 3528 969 3591 ἐν
999 3529 1127 3614 τούτῳ
1152 3543 1271 3604 narica
1295 3543 1347 3622 ρη-

158 3627 385 3710 διονργεῑσίαι,
417 3628 449 3695 id
473 3639 523 3696 est
552 3633 583 3696 ἐν
606 3635 649 3713 τῷ
674 3631 745 3697 οίκοι
775 3637 919 3710 σκηνοῦν;
944 3634 1057 3701 villose
1081 3636 1189 3704 odilus
1210 3641 1241 3705 ἐν
1264 3645 1348 3710 aod·

158 3757 256 3809 τοις.

207 3839 307 3906 Periit
341 3838 529 3906 vocabulum
564 3844 596 3908 in
622 3843 659 3909 V.
685 3849 716 3912 5.
750 3854 834 3912 σῖτον
858 3847 888 3912 δὲ
918 3844 1029 3923 ἔταξεν
1061 3850 1166 3922 αὐτοῖς
1195 3853 1234 3924 ὥς
1265 3854 1347 3932 μήτε

158 3946 425 4028 ὖτερτληροῦσίαι
458 3950 540 4026 μήτε
576 3949 686 4024 ἐνδεεῖς
722 3953 897 4030 γίγνεσθαι.
959 3952 1201 4039 supplendum:
1236 3956 1347 4035 ἔταξεν

158 4053 266 4127 αὐτοῖς
290 4051 458 4143 (τοσοῦτον)
483 4051 541 4123 cles
564 4057 629 4120 κτὲ.
676 4056 764 4121 (loni.
789 4056 829 4122 ll.
855 4064 874 4124 ὅ
906 4067 939 4123 et
968 4057 1034 4123 XV.
1061 4063 1091 4123 5.

204 4157 242 4224 ln
267 4162 286 4244 §
312 4165 344 4226 ὅ.
378 4160 464 4226 inter
486 4159 633 4241 ἀνέμιξεν
656 4171 688 4228 et
718 4164 917 4230 παιδεύεσθαι
942 4163 1107 4250 complura
1132 4166 1344 4249 exciderunt,

157 4269 197 4328 nl
219 4267 339 4350 passim
364 4264 465 4345 alibi,
500 4269 533 4333 in
562 4268 681 4354 quibus
715 4268 914 4355 explicandis
936 4279 992 4337 aut
1018 4271 1218 4358 corrigendis
1250 4296 1346 4364 opera

159 4366 296 4439 luditur.
344 4372 380 4439 ln
408 4377 426 4458 ς
450 4378 481 4439 8.
514 4372 662 4441 lacunam
691 4396 761 4442 esse
785 4376 934 4443 viderunt
958 4396 1091 4457 omnes,
1113 4381 1273 4465 quomodo
1296 4405 1348 4451 ex·
1454 4434 1463 4454 .
