2940 5010
720 267 780 328 tet

147 437 231 503 κοινά
267 436 421 503 dicuutur
449 439 557 504 ἑνεῖνοιι
586 457 648 501 non
681 445 814 503 συνεῖναι
843 449 906 512 τοῖς
931 441 1094 519 άνθριθτοις
1123 448 1155 505 et
1184 438 1261 527 quid
1290 460 1311 506 et

148 542 231 608 άτεί
280 543 430 609 Rescribe
456 544 570 629 igitur:
595 540 668 609 άττ’
692 542 787 612 ἕνεςιν
805 544 978 625 άνθράτοις.

193 646 296 713 Verba
326 647 492 733 Eupolidis
524 648 657 730 ὄρτυγος
682 647 812 729 ἔθρεψας
833 650 887 724 ἤδη
914 651 1055 728 τώτοτι;
1086 649 1261 717 admonent
1288 670 1311 715 m

147 752 208 819 loci
228 752 312 839 apud
332 753 524 831 lsocratem,
552 754 605 819 ubl
631 753 777 819 llditores
795 756 1005 839 margaritam
1027 756 1058 820 in
1080 757 1212 841 egregio
1228 753 1311 820 Codio

148 867 307 944 repertam
340 858 540 943 negligenter
570 860 767 926 abiecerunt.
816 858 932 925 Editur
964 861 996 924 in
1022 862 1166 926 oratione
1190 861 1309 941 τρθςΝ

147 964 262 1029 κοκλίοι
289 967 370 1050 §tt
389 961 466 1038 ίλως
491 965 554 1045 γάρ
586 966 611 1030 εί
642 965 780 1044 θέλοιμεν
804 973 931 1031 uxoreis
957 965 1017 1038 τάς
1046 967 1158 1046 Φθσειτ
1190 968 1248 1039 τάς
1278 972 1311 1030 τά

146 1071 304 1150 άνθράτων
325 1070 488 1150 εὑρήσομεν
509 1071 581 1142 τοὺς
601 1072 735 1143 πολλοὺς
757 1072 858 1135 αὐτῶν
881 1069 951 1135 οὔτε
971 1077 1031 1136 τῶν
1049 1073 1153 1137 σιτίων
1172 1073 1311 1154 χαίροντι

146 1184 209 1248 τοῖς
231 1175 450 1253 ὑγιεινοτάτοις
473 1175 543 1240 οὔτε
564 1181 624 1241 τῶν
644 1174 897 1253 ἐπιτηδευμάτων
917 1183 981 1249 τοῖς
1006 1178 1167 1250 κοιλλίςοις
1188 1178 1256 1243 οὔτε
1279 1184 1311 1242 cri

145 1278 340 1358 μαθημάτων
373 1287 438 1352 τοῖς
469 1280 724 1361 ὠφελιμωτάτοις
758 1281 848 1346 άλλά
884 1280 1088 1347 τοιντάτοιτιν
1119 1284 1261 1356 ίνοοντίοις
1293 1305 1310 1346 τ

146 1384 333 1464 συμφέροντι
365 1387 424 1458 τάς
455 1386 562 1461 ἡδονάς
596 1386 749 1469 ἔχοντος,
788 1386 843 1452 ιιίιί
875 1406 932 1473 pro
962 1387 1160 1467 μαθημάτων
1192 1388 1311 1474 egregit

146 1487 228 1554 liber
257 1489 391 1555 Urbinas
416 1490 600 1571 θρεμμάτων
624 1489 712 1556 solus
739 1493 878 1557 servavit
900 1494 1054 1578 optimam
1083 1502 1116 1559 et
1138 1493 1310 1559 verissimar

145 1592 325 1660 lectionem.
373 1595 482 1683 Carpit
511 1597 596 1663 enim
619 1604 728 1661 orator
751 1595 875 1663 lutilenr
901 1596 1104 1684 popularium
1123 1599 1311 1679 θρτνγιτροφι

145 1721 199 1775 ον,
223 1719 304 1784 quae
324 1702 522 1767 iuventutem
549 1702 689 1767 Atticam
713 1709 745 1768 et
768 1702 887 1768 mullos
906 1704 1003 1768 eliam
1025 1710 1130 1769 aetate
1152 1702 1311 1789 grandiore

146 1804 289 1890 impense
310 1804 506 1881 oblectabat,
530 1815 566 1872 ut
587 1806 763 1872 multorum
780 1808 934 1895 exemplis
952 1809 1158 1874 notissimum
1176 1817 1244 1886 est,
1266 1807 1311 1874 rid

143 1906 310 1976 Plutarch.
334 1911 366 1975 in
391 1911 555 1979 Alcibiade
579 1932 648 1999 cap.
664 1915 716 1977 10.

188 2012 355 2100 Eupolidis
381 2014 598 2104 fragmentum
627 2019 659 2083 in
682 2016 819 2084 Scholiis
851 2018 887 2084 ad
918 2018 1080 2107 Aristoph.
1104 2020 1178 2086 Pac.
1204 2040 1251 2088 vs.
1271 2023 1310 2087 54

143 2128 333 2208 corruptum
362 2130 394 2187 et
413 2123 563 2188 mutilum
586 2120 740 2202 allertur,
763 2124 816 2188 cui
843 2122 954 2188 ridebo
974 2143 1014 2190 an
1036 2124 1188 2212 prodesse
1208 2126 1311 2212 possin

146 2226 246 2292 Vetus
275 2235 307 2293 et
334 2226 482 2293 eruditus
506 2227 645 2295 Criticus
667 2226 708 2294 ad
741 2227 966 2314 Aristophanis
990 2228 1085 2296 rerba
1111 2228 1269 2310 τιβάθάς,
1295 2229 1311 2297 i

144 2330 246 2412 ἓλοιχο
265 2333 399 2413 Φορμίων
420 2331 498 2399 baec
519 2335 698 2400 annotarit:
723 2335 749 2398 οί
771 2334 813 2398 τά
834 2334 992 2412 πολεμικά
1013 2333 1262 2416 ἐξοτκητάμενοι
1278 2337 1311 2402 ιἰτ

142 2437 323 2515 νομνοιοίων
347 2437 400 2503 κω)
422 2437 519 2504 τθνων
545 2439 665 2504 οίάθοιτι
686 2446 911 2518 χωμοοικοιτεῑν
931 2441 984 2505 nal
1014 2440 1158 2515 Διθνντος
1181 2443 1213 2507 ίν
1240 2439 1311 2520 Ta?

142 2543 251 2624 άρχοιο
285 2545 358 2623 πάρ’
389 2543 539 2609 Εθτθλιθι
572 2543 759 2630 (transpone
787 2550 860 2624 παρ’
888 2545 1037 2610 Εὐπόλιδι
1071 2547 1101 2610 ἕν
1129 2545 1311 2632 Τωξιάρχοη

141 2645 302 2726 μωνθάνων
324 2650 412 2729 τοιρά
437 2651 480 2729 τῷ
505 2649 651 2729 Φορμίωνι
675 2652 745 2724 τοὺς
769 2656 828 2716 τῶν
851 2657 1026 2732 τροτηγιῶν
1046 2652 1099 2716 oet
1123 2653 1269 2732 πολέμων
1290 2676 1311 2719 νι

141 2777 218 2832 μους
241 2755 339 2835 φησίν

764 2865 802 2935 ὥς
825 2863 924 2927 οὐκέτ’
943 2861 982 2927 άν

322 2967 458 3049 φάγοιμι
474 3015 482 3031 .
497 3016 504 3032 .
520 2965 669 3045 ,ςιβάθος
696 2965 731 3042 ἐξ
751 2963 819 3032 ίτον
838 2970 971 3048 Ὄκνον.

141 3071 190 3138 lta
219 3070 297 3137 baec
325 3072 502 3138 lleinebius
524 3071 694 3136 constituit
727 3069 811 3136 lelicl
840 3070 1064 3137 emendatione
1096 3073 1243 3149 Διθνωτος
1281 3094 1311 3162 pr

142 3179 297 3251 Διονύσιος
319 3196 485 3262 reponens.
534 3177 619 3243 lleus
632 3177 700 3263 ipse
717 3175 858 3243 laetitiae
870 3176 978 3254 dator,
1004 3176 1109 3244 sedin
1129 3178 1311 3249 comicum

141 3282 272 3369 quidem
296 3281 413 3348 fabulis
433 3283 627 3357 δειλθτιιτορ,
659 3280 833 3348 fortissimo
856 3283 1044 3369 imperatori
1072 3283 1105 3350 in
1128 3283 1311 3373 disciplina

142 3407 176 3454 se
200 3386 331 3453 dederat
358 3396 390 3454 et
415 3389 483 3475 ipse
506 3387 639 3474 loquens
663 3386 839 3454 inducitur.
887 3391 1031 3474 Apparet
1055 3409 1129 3457 eum
1156 3388 1269 3458 dicere
1298 3410 1311 3461 t

141 3512 206 3581 quo
229 3490 320 3558 duris
341 3492 475 3559 militiae
496 3492 658 3559 laboribus
677 3493 837 3559 exercitus
861 3491 960 3558 luerit
980 3494 1094 3560 vicisse
1120 3513 1156 3560 se
1182 3504 1311 3564 natural

139 3607 236 3667 etex
261 3596 380 3664 imbelli
404 3609 437 3664 et
460 3600 577 3684 ignaro
602 3597 716 3664 lortem
741 3617 779 3663 ac
803 3605 972 3665 strenuum
997 3597 1119 3666 lactum
1141 3620 1224 3671 esse.
1269 3602 1311 3670 Ει

140 3704 219 3772 cidit
231 3713 340 3770 autem
361 3702 563 3771 Phormionis
583 3704 685 3790 ipsius
697 3703 837 3779 mentio,
860 3703 944 3790 apud
961 3724 1057 3791 quem
1079 3704 1157 3773 baec
1175 3705 1311 3777 didicere

140 3817 175 3878 ct
197 3809 292 3876 euius
316 3829 428 3876 caussa
453 3809 532 3876 baec
559 3806 756 3886 afferuntur,
789 3809 997 3895 quamobrem
1023 3810 1130 3878 locum
1157 3812 1203 3878 ita
1226 3814 1311 3882 redit

140 3913 334 4004 tegrandum
358 3934 427 3982 esse
450 3935 582 3993 censeo,
604 3924 642 3981 ot
665 3914 842 3983 scribatur:

501 4023 539 4096 ὣς
562 4021 661 4088 οὐκέτ’
685 4020 723 4087 άν
745 4020 881 4103 Φάγοιμ’
904 4023 982 4101 ἐγώ,

320 4127 350 4190 ἐν
375 4127 540 4208 Φορμίωνος
564 4127 692 4207 ςιβάδος
714 4125 750 4204 ἐξ
769 4123 839 4192 ίτοο
857 4127 997 4210 ”merom

138 4238 258 4314 φωνεῖν
285 4238 317 4296 et
339 4233 516 4310 γεθτωτθοιί
537 4257 616 4307 τινος
646 4235 750 4302 iocose
775 4231 931 4301 dicuntur
954 4255 1012 4323 pro
1033 4239 1231 4321 emporiticae,
1264 4241 1311 4308 άτ.

137 4345 259 4415 μεῖνοιι,
294 4337 489 4420 άνοιτχίτθωι
522 4340 595 4405 sim.
654 4345 707 4406 Ἐν
740 4342 905 4420 Φορμίωνος
943 4342 1066 4410 dictum
1096 4353 1144 4411 est
1182 4353 1217 4410 ui
1249 4365 1311 4433 npu
