2940 5010
703 261 768 325 olo

140 460 203 527 guo
226 436 357 504 oraculo
385 435 553 524 deceptum
587 437 722 522 periisse
747 436 932 513 retulisset,
959 438 1003 503 itu
1028 436 1135 524 pergit
1160 438 1202 507 ad
1226 440 1324 529 ipsum

137 543 315 632 Apollinem
348 543 524 608 orationem
550 551 760 608 convertens:
793 543 901 609 τούτου
926 543 958 609 δὲ
991 544 1054 618 υίὸς
1081 544 1123 611 ὢν
1148 545 1164 611 ό
1187 550 1322 627 Τέμενος

139 652 333 730 κακοδαίμων
358 645 426 723 ἧκεν
450 650 484 714 ἐκ
509 648 735 727 νοοκοδοινμόνοον
764 649 886 730 τρίτος,
915 652 955 717 οὺ
978 650 1004 715 δ’
1026 636 1324 739 αὐτῷ’ντοορεμγνᾷς

138 754 440 837 ἀκοίἈρνςομάχῳ
463 756 505 835 τῷ
531 754 625 835 accpi
649 754 715 818 κοοί
740 752 813 819 dcc
837 752 964 821 ἄλλοι·
989 756 1133 829 κάκεῖνός
1157 780 1222 833 τοο,
1245 758 1321 845 ἔφη,

138 862 269 935 πεισθείς
293 862 445 927 ἀντέθοονεν
469 862 499 924 ἒν
523 871 562 943 τῇ
586 861 724 943 ἐσβολῇ,
759 870 893 927 iuvem
924 859 1079 927 emenda:
1113 857 1138 927 ἀ
1170 863 1227 929 xxi
1249 869 1323 945 'Apo

138 968 272 1049 ςομοίχῳ
295 970 337 1048 τῷ
363 967 468 1048 τοτρί.
501 967 570 1031 cci
602 962 657 1039 ὃς·
691 966 800 1031 ἀλλά
822 966 962 1041 κάκεῖνός
988 991 1054 1044 τοο,
1087 964 1172 1051 ἔφη,
1196 970 1324 1045 verusio

137 1076 289 1140 derideres
313 1074 344 1136 ἐν
367 1082 405 1155 τῇ
430 1073 558 1154 ἐσβολῇ.

185 1177 387 1264 lncap.1v.
415 1184 444 1242 1.
479 1179 614 1244 ἀκούοντ’
637 1176 699 1256 ἀν,
733 1176 796 1259 ἔφη
831 1178 844 1241 ὅ
877 1178 1042 1255 Καλλίας,
1078 1178 1157 1257 ἐμοῦ
1194 1186 1325 1260 πρῶτον.

138 1283 373 1351 emendandum
398 1303 468 1348 esse
499 1304 614 1349 censeo
637 1284 712 1362 ἐμοῦ
742 1283 871 1365 πρώτου.
920 1283 999 1365 Quis
1030 1302 1096 1348 non
1128 1303 1230 1371 saepe
1254 1284 1325 1353 uidit

139 1399 254 1473 πρῶτος
277 1397 309 1455 et
342 1395 457 1470 πρῶτον
489 1387 667 1455 confundi?
711 1388 896 1474 Numquam
930 1387 991 1455 hoe
1025 1386 1152 1455 iactum
1177 1398 1231 1456 est
1254 1390 1323 1477 quio

141 1496 300 1563 sententia
322 1494 384 1561 loci
406 1502 687 1581 corrumperetur:
711 1493 765 1561 sed
791 1494 823 1559 iu
854 1492 971 1559 talibus
995 1494 1055 1558 viri
1079 1492 1168 1561 ducti
1194 1492 1230 1561 id
1249 1494 1324 1583 quot

142 1601 314 1668 dicendum
339 1608 408 1665 erat
433 1601 535 1684 magis
557 1619 654 1685 quarn
676 1597 708 1663 id
732 1597 817 1684 quod
841 1597 965 1665 dicitur
984 1599 1130 1685 cogitare
1152 1598 1276 1678 soient,
1297 1608 1324 1667 et

142 1709 187 1773 sie
213 1708 328 1771 vitiuru
360 1706 514 1771 orationis
549 1725 610 1768 noo
642 1703 915 1769 animadvertunt.
964 1703 1044 1784 Quis
1074 1724 1138 1770 uon
1165 1714 1255 1773 reete
1280 1707 1320 1772 iu·

143 1813 260 1897 telligit
284 1810 380 1877 verba
403 1808 601 1898 Thucydidis
622 1809 661 1874 ΙΙ.
687 1812 741 1874 54.
775 1808 907 1891 δημοσίῳ
928 1808 1039 1890 τοφάς
1062 1810 1250 1887 ἐποιήσαντο
1271 1815 1320 1877 τᾶν

145 1921 176 1984 ἐν
202 1917 277 2000 τῷδε
300 1919 342 1999 τῷ
368 1915 494 1997 πολέμῳ
529 1920 644 1995 πρῶτον
668 1914 901 1991 ἀποθανόντων,
932 1923 963 1978 ct
991 1922 1097 1979 tamen
1124 1914 1185 1981 hoc
1213 1918 1257 1983 ira
1283 1915 1320 1981 di·

146 2025 232 2090 citur
255 2024 348 2109 quasi
381 2021 413 2085 in
446 2019 527 2085 helio
556 2020 669 2085 iterum
701 2019 815 2085 cadere
844 2020 1029 2106 potuerint,
1055 2028 1090 2085 ut
1120 2022 1178 2107 qui
1208 2022 1242 2088 iu
1273 2020 1319 2087 hoc

145 2128 226 2194 beiio
246 2129 385 2215 priorum
417 2124 620 2191 cecidissent.
669 2125 737 2190 iuro
770 2144 846 2190 reru
867 2123 966 2208 primi
988 2123 1174 2191 ceciderant
1199 2135 1233 2193 ct
1255 2128 1318 2211 τρί»

146 2259 205 2301 των
230 2242 278 2299 est
313 2230 542 2318 reponendum.
590 2229 750 2296 Eusebius
775 2230 806 2295 io
844 2228 971 2296 Stohaei
1007 2228 1117 2295 Florii.
1140 2230 1250 2299 ΧΙΝΙ.
1276 2238 1318 2299 u.

149 2359 210 2403 non
235 2337 384 2423 scripsit:
409 2339 423 2401 ὁ
448 2336 577 2408 θοίνοοτος
598 2335 684 2416 capit
708 2341 766 2400 τῶν
794 2336 918 2417 τροίτορ
943 2334 1048 2401 δίκαιον
1079 2336 1189 2404 θέντων
1212 2336 1319 2411 orinia

147 2470 176 2510 τι
202 2444 296 2509 κοκθν
319 2444 510 2521 ἕτετνμνίθν,
542 2442 597 2509 sed
621 2442 707 2523 ποορά
732 2447 791 2507 τῶν
816 2443 975 2524 τροίτοον
1000 2443 1051 2507 τίν
1075 2443 1183 2509 dium
1204 2444 1318 2519 θέντον,

147 2558 180 2616 et
199 2548 317 2635 passini
343 2547 457 2613 nrcrrda
484 2544 717 2614 eiusdemmodi
741 2555 926 2614 recurrunt.

204 2652 408 2719 iiaoiiestuui
442 2651 699 2720 additamentum
734 2652 940 2719 eximendum
977 2662 1026 2721 est
1050 2654 1102 2720 iV.
1140 2662 1167 2720 l.
1209 2659 1239 2723 ἐν
1271 2658 1316 2741 [τῷ

147 2761 260 2845 χρόνῳ]
284 2754 305 2841 ᾧ
330 2761 411 2838 ὑμῶν
443 2759 541 2824 ἀκούω
571 2759 761 2841 ἀπορούντων
783 2759 816 2824 τί
846 2765 881 2827 τὸ
905 2760 1019 2826 δίκαιον
1044 2762 1199 2845 ἐντούτῳ
1223 2762 1318 2828 dimo·

148 2866 249 2947 τέροορ
273 2866 343 2937 τοὺς
367 2865 536 2945 ἀνθρώπους
562 2873 644 2930 ποιῶ.
693 2863 773 2944 Quis
801 2885 864 2929 nou
898 2867 997 2931 sentit
1023 2868 1065 2947 τῷ
1092 2867 1192 2951 χρόνῳ
1224 2866 1319 2934 adcessi

150 2980 313 3058 operiere,
337 2980 368 3036 et
392 2971 465 3035 dum
490 2972 521 3034 ἐν
541 2965 563 3052 ᾧ
584 2969 647 3035 dici
672 2969 792 3046 nescit,
816 2976 872 3035 aut
894 2972 925 3035 ἐν
948 2967 1006 3053 ίτῳ
1032 2972 1178 3061 (Person.
1203 2972 1318 3039 Adros

149 3099 180 3164 p.
205 3076 309 3164 h9i)?
343 3085 508 3162 praetcrea
541 3076 571 3139 ἐν
597 3075 769 3160 repetitum
795 3076 937 3161 oportuit
960 3078 991 3142 ἕν
1018 3080 1060 3159 τῷ
1091 3079 1213 3160 χρόνῳ,
1246 3070 1317 3157 iuri.

149 3184 255 3249 Etiam
277 3181 352 3247 aiihi
377 3181 461 3267 apud
486 3179 728 3266 Xenophontem
760 3179 871 3246 eodeni
896 3181 988 3246 niodo
1012 3193 1183 3269 peccatum
1207 3191 1264 3250 cst.

194 3288 368 3374 Frequenti
392 3306 501 3352 errore
527 3287 557 3350 in
592 3289 665 3368 §5.
699 3286 756 3363 μέν
790 3289 1022 3373 transpositum
1047 3297 1097 3354 cst
1128 3289 1162 3353 in
1194 3287 1282 3355 libris
1297 3287 1318 3353 εί

150 3399 206 3475 μὲν
230 3398 302 3475 πρὸς
331 3394 401 3466 τοὺς
437 3392 552 3465 ἀλλους
586 3412 641 3477 pro
672 3392 697 3456 εί
729 3392 802 3473 πρὸς
833 3394 891 3471 μὲν
923 3392 993 3466 τοὺς
1025 3391 1166 3473 ἀλλους,
1201 3393 1241 3461 de
1269 3410 1320 3481 quo

149 3500 257 3568 ruendi
281 3518 397 3584 genere
420 3518 518 3584 supra
542 3496 699 3583 quaedum
718 3498 955 3564 annotavimus.

195 3607 230 3672 In
263 3608 334 3690 §lc
366 3625 422 3690 pro
446 3606 476 3669 ἕν
499 3605 596 3686 μισθῷ
620 3606 733 3676 adroic
759 3605 887 3668 οίκοῦτνν
910 3604 1035 3690 primus
1061 3607 1210 3672 oninium
1240 3608 1316 3674 hem.

149 3716 262 3780 Portus
283 3730 389 3776 reram
416 3709 584 3776 lectionem
610 3709 728 3793 reperit
751 3709 780 3772 ἕν
802 3710 1028 3787 μισθωτοῖς
1052 3711 1193 3777 οἰκοῦσιν.
1240 3710 1318 3778 Com·

149 3817 240 3885 mode
257 3813 473 3884 Schneidcrus
491 3814 599 3882 attolit
623 3812 834 3899 Theophrasti
855 3811 960 3879 iocum
980 3834 1019 3882 ex
1038 3814 1201 3882 Charautt.
1218 3814 1318 3883 xxiii.

147 3926 197 3990 κοοί
224 3925 254 3988 ἐν
278 3926 414 4004 predari
439 3923 518 4005 cim'qc
542 3924 626 3986 οἰκῶν
649 3926 751 4002 <pisci
775 3919 893 3993 τοοότνρν
917 3916 995 3986 είνοοο
1024 3922 1080 3997 τὴν
1104 3921 1273 4004 τοοτρῴονν,
1292 3926 1319 3985 et

146 4028 414 4104 Vaickcoacrius,
446 4027 502 4111 qui
535 4027 565 4090 iu
592 4023 861 4091 Aoootatiooibus
893 4024 967 4091 diss.
992 4024 1127 4092 eaodem
1162 4026 1318 4093 correctio

145 4155 218 4201 ucrn
241 4132 316 4199 huic
339 4132 407 4198 loeo
431 4130 600 4211 adhibuit,
623 4131 794 4217 adscripsit
818 4128 933 4197 Athen.
959 4153 989 4219 p.
1010 4137 1087 4198 212.
1111 4133 1149 4199 D.
1174 4135 1189 4199 ί
1210 4135 1242 4200 δὲ
1261 4130 1318 4213 τρθ

145 4264 227 4320 τερον
252 4241 285 4304 ἐκ
302 4241 456 4318 μισθωτῆς
478 4239 575 4309 οίκίοος
599 4235 693 4312 ἐξιών.

191 4346 225 4409 lu
252 4349 269 4430 ξ
293 4352 322 4411 e.
348 4343 451 4410 ἀνοίτ
460 4368 531 4425 χον
560 4344 683 4423 μέντοι,
709 4338 730 4407 ὦ
754 4343 892 4425 copied,
917 4344 1140 4427 ἐλεγχόμενος.
1189 4348 1239 4421 Ni
1260 4344 1319 4417 Δί,
