2940 5010
695 260 761 327 300

135 431 191 500 alii
223 432 419 503 indicarunt.
468 433 547 517 Quis
574 454 637 501 non
672 435 871 502 assentiatur
901 430 1043 499 llolrraeo
1076 430 1109 497 iu
1144 429 1335 499 'l'roadilrus

138 556 184 606 us.
208 544 290 606 105:

317 652 396 710 πλεῖ
416 644 501 711 κοντοὶ
519 645 669 727 πορθμόν,
697 644 789 732 [πλεῖ
807 644 893 711 κοινοὶ
915 644 1082 729 δαίμονα]

321 751 399 829 μηδὲ
423 751 550 833 προοίςν
575 754 693 834 πρῷραν
711 749 818 830 βιότου

416 858 600 937 replendum
623 856 763 924 ratam
785 856 945 939 τύχονσνν.

138 960 336 1045 expungcuti
355 969 435 1027 rtet
455 961 541 1027 κοτὲ
564 961 722 1041 tancre?
762 960 934 1048 Aliquanto
958 960 1056 1027 etiam
1075 957 1182 1045 magis
1203 955 1336 1044 puerile

136 1072 172 1129 et
194 1065 354 1132 insulsum
378 1065 634 1133 additamentum
665 1065 822 1154 estquod
852 1064 937 1133 idcur
968 1066 1094 1151 primus
1115 1061 1335 1151 deprehendit

138 1188 185 1234 us.
207 1173 289 1236 255:

308 1274 455 1355 Ἑκάβη,
478 1278 598 1351 πυκνὰς
621 1278 685 1362 γὰρ
712 1273 799 1343 olrlrl
821 1282 858 1357 μ’
882 1278 924 1350 εἷς
946 1275 1059 1357 ΤροΙοον
1081 1276 1165 1349 ὁδούς

271 1396 273 1401 ’
319 1382 449 1447 ἐλθόντος
473 1383 576 1463 κήρυκ’
600 1383 635 1460 ἓξ
657 1385 812 1465 Ἀχαϊκοῦ
836 1387 971 1465 cleron,

308 1485 509 1573 [ἐγνωσμένος
533 1487 564 1552 δὲ
588 1489 639 1553 xci
664 1487 787 1570 πάροιθέ
811 1511 874 1565 οον,
899 1485 1029 1575 οὔνομ]

320 1593 499 1672 Ταλθύβιος
523 1592 585 1670 ἥκω
608 1595 709 1659 κοινὸν
733 1595 882 1671 ἀγγελῶν
906 1592 989 1665 ἔπος.

139 1702 326 1779 poteratne,
360 1717 499 1783 quaeso,
533 1698 671 1783 ineptior
702 1716 815 1762 uersus
851 1696 972 1763 inseri?
1019 1696 1056 1761 ln
1086 1693 1207 1763 Helene
1242 1700 1332 1762 recte

138 1797 244 1865 idonei
270 1800 392 1867 iudices
414 1801 609 1868 damnarunt
633 1822 678 1867 vs.
703 1806 783 1869 780:

320 1910 419 1990 <leis
441 1910 480 1981 ὥς
503 1907 628 1990 rixosa
650 1909 738 1984 τῆσδ’
762 1906 986 1990 ἀπαλλαχθεὶς
1009 1904 1128 1989 χθονό.

141 2016 175 2076 et
197 2011 441 2097 putidissimum
467 2034 513 2078 vs.
536 2018 619 2081 905:

379 2119 483 2192 ἒοοτέος
506 2119 533 2183 δ’
557 2120 571 2184 ὃ
594 2124 728 2192 πλοῦτος
751 2115 856 2190 ἄδικός
879 2141 926 2191 τος
949 2118 1009 2196 ὤν,

138 2224 197 2310 qui
221 2242 262 2291 ue
286 2231 336 2289 est
358 2222 488 2309 quidem
522 2224 668 2290 senarius
700 2221 755 2289 sed
787 2223 876 2303 ςίχος
908 2223 1084 2301 πολιτικός,
1114 2219 1227 2308 quales
1258 2221 1333 2289 laen

141 2328 370 2396 Graeculorum
405 2348 543 2415 pangere
563 2326 705 2395 solebat.
754 2327 943 2393 Rectissime
977 2325 1118 2393 Badlrum
1149 2325 1334 2395 eliminavit

142 2437 315 2502 us.1008:

418 2537 604 2621 πενοοὶοομοιν
627 2539 659 2605 δὲ
684 2538 826 2620 παρθένος
850 2537 951 2616 μένειν
975 2538 1044 2616 olel,

142 2644 255 2731 quovis
287 2650 379 2729 procla
410 2645 506 2709 etianr
539 2643 691 2710 mediocri
722 2642 901 2728 indiguum.
950 2642 1020 2729 lpse
1044 2643 1076 2708 in
1108 2643 1334 2730 superioribus

143 2749 282 2817 indicavi
307 2769 351 2813 vs.
374 2753 450 2815 cot.
475 2748 617 2815 ciusdem
644 2747 787 2814 labulac:

323 2854 484 2927 Μενέλαος
508 2857 561 2920 οὐκ
584 2852 724 2931 ἄγνος-ος
747 2855 777 2919 ἐν
800 2853 887 2937 πάσῃ
909 2854 997 2936 χθονί
1008 2902 1017 2929 ,

143 2986 161 3030 a
185 2961 270 3029 mala
294 2979 393 3026 uranu
417 2960 558 3045 imperiti
582 2958 730 3026 Graeculi
750 2957 930 3044 proiectum
954 2977 1024 3024 esse
1050 2956 1129 3024 milri
1152 2958 1277 3041 uideri,
1299 2971 1333 3031 et

141 3070 289 3158 spurium
314 3068 391 3134 item
416 3083 485 3130 esse
508 3085 554 3130 vs.
580 3069 665 3130 itit:

322 3171 418 3244 εἴποις
441 3169 480 3235 ἂν
503 3168 605 3252 οὕνεχ’
629 3172 643 3235 ὃ
666 3172 729 3244 θεὸς
753 3172 806 3235 οὖν
830 3169 998 3247 ἐβούλετο,

143 3281 199 3367 qui
234 3287 343 3365 aperto
375 3285 486 3366 poetae
518 3276 723 3361 obloquitur,
755 3283 792 3340 ut
824 3272 975 3340 nonnulla
1001 3272 1220 3342 additamenta
1252 3286 1331 3343 suut

143 3403 277 3459 corum,
301 3384 356 3467 qui
381 3381 610 3469 scriptoribus,
635 3400 714 3466 quos
738 3380 863 3466 legunt,
887 3378 1041 3445 obiiciunt
1054 3377 1177 3467 aliquid
1200 3389 1258 3450 aut
1281 3402 1332 3451 re·

144 3496 317 3578 sponsant:
341 3505 423 3573 quae
447 3505 498 3552 res
530 3486 591 3552 uisi
615 3486 724 3551 statim
750 3484 1019 3552 animadvertitur
1046 3484 1202 3552 mirificas
1223 3495 1259 3554 et
1284 3490 1332 3555 iu·

143 3592 360 3663 cuudissimas
390 3592 525 3669 ἀλογίας
556 3612 668 3678 parere
701 3600 815 3678 potest.
871 3589 980 3656 Scitus
1010 3599 1043 3657 et
1077 3590 1204 3677 lepidus
1235 3591 1333 3661 lrorno

144 3703 223 3779 luit,
247 3698 304 3786 qui
327 3698 360 3762 iu
385 3716 443 3762 suo
463 3696 627 3784 Euripidis
650 3696 759 3762 codice
782 3695 822 3762 ad
847 3693 978 3762 Orestae
1001 3715 1132 3763 versum
1151 3702 1228 3764 utu.

324 3801 398 3869 ἄνευ
420 3803 452 3868 lt
475 3803 591 3884 πατρὸς
614 3801 717 3868 τέκνον
740 3805 794 3867 οὐκ
816 3801 861 3877 εἵη
886 3802 955 3866 ποτ’
979 3799 1031 3867 ἄν.

142 3911 315 4000 adscripsit
338 3907 619 3994 indignabundus:

324 4016 396 4083 ἄνευ
419 4015 451 4082 lt
473 4015 586 4096 μητρὸς
610 4018 694 4089 πῶς,
720 4011 854 4093 κοὲθοορςί
875 4012 1047 4092 Εὐριπίδης

140 4134 174 4191 ct
196 4123 300 4191 alius:

323 4225 397 4292 ἄνευ
419 4225 451 4291 δὲ
473 4226 587 4306 μητρὸς
610 4224 677 4289 οὐδὲ
700 4224 850 4303 συλλαβὴ
873 4223 1004 4303 τέκνον,

142 4354 223 4419 quae
247 4351 341 4400 ncnro
362 4350 524 4419 unquam,
555 4330 604 4396 uti
623 4349 736 4418 spero,
760 4330 892 4417 recipiet
916 4329 948 4394 in
973 4338 1109 4399 textum.
1147 4331 1216 4401 Nou
1239 4342 1337 4403 teneo
