2940 5010
712 311 786 356 xxttt

158 482 273 549 riom.’¹
320 480 403 547 Num
428 489 464 547 tu
487 488 602 568 putas,
635 481 680 546 mi
704 477 885 556 Badhame,
909 477 1070 545 hominem
1097 477 1144 546 vel
1171 479 1339 550 mediocri·

158 612 210 670 ter
239 603 369 671 doctum
400 603 452 669 κο)
480 601 623 684 μέτριον,
656 598 707 667 ina
726 599 820 681 μηδὲν
844 601 981 685 ἐπαχθὲς
1005 599 1102 680 εἴπω,
1136 603 1338 671 committere

157 744 251 812 posse
275 732 311 792 ut
331 744 413 812 quae
436 743 515 790 sana
536 742 606 790 esse
628 723 708 788 sciat
727 722 835 790 iuuttli
859 724 1044 790 coniectura
1067 722 1237 790 sollicitet?
1272 724 1338 791 Nae

156 847 185 911 si
206 844 253 911 illi
279 845 376 935 (quod
400 846 464 913 tuis
485 842 691 932 popularibus
712 863 750 910 ac
774 845 855 910 meis
877 844 1025 932 contigit)
1050 843 1187 911 inissent
1211 853 1336 931 πονοιᾷ

154 966 311 1052 ’ἐλευθερίᾳ
332 966 587 1050 ἐνοεθροομμὲνον,
610 985 693 1054 qnae
722 967 755 1031 in
778 966 922 1032 omnium
946 966 1088 1051 Ξονγορίρο
1106 965 1160 1032 νον)
1183 967 1325 1051 ποορρνοίΙ

155 1086 253 1154 simul
279 1086 404 1154 ioedam
434 1077 651 1153 adulationem
681 1094 714 1154 et
737 1087 955 1173 importunam
987 1086 1199 1174 petulantiam
1233 1086 1337 1166 tollit,

153 1207 278 1286 multa,
301 1206 417 1286 credo,
448 1207 511 1273 alio
535 1205 628 1272 modo
648 1225 745 1293 quam
767 1226 855 1274 nunc
877 1215 911 1275 et
940 1204 1081 1275 iacerent
1105 1215 1137 1273 et
1170 1204 1336 1293 loqueren-

155 1333 219 1394 tur.
266 1327 350 1395 Sunt
372 1329 428 1414 qui
452 1329 486 1393 in
509 1321 785 1394 emendationibus
808 1326 889 1394 meis
912 1326 958 1393 nil
990 1324 1166 1414 quidquam
1188 1326 1263 1392 boui
1288 1327 1334 1394 iu·

153 1463 223 1516 esse
245 1447 427 1527 affirment,
462 1457 539 1515 suut
563 1449 620 1535 qui
647 1464 753 1514 meam
782 1448 916 1515 Critices
948 1445 1143 1515 exercendae
1177 1448 1336 1516 rationem

152 1589 190 1636 ac
221 1567 408 1635 methodum
443 1566 524 1634 nihil
560 1569 641 1635 corti
678 1585 790 1656 parere
822 1575 854 1634 et
886 1584 1019 1656 prorsus
1051 1587 1233 1655 perversam
1265 1588 1335 1636 esse

151 1689 301 1758 clament.
349 1688 412 1756 Alii
435 1709 487 1757 me
507 1708 634 1756 omnem
658 1689 790 1757 modum
813 1688 964 1756 excedere
988 1698 1021 1756 et
1042 1690 1116 1772 ὑπὲρ
1146 1691 1190 1756 τὰ
1216 1692 1334 1772 ἐσκομ-

150 1811 231 1893 μένο
260 1811 363 1888 πηδᾶν
395 1810 621 1877 criminantur·
676 1810 786 1896 Aequo
819 1810 927 1876 auimo
959 1809 1038 1877 haec
1069 1810 1177 1878 omnia
1207 1830 1335 1900 semper

150 1930 212 1999 tnii
244 1939 276 1999 et
308 1930 430 2010 ieram,
465 1950 569 2017 neque
611 1949 765 2017 umquam
803 1929 921 1997 talibus
959 1930 1135 2017 quidquam
1169 1950 1333 2018 reponam.

150 2047 345 2116 contendam
381 2067 455 2114 enm
492 2046 714 2135 principibus,
748 2066 812 2113 uon
847 2047 936 2113 iuvat
968 2046 1138 2133 digladiari
1173 2053 1245 2134 πρὸς
1279 2054 1332 2119 τὸν

148 2172 233 2238 δεῖνον
257 2170 309 2236 κον)
333 2171 385 2236 τὸν
407 2168 492 2234 δεῖνον
515 2166 604 2241 ὄντος
628 2168 743 2242 οὐδενὸς
773 2164 886 2245 ottavo.
934 2168 1069 2255 Pergam
1095 2170 1150 2236 σὺν
1176 2174 1231 2255 θεῷ
1252 2175 1330 2240 scri.

148 2300 278 2379 ptorum
302 2289 496 2357 Graecorum
527 2297 737 2355 monumenta
770 2287 898 2355 assidue
930 2287 1036 2376 legere
1066 2298 1098 2357 ct
1128 2290 1270 2379 relegere
1297 2303 1330 2362 et

148 2412 177 2478 si
200 2410 278 2497 quid
303 2409 377 2477 honi
398 2410 479 2476 mihi
503 2411 662 2498 reperisse
686 2407 795 2476 videar
818 2428 894 2477 oum
917 2409 989 2477 aliis
1016 2414 1255 2482 communicare
1278 2415 1328 2483 iu·

147 2529 333 2618 diciumque
352 2529 605 2616 intelligentibus
628 2529 825 2617 permittere.
873 2529 943 2596 Non
963 2531 1092 2600 inanem
1111 2532 1192 2600 mihi
1215 2554 1252 2602 ex
1275 2535 1326 2602 his

146 2652 264 2721 studiis
286 2649 453 2739 gloriolam
476 2658 579 2738 capto.
626 2649 765 2717 Animus
789 2651 869 2717 mihi
893 2653 1038 2738 pascitur
1063 2652 1118 2720 illa
1140 2654 1327 2741 quotidiana

145 2784 221 2841 curn
251 2772 443 2860 capitalibus
473 2770 612 2858 ingeniis
645 2769 865 2839 familiaritate
895 2780 928 2839 et
951 2774 1205 2853 consuetudine,
1242 2777 1326 2845 unde

144 2894 185 2961 ad
207 2892 369 2982 praeclara
400 2893 507 2959 omnia
540 2892 698 2978 erigimur
727 2901 759 2959 et
789 2891 1002 2962 incendimur.
1052 2894 1085 2960 Si
1110 2895 1183 2982 quis
1213 2906 1323 2965 antem

144 3034 184 3083 ex
212 3014 392 3082 Atticorum
417 3022 450 3080 et
472 3011 613 3080 Socratis
637 3011 870 3079 cousuetudine
896 3013 1038 3079 nondum
1059 3012 1172 3081 didicit
1193 3008 1322 3082 inanem

142 3133 278 3223 gloriam
303 3142 335 3201 et
360 3132 446 3219 vulgi
476 3131 624 3219 plausum
661 3139 866 3199 contemnere
897 3133 1039 3198 nondum
1072 3132 1148 3200 illuc
1178 3137 1324 3222 pervenit

142 3276 206 3343 quo
235 3275 305 3323 esse
333 3252 503 3341 philologis
536 3249 787 3338 perveniendum
820 3271 913 3318 nemo
944 3250 1081 3339 lepidius
1115 3251 1196 3320 dixit
1225 3275 1322 3342 quam

141 3374 313 3444 Menander
336 3393 435 3461 quum
459 3371 600 3438 diceret:

322 3491 505 3575 γράμματα
528 3492 637 3570 μαθεῖν
660 3491 709 3557 δεῖ
728 3491 780 3556 xci
802 3489 944 3571 cottum
967 3499 1031 3561 νοῦν
1054 3493 1150 3578 ἔχειν.

188 3616 334 3682 Poteram
358 3611 494 3698 denique
526 3609 671 3677 absoluta
692 3608 753 3676 hac
778 3618 870 3698 parte
904 3614 1010 3699 operis
1031 3635 1133 3702 pauca
1163 3616 1319 3703 quaedam

141 3737 303 3822 corrigere
332 3742 388 3801 ant
412 3731 559 3821 supplere
580 3751 661 3819 qnae
686 3751 738 3799 me
765 3733 902 3815 δεύτερον
927 3736 1082 3820 φροντίδες
1111 3738 1321 3819 possidemus

140 3867 198 3928 aut
220 3856 260 3925 ab
282 3856 352 3923 aliis
383 3855 504 3921 rectius
533 3853 756 3920 animadversa
780 3874 850 3921 csse
880 3857 1032 3942 comperi.
1078 3855 1141 3924 Sed
1166 3857 1318 3946 pleraque

139 3979 222 4049 mihi
242 3999 328 4044 nunc
352 3974 489 4042 aliarum
512 3994 620 4041 rerum
643 3974 803 4061 satagenti
828 3975 860 4043 in
884 3974 973 4043 aliud
999 3984 1124 4064 tempus
1144 3978 1320 4049 reiicieuda

139 4107 227 4167 suut.
274 4097 343 4163 Duo
368 4104 496 4163 tantum
519 4095 637 4182 raptim
657 4095 825 4182 attingam.
872 4097 1023 4179 Δεύτερον
1046 4098 1201 4181 φροντνῒες
1233 4100 1321 4168 iuter

141 4216 347 4288 scribendum
372 4223 541 4285 mutarunt
563 4216 755 4285 sententiam
782 4236 886 4286 meam
909 4218 949 4285 de
976 4223 1106 4286 auctore
1129 4217 1228 4287 libelli
1248 4222 1317 4305 περὶ

1359 4504 1464 4664 Δ
