2940 5010
631 279 674 341 te

114 452 197 525 ὀοιίο
223 470 314 523 nnnc
341 452 383 521 ad
406 450 617 538 Tragicorum
641 450 813 538 reliquias,
847 470 930 539 quae
959 453 1161 525 Menandreis
1185 476 1240 526 ne·

114 560 204 627 entia
230 557 394 628 admixtae
417 565 506 627 sunt.
552 557 656 624 Huius
683 558 812 642 generis
839 559 983 645 primum
1005 580 1075 629 esse
1097 561 1238 631 arbitror

114 672 271 735 mentum
295 664 381 754 apud
405 663 492 733 Stob.
516 661 626 731 eterit.
648 662 817 732 LXXXIX.
844 670 874 731 1.

183 772 257 845 τοὺς
279 768 314 838 εὖ
337 769 509 850 γεγονότας
530 769 584 836 xci
608 770 834 850 τεθραμμένους
857 776 962 845 accede

181 878 243 944 κᾶν
263 884 329 951 τοῖς
351 883 458 949 came
477 877 525 941 δεῖ
545 873 637 954 λόγον
661 872 746 956 ἔχειν
766 877 943 959 εὐφημίας.

121 978 229 1051 codex
253 982 397 1069 optimus
423 980 525 1047 Paris.
552 980 589 1047 A.
613 975 648 1047 εὖ
671 986 819 1060 γεγῶτος
841 983 999 1061 serravit,
1029 988 1068 1049 ut
1088 980 1236 1053 dubitari

131 1086 238 1175 possit
258 1087 340 1175 quin
360 1086 440 1155 baec
460 1084 618 1171 Tragicus
636 1084 770 1163 dixerit,
793 1085 879 1172 quod
901 1088 1046 1156 etiamsi
1064 1089 1238 1168 γεγονότας

114 1192 204 1263 nabis
215 1192 297 1261 satis
310 1211 468 1279 apparere
483 1190 633 1258 arbitror.
666 1191 725 1257 Est
742 1191 828 1257 enim
844 1189 903 1259 boc
919 1191 1044 1260 dictum
1063 1194 1239 1274 eiusmodi,

114 1298 156 1367 iia
177 1318 275 1389 saepe
292 1296 417 1367 Cborus
440 1296 474 1364 in
496 1294 673 1383 Tragoedia
692 1303 764 1383 post
786 1296 962 1385 longiorem
983 1303 1068 1382 terro
1087 1298 1235 1367 interfari

113 1411 150 1485 t,
182 1411 221 1471 nt
248 1410 341 1490 regat
366 1403 467 1469 iratos
493 1410 526 1470 et
550 1409 719 1489 componat
744 1400 898 1490 sedetque
923 1404 1049 1472 animos
1074 1410 1237 1472 tumentes

114 1516 166 1577 rto
186 1515 222 1578 et
244 1508 441 1577 sententioso
461 1506 567 1584 dicto,
592 1505 693 1575 veluti

228 1620 313 1697 Φοῦ,
335 1619 417 1698 Φεῦ,
439 1617 476 1682 τὸ
494 1619 614 1698 σῶφρον
636 1616 675 1687 ὣς
700 1612 877 1695 &retraxi
897 1612 994 1681 κολίν

229 1720 283 1789 καί
305 1718 399 1801 &dfert
417 1720 527 1795 ἐοίλίοο
550 1720 582 1785 ἐν
604 1721 725 1802 βροτοῖο
747 1718 932 1803 κομίζεται.

228 1934 312 2015 dicii,
332 1934 419 2015 Φεῦ,
440 1930 593 2013 βροτοῖσιν
614 1932 653 2004 ὤς
676 1928 720 1999 τὰ
741 1930 849 2012 xpus&
871 1928 1055 2012 προίγμοοτοο

226 2040 350 2119 meris
372 2035 523 2120 morata
545 2035 677 2102 toteor'
699 2034 750 2101 ciri
773 2036 894 2113 λόγων.

114 2138 354 2209 emeramnus
382 2141 514 2228 passim.
560 2139 671 2228 Neque
694 2141 798 2227 magis
826 2140 961 2208 dubium
989 2147 1060 2221 est,
1091 2140 1171 2227 quin
1195 2160 1235 2207 ex

114 2264 154 2315 aa
180 2244 348 2333 tragoedia
368 2247 471 2312 sumti
500 2246 567 2311 sint
595 2244 766 2323 versiculi,
789 2265 929 2331 qnorum
957 2247 1046 2335 prior
1076 2244 1235 2333 flagitiose

114 2359 220 2443 uptus
240 2358 291 2420 cst
313 2352 347 2420 in
372 2350 460 2419 Stob.
484 2350 593 2419 Flore.
619 2349 761 2417 XXXVI.
786 2354 839 2417 ti.

225 2456 357 2541 κίοχρίκ
379 2460 413 2537 γ’
437 2454 512 2524 trau
532 2481 579 2530 τος
602 2454 653 2521 eri
677 2456 805 2538 γλώοογ
824 2456 915 2537 φοείς

225 2564 355 2649 cadero
373 2564 528 2644 μοιτοοίοος
550 2558 730 2644 ίξοοκονοίογ
751 2559 875 2638 λόγους.

114 2668 226 2739 cinon
245 2676 324 2736 suut
342 2665 495 2735 vocabula
514 2667 564 2733 iri
584 2667 712 2750 pedesq
728 2665 834 2749 φυείς,
857 2666 976 2753 quibus
992 2667 1083 2747 oiim,
1111 2675 1147 2734 ut
1168 2667 1233 2755 opi-

114 2826 121 2855 ,
136 2772 475 2845 Graecrduslacuunm
492 2771 618 2857 antiqui
631 2769 704 2837 libri
718 2770 832 2837 stoiide
847 2771 998 2858 explevit,
1015 2772 1099 2861 quod
1112 2774 1234 2861 passim

114 2878 238 2981 itobccq
255 2876 377 2947 iactum
396 2878 516 2945 esseio
534 2896 621 2964 seqq.
641 2876 944 2945 demonstrabimus.
977 2878 1144 2946 Sententia
1164 2898 1234 2967 pos·

114 3006 152 3055 re
169 2982 315 3053 ridetur:
337 2982 467 3067 οοίοχοίν
478 2986 512 3063 γ’
533 2980 608 3049 droca
625 3008 672 3057 res
685 2981 798 3063 ἀξίωμ’
814 2981 895 3065 ἔχων
915 2982 1020 3062 μίγοο,
1037 2991 1094 3050 aui
1111 2982 1233 3069 aliquid

114 3090 243 3161 modi.
288 3089 325 3157 ln
347 3088 477 3177 vulgata
504 3090 667 3175 scriptura
695 3088 921 3174 turpissimum
946 3096 996 3155 est
1015 3090 1124 3173 porta,
1148 3087 1232 3175 qnod

114 3198 154 3267 tie
174 3194 335 3285 womodo
362 3193 450 3263 docti
472 3192 619 3261 bomiues
643 3193 806 3280 potuerint
830 3211 1038 3279 concoquere.
1085 3193 1156 3260 Seri
1180 3193 1232 3261 de·

114 3300 309 3373 eumeuii
338 3320 397 3389 pro
426 3299 520 3385 ἔφυν,
541 3304 657 3383 Φῦοοοο,
687 3297 752 3381 <bia
775 3305 950 3385 coeperunt
976 3298 1091 3379 ἐφίκν,
1114 3306 1231 3383 eoiret

114 3406 316 3485 valedicere,
335 3413 369 3475 et
386 3407 564 3491 φυίοομοιο,
586 3405 810 3487 οίνκφυήοομοοο
831 3424 888 3491 pro
907 3404 1128 3489 οίνοοφίοομοοο,
1152 3424 1234 3492 quae

114 3532 154 3585 ee
177 3511 294 3583 deindo
315 3509 487 3579 Veteribus
515 3508 714 3577 affricabant.
761 3508 882 3577 Eadem
913 3510 1077 3577 barbaries
1100 3519 1234 3598 apparet

114 3628 205 3699 cerm
223 3636 282 3706 pro
300 3619 398 3686 tiaras
445 3615 554 3702 Neque
572 3614 681 3682 miuus
701 3616 897 3702 suspiciosae
916 3614 996 3681 mibi
1017 3624 1094 3683 sunt
1112 3615 1234 3684 iormae

115 3730 297 3811 ,φοῶμεκ
317 3728 435 3807 eorico
452 3721 538 3810 apud
555 3721 720 3789 Platonem
740 3741 834 3808 saepe
851 3729 1071 3801 occurrentes,
1095 3742 1153 3789 nec
1174 3722 1233 3788 du·

131 3830 215 3919 quin
237 3828 304 3914 qir'q
322 3829 494 3913 citeriorem
507 3829 651 3911 ciericos
673 3825 878 3893 scribendum
902 3826 1019 3914 ubique
1040 3829 1099 3905 sit,
1123 3847 1233 3914 quem·

114 3934 219 4007 udum
245 3941 335 4002 recte
362 3934 517 4001 scribitur
543 3953 581 4001 ex
608 3932 674 4001 tarr
700 3940 732 3998 et
758 3935 843 3999 δῦνοιι
876 3941 990 3999 natum
1020 3934 1074 4017 trip
1100 3934 1133 3999 in
1159 3933 1233 3999 Cra·

137 4062 172 4131 p.
191 4044 271 4109 ete.
298 4040 333 4107 B.
362 4040 487 4108 ἐπειδὰν
511 4039 719 4121 bisaccien,
752 4058 834 4124 quae
863 4038 966 4104 iorma
992 4039 1026 4104 in
1055 4038 1234 4105 Homericis

114 4146 242 4219 meus
264 4164 360 4235 saepe
380 4145 512 4233 legitur.
560 4146 598 4212 ln
621 4144 773 4231 optativis
794 4144 927 4231 antiqua
951 4143 1115 4212 Graecitas
1139 4143 1233 4212 babe-

120 4250 471 4344 meresapae)
500 4259 533 4320 et
554 4251 637 4335 φύην
664 4249 801 4340 (Φωκῆς
834 4250 931 4318 buius
962 4250 1094 4317 unicum
1127 4270 1232 4318 exem·

1022 4362 1035 4401 t
