2940 5010
717 318 777 380 851

145 491 253 570 ἡνίκα,
276 490 429 568 θτκνίκα,
452 494 625 565 τηνικαῦτα
649 493 725 556 451.

149 600 185 676 ἥν
207 622 271 672 τας
294 597 450 677 δύναμαι,
472 595 565 669 είτας
588 593 711 663 δύναιτο
733 602 765 662 et
788 595 862 662 sim.
889 598 977 673 229,
1004 600 1090 676 426,
1113 600 1191 665 580.

145 702 306 783 ἠντεβόλει
330 721 392 768 non
416 699 572 782 ἠντιβθλει
595 708 628 766 et
651 700 723 766 sim.
752 705 825 767 157.

145 808 308 885 ἦτιθτκτος
330 845 375 857 -
398 805 583 884 ἠλιθιότητος
611 810 682 872 147.

144 916 292 992 ἦτιςθθκν
315 912 356 980 ab
379 913 534 991 ἔτίταμαι
560 914 636 978 571.

144 1014 223 1095 ἧστο
246 1056 292 1069 -
315 1019 429 1098 ἥπτετο
454 1021 530 1083 555.

143 1123 302 1207 Ἠρακλέα
320 1161 367 1174 -
389 1129 527 1205 Ἡρακλῆ
551 1125 626 1189 641.

143 1233 291 1313 ᾖρήσεται
315 1239 348 1297 et
371 1230 444 1296 sim.
469 1232 545 1295 741.

144 1332 226 1417 -κρθς
251 1334 394 1424 (nomina
417 1333 464 1422 in)
491 1340 526 1400 ut
547 1330 711 1414 μελιτκρθς
736 1337 809 1400 174.

143 1437 237 1522 ἦρξαν
260 1445 313 1507 τοῦ
338 1439 475 1519 πολέμου
493 1476 539 1489 -
558 1436 686 1521 ἤρξαντο
709 1438 846 1518 πολέμου
868 1444 945 1507 557.

143 1553 192 1622 -ιῑς
216 1564 342 1632 pro-
365 1552 409 1621 εἷς
438 1545 470 1610 in
494 1552 656 1625 Σινωπῆς,
677 1553 830 1629 Μεγαρῆς
853 1553 886 1613 et
908 1546 981 1613 sim.
1006 1551 1083 1615 550.

142 1675 191 1726 -κς
214 1657 247 1717 et
271 1675 313 1724 ·ις
336 1647 469 1717 confusa
493 1650 527 1717 in
548 1650 715 1732 δρατίτις,
738 1650 874 1736 προδότις
898 1659 931 1718 εί
953 1652 1026 1721 sim.
1054 1657 1128 1721 148.

144 1751 222 1830 ἦσαν
244 1792 290 1807 -
308 1755 425 1843 ᾔεσαν,
448 1753 527 1838 ἦσαν
551 1759 628 1823 545.

143 1858 222 1945 ἦσαν
243 1898 289 1911 -
307 1861 401 1946 ᾔεσαν
426 1864 503 1928 487.

142 1964 240 2049 ἦσαν,
263 1968 338 2050 θςκν
361 2002 407 2015 -
428 1966 540 2050 ᾔδεσαν
563 1969 643 2038 884.

142 2068 221 2155 ἦσαν
244 2107 290 2121 -
312 2066 384 2138 ίσαν
409 2074 487 2139 777.

142 2176 245 2254 ἥσσοσι
269 2212 311 2225 -
334 2176 443 2262 ᾅσονσι
468 2179 544 2245 950.

142 2278 233 2358 ἧσσον
255 2318 301 2331 -
323 2278 421 2357 ἥσσων
445 2285 524 2349 754.

120 2385 197 2471 Δᾖτε
219 2424 265 2437 -
283 2384 331 2456 ίεε
356 2389 432 2453 684.

141 2494 217 2576 firm!
239 2529 285 2543 -
308 2490 412 2569 είτκν,
437 2491 505 2569 ίτκν
528 2497 606 2562 544.

140 2598 300 2678 άτίμινμαι
324 2580 571 2679 -ἰίτίμασμαι
596 2603 671 2666 754.

140 2705 329 2785 ἠτιμώσεται
354 2711 385 2770 el
410 2704 483 2770 sim.
508 2706 586 2772 241.

140 2811 205 2888 θιιι
223 2847 269 2861 -
291 2811 329 2887 ἥ,
353 2828 415 2875 σοιν
440 2817 552 2876 contra
576 2812 632 2877 62.

141 2917 159 2992 ἧ
183 2921 242 2982 τῶν
264 2952 309 2970 -
333 2913 432 2993 ἥττων
455 2918 531 2982 559.

140 3015 208 3104 ἧκα
232 3057 278 3072 ·-
299 3021 432 3103 άγιὶοχα
457 3024 533 3087 700.

712 3151 751 3209 Θ.

141 3346 373 3406 ΘΑΛΑΜΟΙΣ
396 3374 443 3387 -
466 3345 728 3404 ΟΦΘΑΛΜΟΙΣ
751 3340 827 3405 611.

139 3447 397 3528 θαλαττοκρατῶν
419 3483 465 3494 -
487 3443 745 3527 θαλαττοκράτωρ
770 3448 848 3513 508.

138 3552 260 3635 θανατρῖ
283 3547 481 3616 -θανάτου
508 3552 582 3615 155.

138 3655 269 3730 θάνατος
295 3655 370 3745 (non
394 3653 539 3742 θανάτου)
554 3653 662 3738 ζημία
684 3655 843 3739 τρθκειται
869 3659 944 3722 771.

138 3764 251 3828 θάττον
273 3760 291 3838 ἢ
312 3758 413 3839 βάδην
437 3764 513 3826 458.

138 3865 307 3948 θαυμάσιος
329 3902 376 3916 -
397 3863 557 3946 θανματθς
582 3870 658 3933 507.

137 3969 362 4052 θαυμάσομαι,
388 3991 451 4037 non
475 3967 625 4049 θαυμάσει
650 3974 729 4040 156.

139 4079 252 4161 θεαροῖς
276 4073 478 4159 -θεάτροις
501 4079 578 4144 559.

141 4181 293 4264 Θεαρίδαν
316 4219 362 4232 -
384 4181 533 4266 Θεωρίδκν
555 4185 632 4250 559.

139 4287 288 4369 Θεαρίδιις
311 4325 356 4336 -
378 4287 530 4363 Θεασίδης
554 4291 632 4354 559.

138 4395 331 4460 θεᾶσθαι-
355 4390 523 4461 θεάσασθαι
546 4400 579 4460 et
602 4393 676 4462 sim.
701 4395 777 4459 629.
