2940 5010
687 276 752 344 568

97 470 100 475 ·
140 449 234 518 inodo
257 449 477 520 emendandus
499 451 588 521 locus
608 458 658 520 est
681 452 722 519 ll.
746 474 787 521 ιν.
813 459 868 522 37.
899 455 1040 537 ἔπεμπον
1066 458 1104 534 δη
1124 457 1177 524 καὶ
1205 458 1232 524 οῖ
1262 458 1303 525 ἀι

137 562 192 624 τοῦ
225 562 321 625 κοινοῦ
354 559 389 626 ἐν
418 565 473 627 τοῦ
504 557 594 635 ἀτεος
625 560 780 640 λέγοντας
805 558 852 629 ἔτι
873 598 938 640 -,
968 563 1034 630 imo
1063 582 1141 630 uero
1165 564 1303 643 λέγοντο

138 662 175 730 lo
208 663 328 732 Hellen.
351 664 405 733 Vl.
429 685 474 732 ιιι.
500 670 530 732 2.
565 667 581 732 d
603 668 698 746 δῆμος
729 669 773 741 sic
805 668 919 748 oldas
942 666 1089 752 πρέσβεις
1111 667 1243 752 ἔπεμψε
1266 694 1303 737 τι

138 777 352 852 ρακαλοῦντας
372 772 606 848 ἐπακολουθεῖν,
628 772 836 860 participium
857 771 960 840 loturi
985 774 1140 862 temporis
1157 782 1221 843 est.
1243 776 1303 844 lici

138 874 286 943 futurum
310 885 359 944 est
382 883 640 960 παρακαλοῦντες
664 876 732 944 Vll.
757 898 786 944 r.
811 883 843 946 3.
877 878 1017 959 ἔπεμπον
1038 879 1072 948 ll
1089 880 1144 947 καὶ
1172 882 1303 965 'Altini

136 984 259 1062 βοηθεῖν
279 984 467 1058 κελεύοντες.
492 984 695 1066 ἕπορεθθησαν
717 985 751 1052 ai
775 984 828 1051 καὶ
854 986 899 1059 εῖτ
922 986 1148 1066 Λακεδαίμονα
1176 987 1303 1069 πρώσβε.

136 1092 454 1170 παρακαλοῦντες
482 1089 757 1170 Λακεδαιμονίους.
804 1088 953 1157 Graviter
971 1089 1081 1179 lapsus
1099 1099 1150 1159 est
1171 1091 1303 1180 Raugah

136 1194 289 1283 Aotiqoit
314 1191 438 1260 Bellen.
475 1193 566 1262 Tom.
587 1195 628 1263 ii.
655 1216 685 1284 p.
707 1199 782 1262 iao.
806 1195 841 1261 in
863 1194 971 1263 verinis
992 1206 1207 1281 χειροτονῆσαι
1228 1199 1303 1283 πρέο

135 1301 206 1380 βεις
231 1307 312 1381 τρεῖς
333 1297 369 1376 ἐξ
387 1301 554 1376 Ἀθηναίων
573 1299 740 1379 ἀπάντοιν,
763 1297 870 1375 οἵτινες
893 1302 1062 1383 αἱρεθέντες
1079 1307 1255 1388 ἀπαροῦσιν
1272 1330 1303 1373 κο

133 1402 171 1471 τθ
192 1428 229 1471 τε
245 1407 403 1488 ψήφισμα
426 1406 634 1474 ἀποδώσουσιν
645 1405 697 1473 καθ
711 1407 930 1486 teramnanae
953 1410 1010 1485 ritu
1031 1408 1169 1487 εὔνοιαν,
1193 1407 1230 1487 ἣν
1255 1410 1303 1496 inp

135 1510 210 1594 πρὸς
229 1512 324 1578 αώτθν
340 1512 355 1577 θ
371 1511 467 1591 δῆμος
489 1510 543 1577 καὶ
567 1517 882 1594 παρακαλοῦσιν
904 1514 1000 1580 αθτθν
1021 1516 1144 1595 βοηθεῖν
1168 1515 1233 1606 (sic
1256 1516 1303 1605 lep

135 1636 195 1704 pro
218 1618 360 1700 ώφελεῖν.
385 1616 420 1682 in
442 1615 547 1704 lapide
580 1617 596 1648 ⁴
611 1617 627 1648 ⁴
642 1617 688 1650 ⁴*
712 1626 787 1684 EIN
811 1617 873 1707 est)
897 1622 940 1702 τῷ
963 1621 1050 1703 ῖημῳ
1079 1620 1149 1687 καθ’
1180 1618 1256 1689 ὅτι
1288 1623 1303 1691 i

135 1723 285 1801 δύνηται,
314 1741 416 1808 quum
439 1727 676 1805 παρακαλοῦσα
703 1721 853 1791 futurum
884 1744 955 1791 esse
986 1726 1139 1794 nesciret.
1184 1727 1223 1795 ln
1253 1748 1303 1816 squ

134 1826 307 1915 legendum
331 1830 390 1894 τών
412 1828 570 1910 πρέσβειον
594 1827 694 1912 ludeo
721 1837 755 1896 et
775 1837 835 1896 τών
861 1831 995 1912 tapecia:
1019 1830 1054 1897 iu
1078 1830 1186 1919 lapide
1207 1834 1303 1902 vitius

132 1942 382 2001 ΠΡΕΣΒΕΙΩΝ
417 1942 449 2002 et
484 1943 690 2001 ΔΩΡΕΙΩΝ
725 1935 827 2002 incisa
862 1943 950 2002 sunt.
1008 1936 1178 2004 Contraria
1212 1959 1303 2007 error

132 2057 205 2127 pag.
229 2043 305 2107 118.
340 2040 374 2105 iu
407 2038 513 2127 lapide
545 2047 714 2108 exaratum
749 2049 800 2108 est
828 2048 1097 2110 ΕΜΠΙΣΤΕΩΝ
1118 2045 1161 2126 τῷ
1191 2045 1303 2126 βασιλ

130 2146 309 2228 Δημητρθιρ.
355 2143 430 2211 Vidi
454 2145 511 2232 qui
540 2146 716 2226 θμπιστέιον
739 2144 898 2212 Graecum
921 2165 994 2213 esse
1024 2155 1156 2234 putaret
1184 2156 1219 2216 el
1248 2171 1303 2220 oui

131 2252 265 2335 ἕμπειρῶ
288 2259 502 2338 compararet.
549 2250 694 2318 Eruenda
717 2252 759 2331 ἐμ
777 2250 883 2316 πθστει
903 2251 942 2318 ών
961 2253 1005 2334 τῷ
1023 2252 1173 2332 βασιλεῖ,
1196 2252 1242 2322 de
1261 2274 1303 2344 qu

131 2355 283 2444 liaogabe
316 2375 443 2443 quoquo
474 2356 639 2442 cogitauit.
686 2355 767 2423 ibid.
788 2355 843 2422 lll.
867 2376 899 2423 ν.
923 2362 955 2423 9.
991 2355 1200 2438 llindortius,
1237 2380 1303 2449 quo

130 2480 205 2528 raro
226 2460 322 2541 lacit,
345 2460 451 2527 locum
476 2461 724 2549 integerrimum
749 2470 880 2550 recepta
899 2462 933 2528 in
956 2470 1080 2529 textum
1100 2461 1226 2531 infelici
1248 2484 1303 2534 oou

130 2567 255 2634 iectura
287 2567 372 2633 ultro
403 2568 558 2654 corrupit.
605 2565 717 2634 Edidit
750 2567 838 2633 enim
872 2564 931 2638 ώσε
960 2567 997 2634 τθ
1025 2569 1084 2648 μὲν
1113 2568 1165 2635 ἐπ’
1196 2570 1303 2639 ἐκεῖνοι

129 2669 207 2738 εἶναι
238 2673 517 2751 ἀπωλώλειτε,
548 2672 618 2740 iat
647 2673 744 2752 δῆμος
776 2671 876 2739 οὑτοσὶ
902 2672 985 2753 ὑμάς
1009 2671 1128 2752 ἔσεισε,
1150 2672 1209 2742 sed
1234 2677 1303 2744 sii

128 2777 279 2845 omnibus
302 2777 393 2844 liliris
424 2777 472 2845 sic
501 2776 665 2865 legeretur
691 2777 829 2865 diligens
861 2776 976 2844 Graeci
1006 2778 1108 2845 moris
1136 2779 1303 2850 observati

125 2882 241 2951 docere
267 2883 424 2971 potuisset
446 2882 682 2951 emendandum
716 2903 787 2950 ease
818 2883 1029 2962 ἀπολώλατε,
1045 2883 1048 2887 ’
1064 2903 1147 2971 quac
1171 2887 1303 2956 omniuo

125 2989 283 3056 librorum
304 2989 467 3075 scriptura
491 2990 631 3055 estsine
652 3007 743 3055 mora
764 2990 797 3054 in
819 2989 984 3075 integrum
1004 2990 1219 3060 restituenda.
1267 2990 1303 3061 Vi

127 3095 218 3163 debis
253 3094 340 3161 enim
375 3094 410 3160 in
442 3091 629 3160 huiusmodi
661 3094 855 3178 cogitatione
888 3102 920 3160 et
951 3092 1112 3163 locutione
1133 3094 1303 3184 periectos

127 3199 229 3268 solere
253 3200 351 3286 poni,
381 3219 560 3289 numquam
591 3196 954 3285 plusquamperfectum.
1001 3199 1176 3288 Euripides
1197 3202 1303 3273 Alaea

128 3310 206 3372 666.
230 3302 361 3380 τέθνηκα
381 3306 445 3389 γὰρ
471 3307 507 3382 δὴ
531 3302 621 3373 τούπὶ
646 3301 700 3381 σέ,
724 3301 910 3390 Xenophon.
935 3302 1050 3393 Cyrop.
1072 3303 1111 3372 V.
1133 3327 1177 3374 iv.
1204 3314 1260 3376 11.
1281 3334 1303 3379 t

126 3412 184 3492 niv
207 3413 258 3478 ἐπ’
281 3410 349 3493 ἐμοὶ
378 3410 526 3494 οἴχομαι,
556 3411 592 3477 τὸ
615 3409 642 3475 δ’
665 3408 717 3474 ἐπὶ
740 3407 787 3474 σοὶ
817 3408 989 3488 σέσωσμαι.
1037 3408 1135 3479 Plana
1157 3412 1303 3500 gemella

125 3515 215 3584 locus
249 3525 299 3583 est
330 3515 552 3604 Xenophontis
583 3516 616 3579 in
648 3511 1010 3582 AnahasiV1.1v.23.
1046 3518 1134 3584 κακοὶ
1167 3519 1303 3602 domiue

126 3619 203 3688 εἶναι
226 3621 408 3689 θιασώταν
439 3622 529 3689 αὖτοθ
551 3643 587 3686 τε
609 3621 646 3687 τὸ
668 3618 721 3684 ἐπὶ
744 3620 842 3699 τοθτρ
876 3619 1154 3701 ἀπολώλαμεν
1182 3622 1303 3703 ardum

126 3727 367 3815 comparandus
397 3735 430 3794 et
460 3726 575 3815 Lysias
606 3726 640 3791 in
672 3721 761 3791 Orat.
786 3723 933 3791 xxviii.
960 3730 1013 3793 14.
1045 3728 1081 3794 τὸ
1110 3728 1164 3795 ἐπὶ
1194 3730 1303 3799 τοώσοι

125 3831 202 3902 εἶναι
235 3834 266 3900 ἕν
289 3842 353 3908 τοῖς
383 3832 566 3905 δεινοτάτοις
600 3830 744 3904 κινῖώνοιο
774 3831 989 3909 καθεςιὶκατε,
1020 3839 1054 3898 et
1082 3840 1161 3900 sunt
1192 3834 1303 3905 similit

123 3938 200 4006 alibi
236 3940 338 4028 plura.
392 3938 473 4006 ibid.
498 3936 553 4004 ΠΙ.
579 3959 608 4004 v.
634 3941 688 4004 25.
723 3939 776 4003 riu
805 3935 901 4016 δῆμον
934 3939 1008 4004 τών
1042 3938 1233 4019 Ἀθηναίων,
1267 3940 1303 4010 sit

124 4044 272 4114 Graeculi
307 4044 384 4113 dare
413 4043 538 4123 solent,
570 4043 669 4110 eiiam
694 4043 727 4107 in
763 4040 964 4109 Comicorom
997 4044 1077 4112 locis
1102 4051 1221 4111 contra
1248 4065 1303 4117 me

125 4161 234 4218 trum:
271 4151 403 4218 Veteres
436 4151 502 4218 τὸν
533 4150 702 4225 Ἀθηναῖον
741 4146 913 4227 dicebant,
948 4148 1033 4236 quod
1063 4150 1185 4237 passim
1219 4154 1303 4221 resti·

9 4257 10 4262 ’
123 4256 289 4323 tuendum.
338 4255 417 4324 lbid.
442 4255 497 4323 lV.
522 4277 567 4323 ru.
593 4259 647 4321 21.
678 4253 810 4330 δεκάτην
841 4261 900 4322 τών
922 4255 958 4321 ἐκ
980 4263 1037 4332 τῆς
1060 4256 1150 4332 λείας
1181 4258 1228 4341 τῷ
1258 4259 1303 4343 θερ·

119 4363 292 4443 ἀπέθυσεν,
322 4384 380 4453 pro
411 4371 544 4430 AeIAc
579 4361 749 4429 uerissima
790 4359 886 4428 lectio
916 4380 935 4428 a
970 4358 1146 4429 Plutarcho
1182 4373 1303 4433 senata
