2940 5010
704 278 768 340 510

143 450 340 535 derelinctura
365 460 449 517 esset
471 453 617 517 ε’ποιινεῒν.
666 449 788 517 Deinde
811 450 922 518 attulit
945 471 985 518 ex
1006 450 1180 522 Charitooe
1208 453 1329 534 locum

145 562 236 644 qnasi
267 556 486 644 Xenophontis
523 556 625 622 oratio
658 575 696 621 ex
733 566 800 623 tam
835 558 944 644 inepto
983 560 1142 647 scriptore
1173 559 1329 628 illustrari

144 671 261 751 posset.
306 663 510 746 Ἀσποέζυμοιι
538 671 588 729 est
615 662 749 744 δέχομαι
772 662 926 743 ἄσμενος,
951 683 1096 752 proquo
1125 664 1203 732 olim
1227 667 1330 735 οὶυπιέ·

142 794 204 844 οιος
229 768 398 847 dicebant,
430 777 462 835 et
485 770 532 834 sie
556 768 728 854 Euripides
760 767 842 833 dixit
864 770 920 845 etv
947 770 1005 849 μὲν
1036 772 1203 854 συμφορὰν
1226 774 1330 840 donet·

141 877 234 959 ζομοιι
258 876 382 958 ποτέρου
404 880 434 941 π’
459 876 605 955 vivenerio,
636 875 757 960 etipse
780 872 932 941 Gtiariron
954 877 1011 952 rhu
1034 877 1206 957 perenna
1231 879 1332 955 dnb-

142 982 211 1065 ζετο
236 980 388 1048 etmulti
421 984 541 1067 passim
567 981 614 1046 sic
645 978 834 1067 loquuntur.
883 979 945 1046 Sed
974 981 1076 1068 quid,
1108 1001 1251 1069 quaeso,
1283 994 1332 1053 ert

140 1090 192 1155 πδν
216 1090 280 1155 θεὸν
302 1087 436 1165 ἄσμενος
460 1085 586 1163 ἐδέξοιοο
613 1087 645 1150 in
670 1086 758 1164 loco,
781 1083 821 1152 de
844 1107 908 1172 quo
931 1086 1096 1154 dicimus?
1139 1088 1332 1177 Requirltor

140 1194 173 1260 id
198 1195 304 1280 ipsum
328 1191 413 1278 quod
434 1191 619 1258 llindorfius
648 1190 771 1257 volebat
802 1192 933 1274 ἐπῄνεσε
963 1195 1015 1260 πδν
1047 1193 1132 1269 θεόν,
1162 1194 1221 1261 sed
1251 1195 1331 1264 bene

140 1301 260 1368 Graece
281 1306 314 1364 et
336 1298 441 1364 Attico
465 1317 554 1363 more
577 1295 712 1363 dictum.
761 1295 844 1362 Sunt
868 1305 976 1363 autem
1000 1299 1086 1393 inter
1109 1318 1144 1366 se
1164 1304 1329 1371 contraria

140 1409 253 1472 ἐποιινῶ
280 1413 313 1469 et
342 1404 513 1486 μέμφομαι
546 1404 613 1469 sive
636 1404 802 1481 οιδπιῶμοιιε
836 1405 945 1490 ilaque
975 1407 1030 1470 οὐκ
1060 1405 1175 1471 ἐπαινῶ
1208 1406 1330 1476 urbane

140 1519 172 1577 et
196 1510 372 1576 clementer
401 1507 523 1573 dieitur
546 1527 604 1594 pro
635 1508 808 1590 μέμφομαι
831 1517 863 1573 et
895 1516 1007 1574 contra
1033 1513 1067 1576 ed
1096 1511 1330 1593 plumesceret

138 1620 193 1683 οὐκ
225 1617 374 1694 aletrinae
403 1633 459 1699 pro
490 1614 604 1679 ἐποιννῶ
637 1622 824 1698 ponuntur,
859 1615 1050 1700 praesertim
1084 1617 1116 1680 in
1151 1616 1264 1683 futuro
1295 1623 1327 1686 ob

138 1724 285 1803 μέμψει,
318 1723 371 1786 οὐκ
395 1718 552 1794 alciden,
584 1728 741 1783 coartentur
765 1719 848 1796 eris,
882 1739 945 1804 quo
969 1739 1066 1785 sensu
1098 1720 1222 1788 dieitur
1241 1726 1327 1807 δῶρον

139 1830 165 1895 δ’
188 1825 207 1892 d‘
234 1852 265 1892 τι
295 1827 334 1908 δῷ
355 1849 404 1898 τις
435 1824 596 1890 ἕποιίυει
628 1843 686 1909 pro
709 1833 867 1889 cotelerius
898 1835 971 1890 erto.
1019 1826 1196 1912 Xenophon
1228 1830 1328 1915 igitur

139 1952 240 2020 quum
265 1933 394 2015 ἐπῄνεσε
417 1933 468 1997 τὸν
496 1930 560 1996 θεόν
581 1927 676 1994 vellet
698 1928 805 1994 dicere
829 1928 993 2015 eleganter
1014 1931 1097 1998 dixit
1118 1935 1171 1999 τὸν
1192 1937 1327 2003 telnodaz

139 2039 310 2124 precinere,
346 2036 461 2103 deinde
493 2043 733 2101 ΗΙΤΙΛΣΑΤΟ
759 2036 791 2099 in
819 2035 986 2110 inurinare
1006 2046 1198 2124 corruptum
1221 2050 1273 2109 est
1294 2051 1326 2109 et

137 2148 209 2222 οὐκ,
231 2153 267 2210 ut
292 2161 400 2229 saepe,
423 2141 619 2226 negligentia
642 2140 747 2226 periit.
805 2141 917 2226 ltaque
948 2141 1128 2210 revocanda
1152 2153 1204 2213 est
1235 2157 1324 2215 retus

137 2248 318 2316 emendatio
342 2250 475 2314 ἐντοιῦθοι
505 2248 557 2313 τὸν
581 2249 644 2312 θεὸν
675 2249 729 2311 οὐκ
753 2246 906 2329 ᾐτιάσατο
936 2253 1096 2331 Ξενοφῶν,
1130 2250 1252 2339 quippe
1271 2255 1324 2341 qni

135 2355 276 2440 opimam
300 2354 436 2440 praedae
457 2362 580 2439 partem
605 2351 785 2416 abstulerit.

182 2459 316 2545 Saepius
337 2458 460 2524 laetum
487 2466 537 2523 est
559 2467 596 2522 ut
613 2459 668 2522 ουκ
692 2456 855 2522 excideret
879 2466 911 2522 et
931 2461 1093 2526 sententia
1113 2463 1162 2527 sic
1185 2462 1321 2531 emunda

135 2564 236 2631 tieret.
285 2563 439 2630 lledinrus
470 2562 593 2647 aliquot
622 2561 767 2648 exempla
800 2571 832 2627 et
858 2561 953 2641 alibi,
985 2565 1104 2650 quibus
1139 2587 1242 2634 unnm
1271 2569 1320 2636 ad·

132 2670 206 2736 dem
228 2690 266 2735 ex
286 2668 447 2734 henrelrio
467 2669 534 2748 περὶ
559 2669 718 2749 ἑρμηνείαις
744 2665 768 2755 §
791 2671 856 2734 288
880 2670 951 2741 ποὺς
973 2672 1030 2749 μὲν
1054 2671 1143 2753 ἀμφὶ
1166 2674 1220 2739 τὸν
1244 2677 1321 2758 ’Apl-

133 2799 246 2846 ςιππον
280 2775 449 2855 λοιδορῆσαι
479 2773 550 2845 ἴσως
591 2774 748 2838 οὶκινδύνου
782 2772 864 2847 ὄντος
896 2775 927 2838 ἐν
963 2778 1111 2855 σχήματι
1145 2778 1160 2842 ὃ
1188 2780 1323 2848 Πλάπινν

130 2880 300 2961 ἐλοιδόρησε
313 2928 323 2959 ,
346 2882 489 2945 sentisne
512 2882 566 2944 οὐκ
590 2879 746 2943 οὶκιυδύυου
771 2878 853 2951 ὄντος
876 2879 1023 2964 requiri?

174 2985 220 3052 Ad
255 2985 350 3051 finem
383 2985 563 3051 Anabaseos
592 2985 799 3068 pervenimus
831 2983 886 3050 sed
923 2984 1066 3051 nondum
1094 2988 1254 3057 eximium
1286 2992 1325 3058 li·

127 3091 223 3157 brum
255 3090 293 3156 de
327 3090 477 3156 manibus
500 3109 618 3176 ponere
638 3090 737 3155 iuvat.
787 3088 892 3155 Semel
920 3091 1017 3156 etiam
1050 3089 1191 3176 relegam
1225 3103 1328 3164 utet

129 3197 234 3282 spicas
264 3195 417 3282 panculas
449 3195 596 3280 colligam
622 3204 672 3272 et,
704 3194 974 3281 quemadmodum
1007 3195 1144 3263 subinde
1168 3197 1251 3279 leci,
1285 3220 1335 3270 ex

129 3302 311 3367 Atrebaseos
329 3302 409 3367 locis
432 3300 625 3387 quibusdam
652 3302 848 3386 incorruptis
874 3320 966 3387 opem
990 3311 1023 3368 et
1045 3302 1242 3371 medicinam
1270 3306 1331 3375 de·

128 3408 270 3492 proretis
302 3407 439 3472 aliorum
463 3407 542 3473 locis
566 3407 709 3473 afferam.

171 3511 261 3591 Quod
283 3514 315 3576 in
341 3512 479 3577 hnabesi
504 3513 622 3599 legitur
646 3512 669 3576 1.
694 3532 713 3575 t.
737 3515 767 3575 8.
800 3511 889 3594 rino>
916 3512 959 3575 rai
983 3515 1195 3593 ςροιπεύμιιπιι
1215 3516 1332 3585 δοιπιι-

124 3620 179 3681 νῐιν
204 3618 274 3682 sine
294 3617 513 3703 Xenophontis
537 3618 666 3683 nornine
690 3616 863 3700 descripsit
889 3613 1098 3703 Phrynichus
1122 3621 1154 3684 in
1181 3622 1331 3690 Bellieni

124 3720 244 3788 Anecd.
267 3722 291 3788 I.
317 3744 346 3808 p.
370 3727 431 3800 27,
457 3728 509 3789 5⁶3.
545 3723 673 3806 Ἀμφὶ
708 3721 758 3787 rai
793 3723 1067 3802 ςροιπεύμοοποι
1102 3726 1328 3798 διοποονᾶνε

124 3825 218 3902 εἴποις
240 3828 265 3893 δ’
288 3827 327 3893 ἂν
347 3829 399 3894 κον)
418 3829 486 3911 περὶ
511 3828 652 3902 ditarer
676 3828 820 3892 δοιποουῖιυ
841 3826 893 3891 καὶ
921 3827 988 3909 περὶ
1008 3827 1132 3904 ἵππους.
1180 3832 1328 3901 Dicendi

122 3952 224 4016 genus
253 3944 301 4000 est
330 3955 440 4000 rarrrm
470 3944 503 4000 et
531 3935 749 4020 exquisitum:
784 3933 874 4015 ἀμφι
906 3953 964 4018 pro
997 3937 1067 4014 περι
1097 3936 1238 4021 positum
1268 3951 1326 4008 est

122 4058 211 4104 more
229 4039 360 4117 Ionum,
384 4059 447 4125 qno
474 4038 648 4124 Xenophon
674 4038 850 4123 plurimum
876 4038 999 4116 utitor,
1024 4049 1057 4105 et
1082 4043 1241 4110 usitatum
1267 4056 1325 4113 est

122 4143 284 4232 plerisque
316 4145 466 4210 omuibus
488 4144 595 4211 dicere
618 4145 763 4209 διιποινέιν
787 4142 831 4216 εἷς
856 4168 900 4209 τι.
955 4144 1074 4211 Eodem
1111 4149 1208 4213 modo
1236 4154 1318 4217 scri·

121 4258 211 4334 plum
237 4261 284 4318 est
312 4253 343 4317 in
370 4252 446 4337 liep.
474 4251 588 4317 Athen.
613 4249 665 4316 lv.
691 4254 721 4315 8.
757 4252 783 4314 ei
807 4247 912 4329 ἄνδρες
939 4292 978 4306 -
1004 4253 1119 4336 ἀμφὶ
1145 4251 1255 4323 ὅπλου
1277 4282 1314 4325 πε
