2940 5010
667 288 729 349 277

136 460 212 529 θεειθ
236 460 323 529 ὅσσοι
353 462 491 549 positum
520 468 577 525 est.
625 459 775 527 herodoti
799 459 904 527 locum
936 479 1037 527 unum
1070 462 1223 543 atteram,
1248 476 1283 533 ut

134 564 222 635 udo
240 565 382 635 liberem.
429 564 546 632 Editur
564 564 591 633 l.
616 570 669 631 47.
694 564 780 631 ίίσοοι
803 566 828 630 δ’
847 564 887 631 aio
909 564 1010 635 ἕκοιςοι
1033 570 1093 633 τῶν
1113 573 1284 654 χρηςηρθων

131 670 251 755 θιιίσρ,
273 692 374 759 quum
399 672 443 738 sit
463 669 573 741 ἕκοιςον
597 669 812 737 sorihendnm.
861 670 1066 758 Antiphontis
1088 672 1193 743 ionum
1217 677 1285 743 lau·

131 774 170 845 ht
185 774 297 845 Snidas
319 797 350 844 ιι.
378 782 487 845 ”Ana
513 797 575 843 non
601 794 666 841 uno
690 776 818 842 nomine
849 776 999 843 vitiosum
1029 775 1133 847 huna:
1165 785 1198 848 od
1220 785 1285 866 γὰρ

130 884 175 965 θγθ
189 882 361 951 ἕτεπθνθειν
382 888 490 949 τοῦτον
513 880 599 949 ίίττοι
623 886 674 947 νῦν
697 882 834 948 πέπονθοι
857 882 916 948 ὑπὸ
939 883 1068 961 τούτου,
1101 886 1227 970 corrige
1249 891 1283 955 οιί

130 988 175 1071 rh
197 1012 243 1055 πιι
273 988 425 1068 θπεπθνθη
459 996 574 1057 τοῦτον.
630 985 790 1072 Antiphon
826 995 913 1053 certe
948 1007 1009 1053 non
1044 997 1148 1074 potest
1179 990 1284 1059 torma

131 1092 276 1163 θειεθοθειν
291 1114 470 1163 assensus.
517 1095 552 1161 ln
574 1092 714 1159 Platonis
736 1091 907 1159 Theaeteto
926 1096 991 1159 208
1010 1093 1045 1159 E.
1070 1092 1145 1161 felix
1168 1096 1283 1163 uitium

132 1216 213 1265 ιιειι
232 1200 428 1289 scripturam
453 1200 487 1266 in
518 1197 668 1264 omnihus
689 1196 781 1262 hhris
804 1198 944 1263 serravit
972 1198 1148 1267 intactam:
1179 1202 1283 1279 ἐπειδὴ

131 1302 205 1385 ὴγδη
222 1302 324 1387 ι’ίσπερ
346 1307 632 1389 οιιιοιγροιφιίμοοτος
651 1302 770 1382 γέγονεν
797 1308 851 1369 τοῦ
874 1304 1044 1384 λεγομένου
1067 1302 1189 1385 ξυνίημι
1216 1310 1283 1376 οὐδὲ

132 1410 224 1493 mdiv
245 1410 301 1487 ίννε
321 1412 355 1478 δὲ
379 1413 525 1495 οὶφεςνίκη
547 1410 692 1491 πόρρωθεν
715 1409 862 1491 ἐφνίνετί
882 1410 915 1475 τί
938 1433 989 1488 μοι
1016 1410 1175 1489 λέγεοθοιι.
1223 1414 1284 1479 Ho-

132 1518 289 1585 Ιειιοίοιιεε
318 1526 550 1585 ΛΦΕΣΤΗΚΗ
580 1515 821 1580 οοιιίιιιιοῑὶιιιιιι
845 1514 1020 1591 assumti,
1053 1518 1205 1601 quoniam
1227 1518 1283 1595 ἕως

133 1618 194 1707 md
211 1622 373 1709 nequiores
395 1622 636 1689 ooniunothnrm
659 1619 796 1684 assumit
824 1639 882 1705 pro
904 1617 959 1693 ἕως
978 1619 1018 1685 ἄν
1040 1622 1201 1706 positum,
1225 1623 1283 1692 de·

134 1720 220 1793 hunt
248 1724 304 1803 ίνς
327 1729 360 1796 δὲ
383 1730 528 1811 θφεςηκη
556 1725 754 1812 ineptissime
784 1723 840 1790 sed
867 1733 904 1790 nt
935 1724 1022 1791 ιιιιΙΙο
1053 1728 1181 1812 negotio
1213 1730 1281 1817 ipsa

134 1825 278 1921 rttuopht
298 1852 413 1899 manus
429 1832 610 1919 perluceat,
634 1850 731 1916 quam
754 1829 957 1896 Heindorhus
981 1829 1169 1911 vindicavit,
1194 1854 1281 1901 nem·

134 1932 225 2019 ρείιη
244 1938 276 2003 δὲ
304 1939 464 2021 οἰφεεηιιη.
511 1937 608 2003 lineet
631 1936 863 2022 Harpocration
887 1932 974 2002 ίίττιι
995 1935 1078 2021 apud
1103 1939 1279 2026 Antiphon·

133 2044 179 2107 tut
195 2042 370 2131 rigniheare
391 2041 450 2109 ίσοι
476 2041 525 2108 vei
548 2040 640 2107 ἅτινοι
664 2048 696 2108 et
724 2039 809 2127 apud
833 2040 1077 2107 Demosthenem
1109 2044 1139 2107 ἐν
1168 2053 1278 2112 Φιλιπ·

132 2152 204 2221 matr
221 2150 359 2235 positum
381 2168 452 2215 esse
474 2168 532 2235 pro
554 2148 623 2213 τινὰ
645 2148 662 2223 ἢ
686 2146 761 2212 ποῖοί
780 2170 860 2212 τινοι.
909 2145 944 2211 Ιιι
969 2164 1003 2213 re
1030 2154 1119 2213 certa
1144 2157 1177 2215 et
1207 2168 1280 2237 per·

133 2248 213 2335 *tt
243 2254 401 2320 tricatus:
432 2252 519 2320 ίίττοο
547 2251 630 2338 apud
654 2270 765 2319 omnes
789 2260 838 2318 est
868 2250 960 2316 ίίτινοι
992 2251 1042 2340 (ut
1071 2250 1164 2331 ίτον,
1194 2253 1276 2339 ὅτῳ,

134 2348 186 2423 im
208 2358 365 2447 dieehant)
395 2368 427 2425 et
457 2360 544 2425 ἄτσιι
576 2358 696 2445 pariter
719 2356 869 2423 omnihus
891 2365 940 2422 est
962 2358 1044 2423 σινοί.
1092 2358 1280 2429 Demosthe·

133 2474 188 2541 εει,
204 2472 238 2531 nt
257 2464 426 2552 popuhres
449 2484 580 2541 omnes,
612 2472 746 2548 utraque
769 2462 872 2528 torma
895 2464 1017 2529 utitur:
1041 2482 1112 2549 pag.
1138 2470 1198 2543 17,
1225 2473 1276 2535 εὔ.

131 2560 188 2633 θεοί
209 2570 279 2639 ἅττ’
311 2572 351 2638 ἂν
382 2572 466 2651 ὑμεῖς
497 2580 605 2653 περιςη
634 2570 677 2634 τίν
712 2568 891 2649 προίγμοιτοι
930 2573 1056 2634 τοιοῦτοι
1092 2572 1192 2651 ιιριτοιί
1223 2574 1278 2639 aad

131 2674 173 2737 rb
187 2676 534 2759 :suarattaratae
565 2676 685 2749 ἔσεσθε,
716 2682 749 2738 et
778 2694 848 2759 pag.
867 2679 930 2749 54,
955 2677 997 2741 25
1032 2678 1065 2741 οὐ
1095 2677 1159 2758 γὰρ
1190 2676 1278 2745 ίίττοο

130 2778 181 2841 'R'
201 2780 266 2853 θεει
301 2784 350 2849 δεῖ
376 2790 500 2850 σκοπεῖν
533 2790 565 2847 et
596 2780 668 2845 aliis
695 2779 783 2845 lonis.
832 2781 999 2845 Praeterea
1023 2792 1157 2847 narrant
1186 2783 1278 2851 nohis

129 2874 191 2947 ίιτε
215 2906 455 2975 nonnumquam
486 2886 569 2952 nihil
597 2886 720 2951 omnino
746 2883 948 2970 significare,
972 2883 1028 2951 sod
1052 2888 1217 2968 παρέλκειν
1244 2898 1278 2957 et

129 2980 161 3049 fi·
173 2999 305 3075 περιττοῦ
337 2994 547 3075 προστίθεσθαι
582 2990 630 3055 ved
663 2991 879 3070 προσκεῖσθαι,
912 2990 944 3054 in
976 2991 1070 3057 cuius
1101 2993 1149 3059 rei
1180 2993 1275 3061 iidem

128 3082 274 3167 &dadinum
298 3097 439 3165 Platonis
461 3097 554 3165 affert
583 3096 689 3163 looum
722 3094 942 3160 l‘herecratis:
966 3105 1030 3169 τοῖς
1052 3096 1127 3162 hina
1158 3099 1276 3165 τολοίν-

125 3216 171 3273 θθθ
188 3204 277 3270 ιίλλίε
305 3205 473 3285 προστιθείς
501 3204 562 3285 ἔφη
586 3200 672 3267 ἄτσοι
694 3200 886 3275 πεντήκοντα
910 3208 941 3265 et
966 3198 1075 3267 addit:
1106 3204 1275 3289 οὐδὲνγὰρ

121 3310 239 3387 maiust
261 3311 395 3376 ε’ντοοῦθοι
424 3312 461 3377 nd
489 3308 606 3374 ίιττοο.
654 3306 797 3390 uanique
820 3306 871 3370 ἐπί
893 3304 1002 3386 χρόνον
1030 3306 1199 3375 τάττεσθαι
1220 3309 1274 3377 do-

121 3418 173 3479 Ιθ
194 3422 227 3481 et
243 3416 296 3481 thr·
318 3416 456 3496 ἀριθμοῦ.
503 3412 706 3499 Negligentor
730 3408 805 3476 liaeo
829 3412 937 3476 omnia
959 3421 990 3477 et
1015 3431 1077 3478 non
1101 3415 1180 3481 satis
1202 3435 1277 3485 vere

121 3516 213 3587 nttu
233 3528 330 3587 sunt:
357 3518 443 3586 ίίτσοι
476 3517 593 3605 uhiquo
622 3519 752 3603 ponitur
776 3535 833 3601 pro
855 3514 970 3593 οἵτινν,
994 3537 1097 3603 neque
1122 3540 1275 3607 umquam

121 3618 266 3712 ’περιτο
293 3622 369 3702 ὅσοι,
402 3626 474 3690 τίνοι
504 3622 554 3688 rel
587 3623 663 3689 ποῖοί
687 3648 756 3687 rina
780 3621 984 3689 dictumest.
1032 3623 1134 3691 honus
1162 3627 1275 3695 Demo·

121 3726 236 3807 ίιειιίε,
270 3749 335 3817 quo
364 3732 397 3796 in
431 3749 468 3795 aa
502 3750 537 3794 ro
567 3730 713 3813 magistri
742 3726 943 3803 abutuntur,
977 3727 1080 3795 ohiten
1112 3733 1275 3801 emendari

120 3840 206 3903 dieti.
256 3833 404 3904 Afferuttt
435 3833 533 3901 haee:
568 3838 581 3901 ί
605 3836 636 3901 δὲ
666 3834 843 3914 πρεσβεύων
875 3835 1026 3915 Αἰσχίνης
1052 3837 1151 3901 οὑτοσί
1185 3840 1275 3905 ἐλθὼν

120 3940 158 4015 ir
186 3940 247 4021 μεν
279 3941 331 4007 uxi
363 3938 449 4008 οίττοι
473 3942 547 4006 ποτὲ
572 3940 735 4020 διελέχθη;
769 3936 853 4024 apud
886 3938 1131 4008 Demosthenem
1157 3941 1277 4029 legitur

120 4044 190 4115 tF.
213 4044 248 4111 la.
272 4065 303 4132 p.
324 4050 410 4123 458,
435 4050 496 4111 22:
528 4050 591 4127 οὐχ
613 4048 627 4110 ί
646 4046 703 4123 μὲν
723 4044 854 4127 γρίφων
875 4046 910 4109 τὸ
934 4047 1089 4127 ψήφισμα
1116 4048 1275 4127 Εὔβουλος

120 4176 146 4233 ι,
176 4150 248 4218 did
277 4152 454 4233 πρεσβεύων
487 4152 530 4224 τίς
554 4152 783 4224 Πελοπόννησον
806 4152 957 4231 Αἰσχίνης
980 4152 1101 4225 adreel:
1131 4154 1222 4221 θλθίον
1250 4158 1276 4223 δ’

120 4264 193 4325 νίεε
213 4252 300 4323 droa
323 4258 382 4337 μίν
405 4281 481 4323 ποτε
508 4258 651 4339 διελέχθη
676 4257 727 4321 κοιί
756 4257 980 4336 ἐδημηγόρησεν
1008 4258 1101 4331 αὐτὸς
1122 4255 1162 4323 ἂν
1184 4262 1277 4339 εἰδείη

120 4364 159 4429 τί.
205 4362 378 4451 Corrigee
405 4358 725 4430 Scholiastat's'hdho
750 4363 776 4427 δ’
799 4365 899 4429 ε’κεῖοε
935 4364 997 4435 πῶς
1021 4365 1077 4443 μὲν
1109 4364 1161 4431 nai
1191 4364 1277 4435 ν’ίττοι
