2940 5010
632 308 696 371 855
720 339 724 348 ·

72 482 182 564 πίομαι
206 481 292 569 apud
315 481 447 549 Veteres
470 481 609 568 primam
634 499 760 567 semper
784 478 932 566 producit
957 483 1010 546 51.

72 587 259 672 πιπράσκω,
282 595 397 664 πωλῶ,
420 588 579 667 ἀπεδόμην
607 590 681 652 158.

72 696 177 761 πίπτω
203 701 235 759 et
257 692 457 773 καταβάλλω
483 694 516 757 in
540 691 627 758 lucta
653 695 730 758 797.

72 800 287 881 Πισθέταιρος,
309 819 372 864 non
395 798 607 881 Πεισίίταιρος
633 802 709 866 555.

73 897 188 975 πιςειίω
213 928 258 971 σοι
283 902 368 986 ἔχειν
392 911 423 969 et
448 904 519 969 sim.
545 907 622 971 509.

72 1011 188 1080 πιςεύω
212 1010 309 1092 τούτῳ
332 1011 469 1087 ποιήσειν
493 1009 624 1076 11111111.
651 1010 728 1075 775.

71 1117 187 1187 πιςείω
213 1117 284 1196 ὑμῖν
308 1117 542 1195 γνώσεσθαι-
560 1112 675 1185 πιςειίω
701 1116 784 1196 ὑμεῖς
811 1113 982 1193 γνάοεσίαι
1008 1117 1083 1181 508.

73 1228 168 1296 πιςιῖς
193 1219 278 1304 ἔχειν
299 1245 338 1286 =
358 1222 447 1295 πιςὸς
471 1216 547 1287 εἶναι
573 1224 650 1287 556.

73 1328 185 1412 πλάζω
209 1327 293 1394 male
316 1346 375 1414 pro
397 1325 531 1393 πλάττω
555 1330 634 1395 751.

73 1433 208 1509 πλάνης.
234 1436 260 1500 σί
284 1432 442 1508 πλάνητες
465 1432 573 1515 άςέρες
599 1435 673 1497 776.

75 1539 242 1615 πλάνητας
264 1576 310 1588 -
328 1540 494 1615 πλανήτας
520 1542 595 1604 777.

74 1645 232 1722 πλάνητες
255 1682 301 1695 -
320 1653 480 1719 πλανῆται
506 1648 581 1708 777.

74 1759 215 1818 πλεῖ-
234 1758 326 1817 πλεῖν
350 1754 426 1817 704.

75 1867 167 1925 πλεῖν
191 1859 209 1936 ἤ
234 1861 321 1934 555,
343 1859 422 1923 675.

77 1972 167 2030 πλεῖν
191 1965 209 2042 ἢ
233 1963 327 2029 πέντε
350 1968 383 2027 et
405 1961 478 2027 sim.
504 1964 581 2026 677.

74 2079 235 2136 πλεῖν-
257 2066 371 2145 πλέον,
395 2073 521 2142 πλεῖον,
546 2064 643 2131 πλείω
667 2067 744 2131 675.

77 2182 168 2241 πλεῖν
192 2174 212 2248 ἦ
231 2211 277 2223 -
296 2172 389 2238 πλέον
412 2174 430 2249 ἤ
455 2176 532 2238 465.

77 2279 215 2352 πλείονος
238 2280 439 2358 μισίοῦσίαι,
464 2297 527 2343 non
550 2276 698 2343 πλειόνων
722 2277 798 2342 560.

76 2392 168 2458 πλεῖς
191 2387 248 2462 πιίν
268 2421 314 2433 -
332 2383 464 2459 πλείςην
491 2386 564 2450 170.

76 2489 221 2563 πλείςονς
240 2525 286 2539 -
304 2489 430 2563 πλείονς
455 2493 532 2557 768.

75 2601 253 2659 πλεῖτε-
272 2592 387 2659 πλίετε
410 2600 444 2660 et
470 2594 543 2660 sim.
569 2596 645 2659 578.

75 2699 201 2778 πλέως,
225 2698 392 2780 ἔμπλεως,
418 2698 583 2772 άνοίπλεως
606 2705 669 2766 cet.
694 2703 770 2765 517.

76 2805 208 2885 πληγάς
231 2806 387 2875 omittunt
410 2805 510 2873 Attici
536 2806 570 2872 in
593 2801 699 2879 ἄλλοις
722 2802 944 2884 ἕπεμβάλλειν
965 2813 999 2873 et
1019 2808 1093 2875 sim.
1120 2813 1194 2876 750.

77 2920 164 2982 πλοῖ.
187 2910 278 2978 καλοί
301 2918 379 2979 πλοῖ
399 2917 432 2978 et
455 2912 529 2980 sim.
555 2915 632 2978 584.

76 3021 174 3084 πλοῦν
197 3055 243 3067 -
264 3039 323 3082 που
347 3019 402 3082 01.

77 3129 198 3201 πλοῦς,
221 3122 334 3199 πλοῖς,
356 3120 453 3197 πλίες
477 3130 509 3188 οι
533 3122 605 3187 sim.
630 3120 715 3208 apud
739 3122 901 3209 sequior-es
926 3126 1002 3189 584.

77 3235 224 3295 πλουτεῖν
246 3228 309 3292 άπὸ
332 3233 386 3294 τοῦ
411 3229 506 3308 δήμου
530 3234 563 3293 et
583 3227 657 3293 sim.
683 3231 760 3292 575.
822 3257 825 3261 ·

78 3335 147 3416 πλῷ
167 3370 211 3384 -
231 3333 327 3416 πλοίῳ
352 3337 437 3411 585,
461 3337 537 3400 657.

78 3445 164 3505 πλῶν
183 3475 229 3487 -
249 3437 373 3517 πλάων,
395 3439 509 3505 πλοίων
532 3442 608 3505 584.

78 3545 198 3611 πνεύσω
221 3542 396 3610 barbarum
420 3563 478 3630 pro
501 3544 674 3625 πνείσομαι
698 3547 774 3611 749.

78 3659 195 3718 ποῖ-
215 3655 273 3715 ποῦ
299 3653 353 3715 91.

78 3759 141 3822 ποῖ’
163 3753 250 3821 άτπα
274 3757 351 3820 776.
665 3807 670 3817 .

79 3868 196 3939 ποιεῖν,
218 3865 373 3936 ποιοῦσιν,
397 3860 513 3926 ἐποίουν
537 3859 729 3948 interpolata
752 3865 841 3938 510,
865 3866 930 3929 595
943 3912 952 3942 ,
977 3868 1053 3935 685.

79 3975 174 4032 ποιεῖν
190 3966 348 4033 inducere.
371 3966 540 4039 πεποίηται
558 3969 969 4049 τιμωρήσας-πεποίηται
990 3979 1161 4055 τιμωρῆσαι
1186 3975 1264 4040 657.

80 4080 176 4137 ποιεῖν
199 4073 355 4153 χρήματα
378 4069 506 4151 πολλά,
529 4068 604 4139 οίνον
627 4073 724 4142 πολίν
748 4083 780 4139 et
803 4075 877 4141 sim.
901 4077 977 4141 646.

80 4183 176 4241 ποιεῖν
199 4184 231 4241 et
254 4173 392 4259 πάσχειν
416 4180 481 4255 55,
505 4182 583 4245 561.

79 4282 230 4348 ποιεῖσθαι
252 4281 366 4364 φίλον,
389 4280 496 4360 ξένον,
520 4303 584 4350 non
606 4292 702 4352 ποιεῖν
725 4289 802 4352 465.

79 4387 229 4455 ποιεῖσθαι
252 4390 384 4474 ponitur
407 4390 440 4456 in
465 4388 663 4477 periphrasi,
687 4411 749 4458 non
773 4401 869 4460 ποιεῖν
893 4395 958 4459 757
971 4441 980 4472 ,
1005 4396 1081 4461 760.
