2940 5010
697 266 760 330 482

137 441 284 510 sissimae
307 438 479 526 diligenter
502 457 560 505 suo
584 447 721 527 utraque
744 438 873 507 nomine
895 436 1189 526 distinguebantur.
1237 443 1324 510 Ἔτι·

137 548 220 626 έναι,
250 544 379 630 ἔφοδος,
410 553 443 611 el
470 543 578 628 ἔφοδον
600 548 750 613 ποιεῖσόαι
774 543 930 611 dicuntur
952 544 992 611 du
1013 545 1055 611 iis
1084 545 1141 633 qui
1166 546 1324 634 impetum

138 655 172 719 in
195 653 303 718 hostes
326 650 471 729 laniunt,
496 650 550 717 sed
573 655 588 716 ὁ
612 650 720 734 ἔφοδος
743 650 908 728 circuitor,
932 669 1032 737 quum
1061 650 1190 736 vigilias
1212 670 1327 720 omnes

139 756 228 836 obit,
251 755 372 823 dieitur
395 756 569 838 ἐφοδεύειν,
593 775 656 843 quo
678 754 812 821 militari
837 753 990 821 vocabulo
1007 754 1183 842 Xenophon
1197 757 1231 823 in
1256 756 1330 827 ttet-

137 861 250 930 lenicis
274 880 516 947 nonnumquam
542 863 662 940 utitur,
685 868 717 926 et
741 859 797 925 din
818 866 893 926 ante
904 859 1134 946 Aristophanes
1158 861 1191 929 iu
1205 861 1330 931 Avibus

138 971 310 1035 vs.1160.
360 967 442 1034 llinc
478 986 592 1034 nomen
622 966 748 1048 ύφοδιόα
779 973 811 1032 et
843 966 948 1052 ipsum
982 964 1118 1054 probum
1152 975 1186 1035 et
1218 965 1330 1054 legiti-

139 1094 229 1141 mum
254 1081 304 1140 est
329 1093 386 1158 pro
406 1092 540 1140 munere
563 1081 595 1138 et
620 1069 725 1137 officio
747 1075 802 1137 τοῦ
825 1070 1029 1155 ἐφοδεύοντος.

188 1181 253 1245 lluo
277 1178 359 1244 addo
388 1197 445 1265 pro
473 1178 662 1258 ἀπόπατος,
685 1180 862 1243 ἀποπατεῖν
885 1184 917 1242 el
949 1176 1174 1258 ἀποπάτιρρσα,
1207 1177 1332 1266 quibus

138 1284 214 1352 solis
247 1283 422 1349 utebantur
453 1282 566 1349 Graeci
601 1283 820 1369 antiquiores,
855 1282 943 1347 circa
974 1280 1147 1351 Alexandri
1180 1293 1331 1372 tempora

137 1388 252 1473 ἄφοδος
276 1398 308 1455 et
338 1389 480 1471 ύφοδεύοι
506 1398 538 1454 et
564 1387 732 1472 ἀφόδεορια
756 1388 788 1452 in
819 1405 879 1453 usu
904 1405 974 1453 esse
997 1389 1159 1474 coepisse:
1181 1389 1332 1473 ἀφοδεύιι

139 1514 215 1562 vero
238 1513 295 1582 pro
318 1493 499 1576 ἀπέρχομαι
523 1491 594 1559 laex
617 1491 847 1560 Graeculorum
871 1489 1008 1560 dicebat.

184 1599 329 1685 Denique
359 1597 418 1663 hoo
450 1597 645 1665 tenendum:
669 1597 734 1672 όδός
757 1617 831 1664 eum
859 1597 1150 1685 praepositionibus
1175 1598 1334 1668 omuibus

139 1705 364 1790 componitur,
388 1702 581 1791 quibuscum
605 1711 638 1770 et
662 1702 795 1770 verbum
817 1703 911 1781 ἰέναι,
935 1704 1035 1769 etsie
1058 1705 1236 1791 pariuntur
1253 1706 1335 1775 sult-

139 1811 279 1878 stantius
302 1808 439 1895 singulis
458 1808 565 1876 verbis
588 1809 773 1894 compositis
786 1807 1032 1894 respondentia,
1054 1808 1201 1890 διέξοδος,
1224 1814 1334 1882 inlo-

137 1918 223 1994 οδος,
258 1915 456 1997 παρούσοδος,
491 1915 657 1992 ἐπάνοδος,
689 1914 772 1992 alia,
804 1933 887 2000 qnae
919 1932 977 2000 per
1009 1913 1202 1983 Graecitatis
1240 1919 1333 2006 iuge·

139 2025 228 2089 nium
256 2019 342 2087 nullo
366 2018 459 2086 modo
486 2029 621 2107 possunt
644 2018 876 2086 adiectivorum
900 2027 1051 2087 naturam
1082 2019 1240 2103 induere,
1272 2023 1331 2093 sed

139 2127 297 2195 adiectira
327 2134 404 2191 sunt
437 2144 473 2191 ea
498 2126 628 2203 omnia,
661 2126 693 2191 in
724 2124 841 2212 quibus
863 2126 886 2190 ἀ
908 2162 952 2174 -
974 2133 1007 2191 et
1028 2128 1128 2192 ού-
1150 2137 1184 2195 et
1206 2130 1264 2197 δνσ
1285 2168 1333 2185 -

138 2235 232 2300 inest.
279 2233 395 2318 ltaque
426 2229 547 2307 ἀνοδος,
581 2230 679 2306 ιύοδος
703 2238 736 2298 et
766 2230 885 2304 δύσοδος
917 2229 1076 2298 adiectiva
1111 2245 1209 2309 sunt.
1243 2233 1332 2305 unde

141 2347 361 2427 propagantur
383 2354 466 2401 nora
485 2335 686 2401 substantiva
708 2336 834 2414 ἀνοδύα,
856 2336 959 2403 odolla
979 2343 1011 2402 rt
1034 2337 1168 2404 διισοδύα.
1215 2337 1332 2406 Diodo-

140 2463 198 2510 rus
229 2441 358 2508 Siculus
390 2441 495 2506 utitur
529 2441 657 2506 nomine
689 2441 853 2508 παλινοδύα
877 2440 962 2508 xltt.
997 2446 1048 2509 19.
1080 2445 1330 2513 πανιινοδόιιν

139 2549 171 2615 δὲ
205 2545 512 2623 καταναγκάσαντος
552 2548 736 2622 ποιήσασθαι
771 2565 830 2633 pro
863 2548 1065 2630 ἀναχωρῆσαι
1100 2550 1143 2624 εἰς
1178 2550 1327 2618 rodatico.

136 2653 263 2725 Ἄνοδος
299 2649 383 2736 quod
417 2650 513 2717 verbo
543 2652 714 2734 ἀνέρχομαι
747 2652 918 2737 respondet
952 2671 1049 2740 quam
1082 2652 1249 2722 diversum
1285 2657 1330 2723 sit

140 2757 239 2824 vides.
288 2755 374 2841 Ergo
396 2757 546 2835 εύδίοδος,
568 2754 723 2832 ἀνέξοδος,
749 2754 904 2836 ιύέξοδος,
926 2757 1098 2836 δυσέξοδος,
1120 2758 1328 2840 δνσδιὲξοδος,

139 2861 339 2944 εὐπρόσοδος,
362 2861 560 2944 δυσπρόσοδος
582 2869 614 2927 et
637 2860 699 2926 ulia
711 2861 869 2947 quaedum
893 2862 1052 2930 adientiva
1072 2872 1149 2930 sunt
1167 2864 1329 2952 significa·

140 2969 227 3034 tione
258 2975 357 3033 certa.
405 2966 615 3049 Δυσπρόσοδος
639 2968 725 3032 euim
750 2976 800 3034 est
820 2972 893 3050 πρός
919 2965 950 3035 δν
980 2969 1126 3052 χαλεπόν
1144 2971 1190 3039 deo
1216 2993 1330 3054 προσ·

141 3073 267 3153 ιέναι,
300 3081 332 3138 et
365 3072 409 3137 ita
433 3071 466 3135 in
501 3072 648 3138 caeteris.
698 3071 862 3138 admoneo
885 3071 945 3139 lroc
976 3073 1016 3139 ad
1046 3073 1248 3160 arguendum
1277 3094 1329 3143 ur·

141 3200 248 3247 rorem
271 3196 400 3256 eorum,
424 3178 479 3264 qui
503 3177 609 3260 ἔφοδος
632 3176 827 3244 adientivum
847 3197 916 3245 esse
940 3198 1031 3265 posce
1052 3181 1249 3267 opinantur,
1271 3199 1328 3249 cu·

141 3286 193 3351 ius
217 3289 263 3350 rei
287 3282 351 3350 duo
374 3282 518 3369 exempla
544 3281 706 3362 afferunt,
732 3283 869 3351 alterum
896 3304 934 3351 ea
966 3284 1124 3373 Polyaeno
1153 3285 1178 3353 1.
1204 3290 1261 3355 ts.
1287 3290 1329 3365 5,

142 3390 196 3455 oui
216 3408 275 3475 pro
297 3387 405 3471 ἔφοδον
428 3383 505 3454 εἶναι
523 3390 575 3454 τόν
597 3388 694 3470 λόφον
717 3409 756 3455 ex
780 3390 848 3475 ipsa
871 3388 1010 3457 Anabasi
1029 3390 1085 3457 lll.
1110 3412 1151 3458 ιν.
1177 3395 1232 3458 lt.
1256 3391 1329 3460 red·

141 3492 283 3562 (lendum
307 3500 356 3558 est
375 3491 481 3576 ἔφοδον
500 3488 578 3559 εἶναι
604 3493 681 3581 (ἐπὶ)
705 3495 756 3559 τόν
779 3494 895 3579 λόφον,
919 3494 1057 3563 alierum
1076 3516 1115 3565 ex
1138 3496 1330 3586 Thucydide

143 3599 196 3665 Vl.
220 3602 274 3664 66.
305 3597 393 3680 παρά
415 3622 451 3663 τε
470 3598 529 3673 τάς
552 3603 625 3671 ναῦς
649 3598 800 3678 caupona
823 3598 941 3677 ἔπνιξαν
969 3603 1021 3667 καὶ
1044 3603 1095 3668 ἐπὶ
1117 3603 1160 3684 τῷ
1183 3602 1328 3671 Δάσνιοινι

143 3702 266 3787 ἔρυμα,
291 3701 310 3786 ᾗ
332 3704 585 3787 ε’φοδάτατον
609 3699 643 3778 ἦν
666 3711 729 3778 τοῖς
753 3706 929 3784 πολεμίοις,
952 3706 1006 3772 uui
1036 3728 1095 3794 pro
1124 3706 1264 3775 ridicula
1286 3707 1331 3777 le·

143 3811 249 3876 ctione
272 3827 312 3876 ex
342 3815 432 3895 parte
455 3807 612 3874 librorum
645 3810 801 3885 restitue,
835 3810 1041 3898 quodetiam
1066 3813 1135 3880 sine
1156 3812 1250 3880 libris
1275 3834 1330 3902 po·

143 3923 227 3981 terat
250 3913 290 3980 ab
313 3932 505 4000 unoquoque
532 3915 687 4000 reperiri,
712 3916 951 3999 ιύοφοδύτατον.
999 3915 1214 4005 opponuntur
1243 3920 1332 3988 inter

144 4038 179 4086 se
200 4019 301 4102 ἒχορά
323 4019 425 4102 χορόα
445 4027 477 4087 et
500 4019 634 4102 ούύφοδα
664 4022 697 4087 iu
729 4020 902 4111 Cyropaed.
924 4022 966 4090 ll.
991 4044 1032 4090 ιν.
1060 4029 1123 4102 15,
1145 4032 1178 4091 ct
1207 4025 1329 4111 passim

144 4124 286 4209 εύέφοδος
311 4145 348 4192 eo
370 4144 467 4192 sensu
496 4126 648 4193 occurrit.
696 4125 757 4194 Sed
782 4128 847 4194 iam
870 4136 998 4217 tempus
1024 4128 1137 4197 estad
1166 4129 1329 4199 Anabasin

142 4234 291 4298 ποιεῑσόαι
310 4233 366 4307 τὴν
388 4230 542 4298 ἕπάνοδον.

188 4337 324 4405 librarii
347 4338 402 4426 qui
425 4335 562 4423 negandi
587 4336 778 4425 particulam
809 4338 903 4408 modo
928 4341 1034 4429 inepte
1057 4344 1213 4411 omittunt
1235 4341 1330 4411 modo
