2940 5010
714 294 778 359 252

155 463 227 533 dice
250 472 286 532 ut
307 464 340 531 in
364 464 538 533 deterrimo
560 484 686 553 quoque
709 468 866 556 seriptum
899 477 950 535 est
975 466 1112 537 barbare
1134 474 1314 552 συμιινεοσόι·

155 596 216 639 των
237 570 296 649 ἄν,
322 571 475 658 quoniam
498 569 587 637 scioli
621 572 653 638 in
677 572 795 640 talibus
821 572 969 641 futurum
998 576 1120 643 norinto
1148 575 1316 645 substituere

159 684 391 744 consueverant
423 678 578 759 ἐρωτήσων
608 676 647 743 ἄν
675 679 861 767 corripenter
891 679 1015 747 scilicet
1047 700 1106 769 pro
1134 683 1319 765 ἑρωτήσοιοι

159 783 234 849 aim.
280 781 393 869 ltaque
416 782 677 862 συμπνευσάντων
697 785 730 849 in
754 784 1010 865 συμπνευσόντων
1030 794 1178 865 mutant,
1202 787 1245 854 nil
1264 784 1320 855 tntii

160 888 383 975 suspicantes,
415 908 555 974 namque
578 888 622 955 ita
650 886 864 975 loquebantur
887 891 969 978 ipsi,
1002 899 1040 960 ut
1060 892 1263 979 Antipatrum
1282 910 1322 959 m·

162 991 303 1060 divimus
336 991 430 1059 modo
461 993 640 1061 dicentem:
673 994 738 1076 τρὶς
766 995 842 1062 δέκα
874 1020 915 1076 με
948 996 1091 1063 πνευσεον
1121 997 1176 1063 καὶ
1206 998 1251 1073 δὶς
1272 998 1324 1082 aab

160 1098 291 1178 μάντιες
314 1097 412 1180 άςρυν
432 1095 439 1190 Ι
458 1100 569 1183 Φασίν.
602 1098 758 1167 Dicebant
778 1101 879 1187 igitur
901 1100 1049 1168 Graeculi
1071 1103 1159 1187 ᾆσυ,
1182 1112 1217 1169 at
1234 1102 1324 1171 (inani

160 1206 300 1288 ᾄσομαι,
326 1204 378 1269 eui
399 1202 519 1271 lormae
539 1204 623 1292 apud
646 1214 757 1293 poetas
777 1206 907 1292 quidem
930 1208 1086 1295 inprime
1106 1215 1141 1276 et
1162 1210 1256 1278 tertia
1273 1228 1325 1298 pen

162 1328 238 1376 sona
263 1307 344 1376 nihil
366 1316 416 1377 est
434 1309 586 1395 periculi:
609 1311 728 1396 ᾄσομαι
749 1318 783 1378 et
802 1312 916 1396 ᾄσεται
941 1321 1045 1379 metro
1068 1320 1139 1379 tuta
1160 1324 1257 1391 sunt.
1279 1332 1324 1383 non

164 1415 242 1481 item
263 1416 349 1498 ᾄσει,
373 1413 457 1500 quod
481 1415 613 1502 proclivi
636 1436 746 1483 errore
769 1419 802 1482 in
821 1419 908 1502 ᾀσεις
929 1417 1098 1505 depravari
1116 1417 1216 1498 solet,
1238 1438 1324 1507 qnan-

164 1518 336 1587 admodum
350 1520 468 1607 passim
487 1521 630 1588 Atticum
652 1548 703 1588 -ει
724 1520 883 1589 secundae
904 1542 1057 1610 personae
1074 1524 1324 1612 eomumpitur'n

164 1651 253 1704 -εις,
278 1634 334 1691 aut
359 1651 391 1708 ρο
418 1639 475 1693 aut
493 1654 548 1710 -ρ,
596 1627 631 1693 ln
656 1627 878 1715 Aristophanis
911 1630 991 1695 Pace
1015 1632 1111 1695 1297.
1142 1628 1175 1695 in
1202 1628 1324 1697 omnibns

164 1732 255 1799 libris
278 1740 463 1799 constanter
486 1731 624 1819 legitur:

344 1840 378 1904 οὖ
402 1837 570 1920 πράγματ’
592 1839 684 1923 ᾂσεισ
707 1839 860 1921 σάφρονοσ
882 1839 947 1921 γάρ
970 1836 1001 1904 rl
1020 1838 1153 1920 πατράσ.

164 1943 220 2011 ubi
245 1942 374 2010 tandem
397 1942 564 2011 llawesius
586 1944 655 2027 ᾄσει
685 1946 844 2021 correxit,
868 1963 963 2031 quem
984 1963 1096 2011 omnes
1122 1945 1195 2012 iure
1213 1962 1326 2033 οαρυυι·

164 2059 241 2127 tor,
273 2050 371 2115 etiam
395 2048 570 2134 Bergluius,
598 2050 653 2135 ιριιί
679 2049 787 2115 nescio
809 2048 967 2136 quomodo
989 2048 1069 2116 alins
1090 2048 1210 2138 ubique
1231 2050 1326 2117 forman

163 2153 333 2222 manifesto
356 2154 487 2219 vitiosas
510 2155 543 2219 in
567 2179 633 2227 -εις
657 2155 819 2220 revocavit
842 2153 882 2220 ob
906 2153 1054 2229 futilem,
1079 2164 1117 2222 ut
1137 2159 1266 2244 opinor.
1284 2174 1325 2223 an·

164 2262 347 2327 ctoritatem
367 2258 441 2324 libri
465 2260 678 2338 Ravennatis,
702 2258 787 2326 unde
812 2261 933 2347 recepit
955 2262 1097 2344 ρὀφήσοιρ
1120 2261 1326 2329 tetramete-

163 2377 200 2432 et·
229 2368 300 2433 Pae.
325 2368 411 2441 716,
446 2374 478 2431 et
512 2368 544 2431 in
580 2364 752 2452 eqnitibus
772 2369 848 2433 560.
883 2368 1074 2450 ἐκροφήσεις.
1124 2365 1326 2435 Praetereoin

166 2472 289 2558 liquitt.
312 2475 388 2537 294.
413 2472 552 2557 pessime
572 2470 695 2553 γρύξειρ
718 2470 840 2544 edidit.
877 2472 930 2538 irbi
954 2472 1031 2538 llav.
1055 2473 1179 2557 γρύζεις
1203 2472 1329 2549 dederat.

165 2579 297 2643 et167.
328 2576 511 2655 λαικάσεις,
543 2586 576 2643 ot
603 2580 679 2642 969.
712 2575 825 2654 διώξεις
859 2579 1029 2643 etiterum
1056 2578 1089 2642 in
1122 2576 1329 2667 Tlresmoplrm.

167 2686 276 2760 nant,
299 2701 381 2767 quae
403 2683 509 2748 omnia
531 2703 592 2749 non
606 2683 715 2747 minus
735 2682 848 2748 vitiosa
867 2690 943 2748 sunt
956 2702 1052 2768 quam
1075 2683 1232 2761 ήλιάξεις,
1255 2702 1330 2765 προσ·

165 2786 277 2865 tibere,
308 2788 394 2871 ᾄσεις
427 2793 459 2851 et
489 2787 561 2853 sim.
617 2786 692 2853 Sine
732 2785 802 2854 labe
830 2788 929 2854 evasit
967 2791 1142 2872 ρὀφήσομαο
1175 2790 1208 2856 in
1238 2786 1331 2875 Veni!

164 2897 241 2960 814.

345 3002 440 3065 αὑτοῦ
462 2998 559 3078 μένων
583 2998 647 3080 γάρ
670 3000 726 3075 τήν
747 3006 855 3082 φακῆν
876 3002 1061 3082 ῥοφήσομαι.

164 3105 261 3194 idque
282 3106 448 3172 annotavit
473 3104 623 3170 llttieista
652 3106 761 3170 nescio
787 3106 876 3191 quis,
905 3106 999 3171 cuius
1022 3102 1144 3173 multas
1166 3106 1332 3173 venierint·

164 3210 401 3278 observationes
432 3208 471 3276 de
499 3207 625 3275 dicendi
652 3229 712 3276 usu
743 3210 921 3275 Atticorum
947 3211 1081 3276 Plrotius
1104 3212 1137 3277 in
1164 3210 1268 3279 benici
1288 3204 1334 3275 sni

166 3316 361 3403 farraginem
391 3315 532 3401 recapit:
563 3316 818 3397 ῬοΦήσομαιε
848 3316 917 3380 aiunl
948 3321 1001 3381 τοῦ
1034 3320 1189 3400 ῥοφήοοι
1224 3318 1334 3398 λέγουσι

169 3423 296 3512 (nempe
327 3424 353 3487 oi
374 3418 536 3507 Ἀττικοί.)
584 3418 671 3485 idem
704 3420 779 3485 alibi
808 3420 1024 3501 Κλεψοάμενορ
1046 3422 1175 3500 λέγουσι
1198 3424 1235 3491 τά
1255 3426 1334 3507 ridor

167 3527 347 3611 ρνσάμενοο,
374 3524 427 3591 ubi
450 3524 642 3608 κλεψάμενος
672 3524 917 3591 emendandum.
964 3524 1119 3594 Dicebant
1145 3530 1232 3597 cnitn
1253 3528 1334 3599 bilta·

167 3634 296 3701 nienses
314 3630 474 3713 κλὲψομαι
495 3650 557 3697 non
577 3630 704 3713 κλέψαι,
730 3637 766 3695 ut
785 3630 986 3711 άρπάσομαι,
1008 3631 1241 3715 δοαρπάσομαο.
1261 3636 1334 3717 dm

167 3739 332 3818 ποήσομαι,
357 3755 417 3801 non
443 3734 572 3818 οἱρσάτω
596 3743 657 3801 etc.
706 3734 829 3802 Similia
851 3737 1016 3803 annotavit
1038 3738 1155 3807 lloeris
1174 3742 1209 3807 in
1226 3744 1334 3827 ᾅσεται,

169 3848 339 3928 βοήσεται,
363 3841 556 3921 βαδιοῦμαι,
582 3839 766 3919 θηράσεται,
790 3843 949 3920 ὀμοῦμαι,
983 3841 1038 3909 sed
1068 3842 1195 3911 iuliitur
1220 3848 1253 3914 in
1277 3842 1334 3923 άξε-

166 3978 220 4018 ται
234 3988 248 4001 ·
261 3948 328 4025 άξεο
353 3956 384 4013 et
407 3944 561 4027 πράξεται
574 3985 588 3995 -
600 3943 721 4026 πράξει.
767 3948 888 4029 Γράζειν
908 3946 1024 4014 babere
1050 3946 1210 4029 γρύξομαι
1228 3959 1260 4019 el
1278 3968 1334 4019 an

168 4058 253 4145 logia
277 4053 368 4120 docet
390 4060 421 4118 et
444 4060 611 4139 poetarum
636 4069 714 4117 usus
739 4050 916 4119 confirmat.
964 4051 1243 4134 Quemadmodum
1265 4056 1334 4125 etti!

168 4159 338 4242 οἰμώξομαι
371 4156 519 4225 dicebant
547 4163 579 4221 el
612 4155 799 4238 κεκράξομαι
824 4168 855 4225 ct
883 4155 1102 4238 κεκλάγξομαι
1133 4168 1168 4227 ei
1197 4164 1334 4243 βοήσυμ

168 4274 201 4333 et
223 4268 404 4344 λακήσομαι
427 4271 459 4330 et
478 4261 674 4338 ὀτοτύξεσθαι
699 4263 807 4344 μακρά
836 4265 868 4327 in
895 4263 1093 4351 Lysistrata‚
1116 4275 1150 4332 et
1169 4266 1334 4347 δλολάξετι

170 4376 234 4439 σοῖν
261 4372 350 4451 δῶμα
379 4370 411 4436 in
438 4368 602 4455 Euripidis
632 4366 864 4444 biertanam,
895 4370 940 4435 sic
969 4366 1123 4453 γρύξομαι
1154 4372 1260 4442 solnm
1286 4392 1334 4443 em
