2940 5010
791 254 854 318 tot

409 430 517 513 propp
538 429 602 510 γὰρ
625 428 729 509 ἀνδρὸς
753 424 787 494 εὖ
810 427 868 508 μὲν
889 427 1039 493 οἰκοῦνται
1063 425 1170 501 πόλεις

408 534 442 604 εὖ
465 538 493 604 δ’
515 531 605 608 οἶκος.

228 650 262 708 et
285 642 316 707 in
340 640 469 710 Electra
492 659 538 709 vs.
562 644 638 707 ton.

406 750 433 814 ol
455 748 520 828 pop
540 749 669 813 τοιοῦτοι
692 744 753 819 τοὶς
775 743 882 819 πόλεις
904 745 1033 810 almiro
1057 740 1092 811 οὗ

406 853 459 920 καὶ
483 853 614 932 δώμαθ’,
637 852 672 918 αἱ
695 850 727 916 lt
750 847 861 931 σάρκες
885 854 919 918 αδ
942 849 1027 918 κεναὶ
1048 854 1167 934 Φρονῦν

407 956 580 1038 ἀγάλματ’
602 957 722 1038 ἀγοραῖς
744 956 830 1022 εἷσον.

228 1063 284 1129 ubi
314 1061 416 1128 multo
459 1061 576 1129 molius
607 1061 749 1148 legetur:
784 1059 837 1127 καὶ
867 1057 975 1137 πόλεις
1008 1063 1137 1128 οἰκοῦσιν
1168 1056 1214 1129 εὖ.
1268 1060 1413 1131 Praeirit

228 1167 406 1257 Aeschylus
434 1165 522 1255 Sept.
546 1186 574 1233 c.
599 1166 658 1234 Tlr.
685 1169 759 1234 too.

408 1272 540 1339 δείσασα
561 1273 589 1339 δ’
612 1273 681 1357 οἴκῳ
703 1271 757 1339 καὶ
780 1270 870 1340 πόλει
893 1270 987 1339 πλέον
1009 1273 1121 1351 κακον,

228 1379 365 1467 populus
395 1376 506 1445 eodem
539 1397 637 1445 seusu
665 1377 730 1462 trip
750 1376 804 1444 sal
838 1379 972 1463 δημοσία
993 1376 1115 1444 soleloat
1145 1375 1274 1446 dicero:
1303 1396 1414 1467 noque

226 1482 372 1565 ἀνανδρία
390 1503 451 1571 pro
469 1484 611 1563 ἀτολμία
637 1482 769 1551 dubium
790 1484 951 1571 optionem
970 1481 1065 1550 lacit:
1089 1480 1169 1551 illud
1194 1501 1324 1572 semper
1357 1504 1413 1552 uo·

227 1597 331 1656 estet
354 1587 560 1675 opprobrium
588 1595 660 1666 est,
683 1587 743 1654 looc
769 1608 832 1655 non
856 1588 945 1655 item.
992 1586 1082 1657 Unde
1104 1588 1205 1676 igitur
1231 1591 1316 1658 istnc
1338 1610 1413 1679 por-

226 1714 339 1762 versao
357 1694 539 1781 scripturae
558 1694 592 1760 in
612 1712 676 1760 uno
688 1692 863 1780 codemque
875 1692 963 1761 locol
989 1712 1063 1761 nam
1075 1694 1225 1762 Archelai
1239 1704 1273 1763 et
1285 1696 1413 1765 Erech·

227 1800 292 1866 tlei
318 1798 535 1888 fragmentum
566 1796 652 1865 idem
676 1818 716 1865 ex
747 1796 857 1866 eadem
888 1796 994 1866 tabula
1024 1819 1094 1867 esse
1127 1809 1235 1888 patet,
1268 1810 1302 1869 et
1336 1802 1415 1892 quis

228 1905 356 1972 Stobnei
379 1904 533 1972 lemmata
555 1922 652 1990 quam
682 1901 806 1970 lubrica
834 1902 896 1970 ilde
927 1906 993 1971 sint
1021 1904 1150 1973 nesciit
1196 1906 1319 1996 Nempe
1342 1929 1414 1976 cor·

227 2020 369 2078 rectores
390 2009 474 2097 quod
498 2011 652 2077 amissum
683 2018 753 2075 erat
779 2028 839 2076 sno
863 2010 965 2077 nanc
991 2011 1113 2093 sarcire
1143 2014 1286 2098 aggressi
1311 2022 1413 2084 suut:

225 2116 312 2204 quod
337 2134 546 2203 quamsaepe
569 2123 602 2181 ot
625 2133 722 2200 quam
745 2115 848 2202 perite
875 2114 907 2180 in
933 2114 1068 2183 Stoloaeo
1088 2114 1226 2184 iecerint
1254 2118 1356 2187 semol
1379 2126 1415 2189 et

227 2224 347 2289 iterum
370 2220 598 2288 demonstravi.
646 2219 714 2285 Non
738 2218 936 2307 reprehendo
958 2222 986 2287 si
1009 2221 1084 2308 quis
1107 2221 1183 2289 huic
1205 2223 1253 2291 rei
1275 2222 1416 2293 idonens

225 2346 264 2394 ea
287 2345 368 2412 quae
392 2325 495 2393 oculis
515 2345 579 2392 non
601 2325 741 2412 amplius
765 2333 945 2391 cernuntur
969 2325 1068 2392 veluti
1091 2346 1131 2394 cx
1155 2326 1237 2396 Orco
1257 2338 1416 2399 revocat:

227 2431 282 2497 sed
303 2433 382 2497 istos
401 2430 574 2497 Graeculos
591 2449 723 2516 prorsus
739 2429 770 2495 ei
793 2430 921 2514 negotio
944 2430 1083 2517 impares
1102 2432 1266 2519 quodlibet
1285 2442 1415 2505 temere

226 2537 371 2623 arripere
398 2543 432 2601 et
455 2542 662 2601 monumenta
687 2535 858 2601 vetustatis
882 2533 1056 2621 depravare
1083 2536 1114 2603 id
1139 2558 1215 2605 vero
1238 2538 1411 2609 lereudnm

228 2648 372 2707 nonest.
419 2640 559 2706 istorum
585 2641 671 2707 eninr
697 2640 826 2706 inscitia
851 2640 1070 2727 impudentiae
1096 2662 1155 2730 par
1178 2653 1247 2723 est,
1269 2647 1328 2732 qui
1352 2666 1414 2715 ue·

228 2767 290 2834 quc
317 2747 397 2813 satis
425 2745 545 2813 Graeco
571 2745 727 2824 scientes,
756 2764 859 2831 neque
887 2745 1104 2834 intelligentes
1127 2766 1166 2815 ea
1196 2767 1279 2835 quae
1298 2770 1415 2820 recon-

225 2852 401 2919 cinnabant
424 2850 569 2931 scilicet,
602 2849 826 2938 quodcumque
856 2852 998 2938 primum
1030 2853 1176 2920 venitin
1205 2862 1349 2925 mentem
1376 2856 1415 2926 id

224 2966 397 3047 reponunt.
445 2955 619 3043 Supererat

362 3069 705 3130 ΟΤΤΟΙΚΟΝΟΤΤΕ
729 3061 745 3095 ⁴
771 3060 787 3094 *
810 3072 1197 3132 ΛΝΟΡΘΩΣΕΙΕΝΑΝ.

272 3171 433 3237 Porsonus
444 3175 569 3256 poterat
587 3187 698 3234 rerum
711 3169 865 3255 reperire:
889 3188 928 3235 ex
950 3169 1095 3256 reliquiis
1111 3171 1292 3259 scripturae
1308 3174 1413 3243 certis

226 3276 371 3362 vestigiis
394 3283 518 3361 poterat
541 3274 630 3340 πόλιν
652 3273 797 3361 explere,
821 3272 903 3359 quod
926 3275 1059 3342 unicum
1088 3286 1139 3344 est
1160 3277 1194 3342 in
1219 3285 1286 3345 tota
1309 3278 1414 3350 (δοιο-

226 3383 325 3448 citate
344 3378 533 3445 vocabulum
556 3387 589 3444 et
604 3378 653 3446 rei
672 3386 705 3444 et
728 3377 857 3465 liuguae
879 3388 913 3446 et
931 3388 1034 3447 metro
1053 3382 1173 3469 optime
1195 3386 1412 3469 couveniens,

224 3497 259 3553 at
289 3487 423 3551 istorum
452 3481 569 3569 aliquis
593 3482 665 3550 odes
690 3492 789 3562 parco
810 3486 966 3552 coniecit:
998 3486 1143 3574 ineptum
1176 3508 1248 3557 csse
1271 3490 1413 3561 vocabu·

224 3593 292 3659 lum
325 3609 365 3656 ne
388 3588 510 3674 cogitat
541 3587 683 3673 quidem.
729 3588 820 3655 Alius
846 3591 879 3655 iu
907 3592 1054 3677 graviore
1077 3592 1161 3660 malo
1192 3614 1293 3681 quum
1326 3596 1410 3667 riilril

225 3702 352 3784 praeter
375 3700 716 3761 OiTolttoNoTTE
740 3704 877 3762 restaret
899 3695 971 3783 plus
986 3716 1083 3785 quam
1106 3697 1274 3768 dimidiam
1286 3704 1413 3772 senard

226 3809 349 3889 partem
380 3798 420 3866 de
450 3817 509 3865 suo
543 3799 679 3867 resarcit
712 3799 829 3867 additis
856 3802 961 3881 βίοτον
991 3805 1073 3872 οὐδὲν
1105 3808 1239 3889 ὠφελεῖ,
1265 3826 1408 3895 quornm

221 3908 327 3988 βίοτον
354 3902 529 3971 absurdum
553 3912 623 3981 est,
651 3906 733 3972 eills
758 3910 878 3992 ὠφελεῖ
899 3909 996 3975 nimis
1023 3909 1212 3996 languidum
1237 3920 1271 3978 et
1295 3914 1411 4004 insipi-

225 4013 321 4080 dum:
345 4011 420 4096 quis
452 4010 537 4077 enim
573 4006 654 4075 lerat
684 4012 730 4077 ita
758 4011 918 4081 dicentem
949 4014 985 4081 τδ
1018 4016 1091 4097 opis
1127 4016 1229 4095 ἡδονὴν
1263 4016 1337 4101 ζῆν,
1370 4022 1409 4091 rt

221 4116 376 4186 δουλεύειν
401 4123 473 4190 ταῖς
506 4116 626 4192 ἡδοναῖς
652 4116 734 4182 οὐδὲν
757 4118 893 4201 ὠφελοῖ,
924 4128 1022 4208 atque
1041 4119 1120 4188 haec
1143 4122 1333 4211 Euripidem
1358 4126 1409 4197 ric

223 4223 344 4290 dixisse
364 4220 556 4288 credemus?
586 4218 743 4288 Adiiciam
767 4221 853 4289 aliud
875 4226 1057 4312 exemplum
1079 4246 1180 4315 paene
1204 4228 1323 4301 similo.
1358 4232 1409 4301 lix

225 4326 390 4415 Euripidis
412 4324 566 4395 Archelao
591 4325 747 4397 Stoloaeus
772 4327 849 4398 haec
877 4327 969 4398 allent
991 4330 1100 4399 Floril.
1124 4332 1234 4400 lllllll.
1262 4338 1314 4403 tt.
