2940 5010
639 276 703 339 381

79 448 345 535 Κολοφωνίων
378 445 513 527 λιμένα,
544 449 602 512 τῶν
636 446 812 529 Τορωναίων
834 447 1001 531 ἀπέχοντα
1036 453 1069 519 οὐ
1100 454 1181 520 πολὺ
1211 461 1267 531 τῆς

78 556 225 635 πόλεως,
248 555 283 622 io
306 553 409 620 biset
431 553 492 618 alia
517 552 670 640 impedita
689 560 814 619 suntet
834 555 1025 640 praesertim
1044 558 1268 644 ductorductor

76 662 203 745 λιμίν,
223 679 321 749 quem
339 678 472 735 omues,
497 666 548 724 sat
571 658 655 735 scio,
679 678 749 725 esse
773 660 804 724 iu
818 677 856 725 ea
879 659 997 726 vicinia
1017 662 1168 732 miraturi
1181 676 1268 734 suut.

79 764 216 855 &perit
244 766 347 853 ipsam
368 762 568 853 Thucydidis
587 783 718 829 manum
739 770 804 829 tam
826 762 911 830 felici
931 783 1028 852 quam
1049 777 1139 836 certa
1161 791 1269 840 ernen-

79 868 214 941 datioue
232 869 458 960 Pluygersius‚
485 888 599 956 nempe
620 868 699 935 vidit
719 869 770 935 τὸν
790 871 930 952 Kottis
952 872 1066 952 λιμένα
1083 894 1152 942 esse
1171 878 1270 944 corri-

79 974 244 1065 gendum.
267 974 379 1044 eodem
399 976 528 1042 nomine
548 982 598 1053 et,
622 973 735 1053 credo,
758 974 869 1041 eadem
892 973 931 1041 de
955 996 1052 1044 causa
1075 980 1268 1068 appellatum

78 1090 182 1173 arque
203 1102 301 1162 eum,
324 1081 381 1168 qui
403 1089 675 1147 commemoratur
699 1080 732 1145 iu
757 1079 879 1147 Hellen.
905 1080 944 1146 ΙΙ.
969 1104 1012 1152 ιν.
1039 1089 1091 1152 25.
1113 1091 1270 1170 παρῆλθεν

79 1190 134 1257 dri
167 1190 223 1257 τίν
251 1188 393 1271 Komba
423 1187 547 1267 λιμένα.
601 1185 648 1252 Nc
679 1183 744 1251 tilla
778 1188 880 1272 possit
912 1207 1079 1274 superesse
1111 1189 1269 1259 dubitatio

80 1292 181 1365 meist
210 1291 416 1383 proverbium
444 1290 529 1379 apud
561 1289 808 1358 Proverbiorum
837 1290 1029 1360 collectores
1052 1305 1084 1361 et
1117 1297 1268 1366 Photium

78 1408 115 1469 ot
139 1398 274 1469 suidam
297 1406 482 1466 serratum:
517 1398 696 1481 Κωφίτερος
721 1400 775 1461 τοῦ
802 1398 979 1479 Τορωναίων
1006 1400 1148 1480 λιμένος,
1170 1423 1268 1490 quem

80 1504 219 1575 Pbotius
248 1505 294 1570 ita
325 1504 559 1591 interpretatur
589 1511 625 1569 ut
655 1501 761 1568 dicat:
794 1502 861 1584 περὶ
892 1504 1028 1584 Τορώνην
1058 1514 1115 1583 τιῑς
1145 1510 1269 1593 Θρηίκης

79 1609 234 1679 καλεῖταί
254 1634 303 1684 τις
323 1612 434 1694 Komba
456 1611 572 1690 λιμην,
596 1606 680 1695 quod
705 1615 780 1673 noto
803 1606 997 1676 Graecorum
1023 1630 1084 1678 usu
1107 1613 1271 1699 siguificat

79 1716 130 1789 ίτι
160 1740 211 1791 τις
243 1717 345 1795 λιμην-
372 1717 510 1798 ΚωΦὸς
543 1714 668 1793 λιμην
701 1712 901 1791 καλούμενος.
957 1713 1083 1782 Similia
1116 1716 1270 1805 leguntur

80 1818 171 1911 apud
194 1818 369 1887 &bobium
389 1819 442 1886 tv.
468 1824 522 1886 68.
547 1828 579 1886 et
597 1819 831 1904 biogenianum
851 1818 888 1884 V.
909 1824 961 1886 te.
982 1829 1013 1887 et
1038 1820 1132 1889 alios
1174 1824 1268 1892 Eius·

79 1924 160 1993 dem
180 1932 270 1993 oerta
296 1925 451 1993 memoria
475 1933 580 1993 exstat
609 1921 695 2011 apud
719 1921 907 1990 Strabonem
937 1926 969 1992 in
999 1926 1168 2015 Excerptis
1193 1928 1268 1997 libri

79 2028 155 2099 Vll.
179 2028 294 2116 fragm.
316 2034 370 2099 52.
395 2028 449 2097 ubi
469 2030 597 2111 ἀντικρὺ
620 2029 796 2110 revectos,
822 2029 948 2116 inquit,
977 2029 1069 2113 ἄκρον
1094 2041 1150 2110 τῆς
1178 2045 1265 2102 ssat·

77 2136 179 2215 λιίνιρς
200 2137 219 2213 τί
242 2134 347 2217 Δέρριρ
370 2135 433 2207 eeu
457 2133 538 2218 ἄκρα
569 2136 700 2210 πλησίον
732 2140 873 2218 Κωφοῦ
904 2137 1070 2215 λιμένος
1092 2139 1145 2204 καί
1169 2141 1184 2205 ί
1206 2150 1265 2208 Το-

77 2248 207 2323 maios
229 2240 344 2314 κόλπος
368 2241 425 2308 ὑπὸ
453 2241 568 2307 τούτων
591 2238 785 2321 ἀφορίζεται.
832 2238 944 2324 itaque
976 2260 1015 2306 ue
1043 2243 1168 2331 Pyrrbo
1195 2249 1266 2333 qui·

76 2344 157 2413 dem
177 2342 374 2412 dubitaverit
396 2345 514 2431 quina
539 2342 727 2430 Thucydide
751 2345 794 2410 sit
815 2345 974 2432 scriptum
997 2349 1210 2418 κατέπλευσεν
1232 2354 1265 2429 ές

74 2452 135 2521 τὸν
163 2449 304 2535 Κωφίν
336 2450 451 2529 λιμένα
481 2457 540 2515 τῶν
567 2449 765 2530 Τορωναίων,
799 2449 965 2532 ἀπέχοντα
997 2462 1053 2529 τῆς
1083 2456 1201 2532 πόλεως
1231 2461 1265 2527 οὖ

75 2556 176 2625 πολύ.
222 2553 366 2623 Habebat
391 2555 516 2620 Torona
539 2552 619 2620 duos
643 2563 778 2641 portus,
804 2554 942 2622 alterum
966 2556 1025 2642 ipsi
1056 2559 1127 2625 urbi
1161 2561 1264 2631 adiec-

78 2668 174 2741 im,
194 2658 333 2727 aiterum
352 2660 405 2726 τὸν
427 2661 538 2742 ΚωΦὸν
556 2660 690 2739 λιμένα,
713 2663 746 2726 οὐ
769 2661 848 2725 πολὺ
870 2662 1067 2738 τῆς·πο’λεως
1086 2666 1264 2749 ἀπέχοντα.

76 2762 260 2835 Ιοίοἰνινοίνοο
285 2773 460 2853 utrumque
483 2766 738 2852 promontorium
767 2766 799 2830 in
826 2785 915 2833 mare
938 2765 1030 2852 louge
1054 2788 1266 2855 procurrens,

75 2868 290 2959 quamobrem
312 2871 327 2936 d
346 2870 457 2955 Κωφὸς
481 2872 597 2949 λιμέην,
620 2870 712 2944 savoie
734 2868 815 2952 έχων
835 2871 895 2943 τοὶς
916 2872 1094 2951 etruscae,
1120 2876 1263 2964 (Diogen.

74 2972 102 3043 Ι.
120 2972 160 3061 Ι.)
183 2982 216 3043 et
237 2974 422 3040 interiorem
447 2994 608 3041 recessum
633 2973 754 3040 babens
773 2985 843 3041 erat
866 2974 1022 3054 ἄκλυτος,
1044 2976 1103 3048 ὥτε
1126 2983 1171 3060 μη
1194 2982 1265 3060 ἐξα.

76 3076 223 3149 ardedat
241 3088 305 3154 τοῖς
324 3081 355 3144 έν
374 3081 458 3160 αὐτῷ
478 3080 529 3144 τὸν
548 3085 604 3152 τῆς
625 3079 785 3154 θαλάττης
805 3075 881 3161 ἦχον
907 3079 1034 3168 (Zenob.
1058 3081 1079 3147 l.
1100 3082 1153 3171 l.):
1180 3088 1265 3156 unde

75 3184 111 3253 ei
136 3202 251 3251 nmen
275 3183 426 3251 inditum.
472 3182 567 3249 Cleon
593 3184 694 3270 igitur
716 3193 755 3264 τῇ
775 3184 833 3260 μέν
856 3193 968 3269 ςρατιρῖ
992 3196 1031 3270 τῇ
1054 3188 1133 3272 πεζῇ
1155 3194 1263 3277 ἐχώρει

75 3290 115 3367 δε
132 3288 189 3367 τῆν
210 3290 320 3366 πόλιν,
343 3294 418 3362 ναῦς
445 3288 476 3354 δέ
497 3289 692 3370 περιέπεμψε
712 3287 787 3354 δέκα
811 3290 841 3362 ἐς
865 3291 917 3355 τὸν
939 3292 1053 3369 λιμένα
1085 3310 1265 3379 περιπλεῖν,

63 3398 165 3483 'qun
191 3413 290 3461 naves
317 3395 352 3460 ἐκ
375 3398 428 3460 τοῦ
458 3398 570 3476 Komoi
601 3395 723 3474 λιμένος
747 3397 803 3468 την
832 3393 928 3476 οίκροιν
948 3395 1121 3479 κάμψαται
1145 3406 1188 3479 είς
1212 3409 1264 3474 τὸν

74 3499 257 3583 Τορωναίων
278 3499 392 3580 λιμένα
411 3499 626 3565 είοέπλεωοαν.
675 3498 785 3566 Obiter
808 3500 913 3566 insere
942 3502 1115 3572 articulum
1142 3507 1174 3574 in
1195 3530 1264 3579 ver·

76 3602 150 3683 bis,
179 3622 262 3693 quae
295 3603 335 3671 de
362 3604 473 3671 eadem
497 3623 532 3669 re
564 3602 717 3690 teguntur
743 3606 774 3669 in
799 3625 868 3692 cap.
890 3611 920 3671 5.
952 3609 1005 3674 καί
1037 3613 1071 3677 αι’
1094 3621 1162 3689 νῆες
1190 3614 1263 3698 ἅμα

75 3708 260 3793 πορνίῐλνον
279 3710 312 3786 ές
334 3712 386 3778 τὸν
408 3709 521 3789 λιμένα
551 3712 839 3794 περιπεμφίεῖοοοι,
864 3710 918 3777 ubi
943 3714 1121 3800 requiritur
1146 3720 1206 3807 iai)
1231 3723 1262 3795 ἐς

74 3814 134 3885 οὖν
157 3816 273 3897 λιμένα
295 3817 570 3899 περιπεμφίεῖοαι.
618 3814 778 3881 Tenemus
803 3816 905 3900 igitur
935 3816 1079 3885 fraudem
1113 3824 1262 3893 manibus

74 3926 114 3989 et
135 3929 269 4009 apparot
290 3940 392 4009 quom
415 3918 492 3985 oiim
523 3929 945 3990 ΤΟΝΚΩΦΟΝΛΙΜΕΝΛ
978 3923 1009 3987 iu
1035 3923 1127 3990 libris
1149 3926 1263 3999 iuisset

74 4024 169 4097 {liud
189 4033 321 4113 agentes
341 4024 462 4092 scribas
485 4027 537 4092 τὸν
557 4026 738 4108 κολοφώνιον
760 4028 891 4106 λιμένα,
920 4026 1034 4094 deinde
1056 4032 1108 4096 τὸν
1126 4043 1262 4120 κολοφω-

25 4132 35 4143 ’
67 4130 148 4201 bin
168 4130 285 4211 λιμένα
312 4130 536 4206 substituisse,
564 4139 596 4196 et
624 4150 694 4196 cam
725 4130 870 4198 iraudem
895 4152 981 4199 nuuc
1006 4133 1204 4224 Thucydidis
1227 4141 1261 4210 ii-

76 4234 157 4305 tro·
180 4234 255 4303 Ιοο.
277 4254 408 4314 omues,
433 4239 488 4322 qui
514 4235 630 4323 ubique
654 4246 752 4314 suut,
779 4238 918 4304 inficere.

125 4338 230 4409 Lubet
252 4339 363 4411 eadem
391 4361 487 4429 opera
511 4362 573 4408 oon
605 4342 713 4410 minus
744 4341 965 4410 admirabilem
991 4355 1023 4412 et
1053 4357 1176 4417 certam
1204 4352 1265 4423 ioci
