2940 5010
770 299 836 363 tte

209 472 286 539 olum
309 475 395 540 cuitu
414 483 481 540 est:
499 473 677 553 tessaresce
693 473 758 555 γὰρ
776 473 920 549 Μυσοὺς,
943 469 992 547 οὓς
1004 475 1059 539 οὐκ
1080 472 1120 540 ἂν
1144 476 1229 553 ἡμῶν
1251 478 1401 561 φαίνομεν

208 579 353 659 βελτίους
375 575 475 658 εἶναι,
498 577 558 646 ὅτι
582 581 613 645 ἐν
635 588 675 662 τῇ
699 576 856 658 βασιλέως
886 578 975 662 χώρα
996 578 1121 653 τολλοὶς
1143 615 1190 629 -
1211 581 1266 647 καὶ
1289 582 1400 663 μενά·

207 697 269 758 λιις
292 685 398 759 πόλεις
427 687 574 762 οἰκοῦσιν,
606 682 792 771 planissime
816 690 851 748 ut
876 682 909 747 in
932 682 990 762 iis,
1014 702 1096 772 quae
1118 686 1231 753 statim
1256 706 1403 775 maun·

209 797 283 856 tur:
316 791 479 864 Λιικοὶονας
510 792 541 857 δὲ
570 789 623 856 καὶ
653 788 885 868 absolutiorem
915 785 974 855 ὅτι
996 824 1043 841 ·-
1064 792 1121 867 rio
1153 791 1270 860 τούτων
1292 794 1404 877 χόρια

208 898 416 976 καρποῦνται,
447 903 480 962 et
504 894 654 982 quidest
685 894 838 961 usitatius
865 912 962 980 quam
995 894 1050 961 illa
1072 895 1201 963 dicendi
1234 896 1340 967 torma
1364 900 1402 967 in

207 1001 300 1081 ὀροῖν,
332 1002 472 1080 ακούειν,
504 1000 632 1077 εἰδέναι,
664 998 830 1069 trisceles
860 1007 893 1065 el
922 1001 1133 1081 eiecerunt
1179 1001 1217 1069 ltt
1241 1002 1304 1071 hac
1325 1005 1402 1093 ipsa

207 1105 327 1171 ricinia
349 1106 412 1172 tria
435 1103 580 1192 exempla
604 1113 680 1171 sunt
705 1107 725 1190 5
751 1108 814 1184 22,
837 1108 880 1171 23
903 1113 937 1172 et
960 1108 1014 1173 29.
1063 1104 1116 1173 Sic
1140 1106 1271 1176 demum
1293 1112 1403 1179 oratio

206 1209 287 1277 hene
311 1209 461 1296 procedet
483 1219 517 1278 et
538 1212 675 1276 nitorem
702 1208 967 1296 Xenophonteum
994 1209 1133 1278 habehit.

253 1315 289 1381 ln
317 1320 411 1399 §te
445 1315 528 1382 male
563 1324 719 1382 excusant
743 1315 805 1381 riri
837 1314 923 1381 docti
959 1316 1154 1402 scripturam
1188 1316 1308 1394 σαντες
1330 1320 1401 1403 γὰρ

208 1429 342 1497 κοινῆς
367 1421 516 1503 σωτηρίοις
539 1420 692 1501 δεόμεθα,
715 1440 816 1507 quum
840 1428 922 1504 κοινῇ
946 1421 990 1488 stt
1019 1422 1239 1490 necessarium
1267 1431 1301 1492 et
1327 1433 1400 1493 tttttt

207 1524 330 1613 liquitlo
353 1533 505 1613 appareat
528 1525 605 1612 quid
629 1527 792 1614 pepererit
814 1545 968 1592 errorem.
1017 1524 1142 1593 Similis
1160 1547 1253 1595 error
1275 1530 1311 1597 in
1331 1528 1402 1598 Iso

206 1639 296 1697 crate
324 1631 517 1697 commissus
542 1631 648 1697 estin
680 1631 862 1718 llreopagit.
896 1630 987 1709 568.
1017 1630 1101 1710 ἔδοξε
1131 1635 1175 1715 τῷ
1205 1634 1293 1718 δήμῳ
1321 1660 1401 1704 κοι-

206 1739 273 1813 νὴν
302 1738 487 1814 ποιήσασθαι
517 1737 574 1812 τὴν
600 1738 768 1814 αποδοσιν,
799 1735 854 1803 uhi
879 1746 962 1819 κοινῇ
997 1755 1110 1804 rerunt
1141 1757 1212 1807 esse
1242 1739 1400 1810 arbitror.

206 1841 389 1910 lldmocent
411 1861 464 1908 me
484 1840 562 1909 haec
586 1841 649 1908 loci
667 1840 837 1908 cuiusdam
857 1840 942 1928 opud
967 1842 1159 1931 Dionysium
1179 1842 1283 1913 Helie.
1305 1846 1346 1914 t.
1359 1845 1400 1915 tt.

208 1947 261 2013 Vl.
287 1952 341 2014 hh.
371 1966 402 2036 p.
428 1951 525 2014 1135.
558 1947 668 2015 Relslt·
701 1949 746 2022 εἷς
780 1946 896 2030 μάχας
927 1950 961 2014 οὐ
993 1949 1144 2029 προῄεσαν
1171 1948 1233 2025 τοὶς
1262 1952 1294 2018 τ’
1314 1952 1400 2020 ὦτο-

205 2054 355 2136 χιορύσεις
385 2048 446 2138 ch
475 2052 617 2120 ἰδῦναντο
644 2054 682 2120 δι’
714 2055 784 2135 ὀρῶν
815 2052 834 2128 ἢ
866 2055 984 2134 δρυμῶν
1014 2059 1186 2137 κορυφῶν
1216 2055 1399 2138 inachus,

207 2158 261 2225 uhi
286 2178 344 2247 pru
366 2157 504 2226 ridicula
536 2159 698 2244 scriptura
723 2164 860 2241 κορυφῶν
891 2156 1061 2224 Chisianus
1082 2157 1165 2225 liher
1193 2161 1318 2245 κούφοις
1342 2182 1400 2232 es·

205 2262 316 2343 hibet,
350 2263 488 2331 Urbinas
520 2269 693 2346 κοροφιιῑς,
730 2263 815 2330 unde
854 2262 998 2331 Sinteuis
1034 2262 1147 2332 elicuit
1176 2265 1212 2332 iu
1251 2264 1398 2355 Specim.

204 2368 339 2439 onena.
363 2368 545 2458 Dionysiae.
570 2388 600 2455 p.
624 2372 676 2435 19.
700 2368 857 2453 κρυφαίας
880 2370 1052 2445 ἐποιοῦντο,
1079 2389 1132 2436 me
1154 2369 1298 2439 nondum
1321 2394 1399 2463 pce·

205 2475 288 2541 nitet
310 2473 498 2541 emendasse
521 2474 627 2559 κρύφρι
650 2474 825 2551 ετοιοῦντο,
851 2483 888 2541 ut
911 2474 1064 2563 Dionysio
1091 2473 1229 2562 aliisque
1248 2476 1399 2549 solane

204 2587 253 2645 est
281 2579 398 2646 dicere.
446 2579 581 2647 Planum
606 2587 655 2645 est
678 2578 837 2666 quomodo
860 2588 1279 2651 ΚΡΤΦΛΙεΠοΙΟτΝΤο
1302 2582 1397 2655 ahire

202 2686 344 2772 potuerit
365 2685 397 2750 in
422 2691 629 2769 κορνφαῖσ
653 2686 805 2751 ἐποιοῦντο
825 2684 875 2751 vel
899 2685 1062 2768 κούφασ
1087 2687 1253 2754 ἐπονοῦντο.

246 2788 355 2878 Neque
376 2789 492 2870 ἔλθοιμι
511 2789 550 2855 ἄν
574 2790 607 2855 in
630 2789 685 2855 lll.
698 2809 743 2855 nr.
758 2793 808 2867 λ,
832 2809 936 2877 neque
956 2789 1074 2857 similia
1095 2790 1173 2858 elihi
1192 2811 1274 2861 sarta
1292 2804 1393 2876 sont,

201 2894 256 2962 scd
281 2894 462 2982 reponenda
485 2894 606 2983 ubique
627 2904 677 2962 est
696 2895 876 2962 neccssaria
896 2894 987 2961 elisio
1016 2893 1131 2977 ἔλθοιμ’
1151 2895 1202 2963 ἄν.

246 3001 353 3069 Attica
377 2999 479 3067 torma
504 3021 544 3068 ex
564 3001 696 3089 optimis
719 2998 810 3067 lihris
833 2999 1018 3086 recipienda
1042 3009 1093 3068 est
1113 3001 1168 3069 Ill.
1194 3022 1239 3070 ru.
1263 3009 1294 3071 t.
1318 3006 1394 3075 stre

199 3113 258 3173 τῶν
280 3102 384 3173 ὄτλον
403 3107 653 3191 κατεκέκλειντο,
678 3106 742 3172 nisi
765 3105 850 3193 quod
871 3104 945 3171 lihri
969 3105 1007 3171 Η.
1028 3106 1067 3173 Α.
1093 3109 1322 3185 κατεκέκλκντο
1350 3110 1394 3181 tle

201 3231 290 3278 more
308 3210 479 3278 exhibent:
504 3213 537 3278 in
560 3212 633 3279 aliis
653 3210 862 3299 pervulgatus
883 3230 975 3278 error
1001 3212 1222 3281 κατεκέκλιντι
1252 3214 1392 3287 undem

199 3325 339 3383 veteram
365 3324 397 3382 et
418 3317 573 3402 optimam
598 3319 794 3406 scripturam
816 3318 904 3383 iutus
933 3317 1087 3384 continet
1134 3317 1267 3387 Veteres
1286 3321 1393 3392 ttttei

199 3419 348 3487 dicebant
379 3424 485 3506 κλῄοι,
509 3421 644 3507 ἔκλρσα,
667 3423 846 3505 κε’κλρροαν,
872 3421 1037 3508 sequiores
1063 3423 1179 3501 κλεῖον,
1203 3422 1334 3495 team
1354 3438 1401 3498 tat.

197 3525 392 3606 κέκλεισρκιιι.
439 3527 522 3594 ilinc
544 3529 576 3594 in
597 3527 689 3595 lihris
712 3537 903 3613 perpetuum
932 3527 1018 3593 inter
1045 3525 1166 3594 formes
1194 3528 1331 3601 Veteres
1356 3542 1394 3604 et

197 3631 336 3698 novitias
359 3638 521 3699 certamen
549 3641 615 3700 est:
651 3650 746 3718 saepe
780 3641 872 3699 retus
900 3631 996 3698 lectio
1023 3632 1181 3716 emergit,
1209 3642 1261 3702 sat
1290 3656 1393 3727 saepe

198 3737 229 3802 in
259 3738 453 3824 pervetustis
476 3736 637 3804 scrihemli
660 3737 747 3803 vitiis
777 3737 933 3817 κέκλομαι
956 3744 989 3803 ct
1011 3736 1159 3817 κέκλιςιαι
1182 3758 1260 3806 vera
1281 3743 1392 3833 aerip-

196 3851 271 3909 tura
293 3841 449 3930 pellucet,
472 3842 732 3930 frequentissime
756 3860 838 3908 nova
862 3841 963 3908 torma
987 3842 1128 3928 irrepsit.
1174 3843 1311 3913 Accedit
1332 3846 1390 3919 his

197 3945 299 4014 forma
321 3948 453 4026 vitiose,
486 3967 551 4036 qua
576 3967 681 4034 neque
712 3947 845 4014 Veteres
872 3967 977 4035 neque
1005 3947 1202 4015 recentiores
1227 3950 1279 4017 usi
1305 3964 1390 4023 strat

197 4072 369 4138 umquam,
392 4054 679 4139 κέκλειριαι,ιρειεεεε
693 4053 818 4120 scrihce
838 4053 956 4140 passim
973 4054 1184 4132 invexerunt,
1205 4061 1258 4133 et,
1270 4075 1390 4143 quam·

196 4176 292 4244 quam
316 4169 366 4226 cst
389 4158 482 4245 plane
505 4157 616 4237 nihili,
640 4167 747 4226 tamen
770 4158 928 4245 hodieque
951 4158 1101 4246 plurimis
1120 4157 1199 4226 locis
1219 4170 1279 4229 aut
1301 4165 1388 4232 reti·

196 4271 291 4332 netur
314 4273 370 4333 aut
393 4267 491 4335 etiam
515 4266 704 4355 reponitur,
738 4274 776 4334 ut
807 4266 839 4332 in
864 4263 924 4331 hoc
955 4263 1023 4331 loco
1048 4264 1291 4354 Xenophontis,
1325 4268 1386 4340 trhi
