2940 5010
695 284 753 345 171

139 455 280 540 ἀργύριον
303 461 408 522 τλείον
431 454 609 543 νίννιιται].
656 454 832 523 Emendate
856 454 889 520 iu
915 455 933 540 §
958 461 1011 522 10.
1036 451 1170 541 legitur:
1195 458 1320 539 xperior

139 560 237 630 irae
259 564 362 628 πολὺ
393 565 618 645 ταραφανῇ
642 564 719 628 αὐτὸ
751 561 808 641 μὲν
832 560 1013 643 ἀτιμότερον
1035 563 1200 642 γίγνεται,
1231 564 1265 629 τὸ
1288 563 1320 629 δὲ

141 668 281 751 ἀργύριον
303 669 477 750 τιμιώτερον
498 676 587 733 τοιεῒ.

185 774 223 841 ln
248 776 267 858 §
289 778 324 840 9:
347 769 422 839 ὅταν
446 774 591 849 νοσήσωσι
611 771 717 845 πόλεις
739 772 757 849 ἢ
778 772 975 855 ἀφορίαις
997 773 1154 857 καρτῶνῆ
1176 773 1321 857 tonino,

140 880 340 947 restituerim
362 878 379 955 ἢ
400 880 516 963 ἀφορίᾳ
536 884 669 959 κοντῶν.
717 877 869 944 Errorem
894 879 1018 965 peperit
1041 898 1177 964 sequeus
1199 889 1322 947 IcAP·

140 994 266 1052 ΠΩΝ.
317 983 420 1050 unam
445 991 571 1050 tantum
595 990 644 1049 est
667 985 801 1065 ἀφορίας
823 1002 948 1068 genus,
977 984 1184 1070 quamobrem
1218 984 1323 1072 plura·

140 1089 183 1156 iis
204 1091 331 1173 ἀφορίαν
357 1091 571 1177 suspicionem
599 1098 726 1168 moret,
751 1090 939 1176 praesertim
962 1108 1062 1176 quum
1089 1091 1236 1174 πολέμῳ,
1258 1110 1324 1156 uon

142 1195 307 1275 πολέμοις,
339 1205 503 1281 sequatur.
550 1193 667 1258 eontra
698 1194 795 1259 inii.
821 1198 852 1260 1.
884 1190 942 1260 ὅσα
962 1232 1008 1244 -
1030 1196 1209 1275 ἀτιμίας
1244 1198 1327 1263 δοκεῖ

140 1309 205 1376 τοῖς
226 1301 378 1380 μετοίκοις
402 1300 552 1383 ταρίχων
575 1306 728 1365 errarunt
755 1301 899 1385 graviter
920 1300 976 1387 qui
998 1324 1029 1366 τι
1058 1299 1241 1367 addendum
1266 1322 1323 1390 pu·

144 1415 314 1475 taverunt:
352 1405 510 1492 »alioqum
538 1405 668 1484 ἀτιμίαν
698 1404 828 1471 dixisset
861 1405 1030 1490 Xenophon
1042 1406 1063 1434 ''
1099 1404 1326 1475 SchneideruS.

142 1512 212 1580 Non
235 1513 321 1579 euim
343 1512 475 1591 ἀτιμίας
498 1535 528 1577 τι
552 1512 702 1593 ταρίχιον
725 1511 882 1578 Graecum
906 1518 973 1589 est,
996 1509 1204 1592 sedarentur
1232 1512 1325 1591 τινά,

143 1627 176 1685 et
206 1618 300 1706 plura
332 1625 425 1684 erunt
456 1618 587 1696 ἀτιμίας
622 1636 760 1702 genera,
792 1617 911 1703 quibus
930 1619 956 1684 οί
988 1616 1121 1696 μέτοικοι
1152 1637 1172 1683 a
1202 1617 1327 1684 civibus

143 1724 265 1811 optimo
288 1725 358 1790 iure
385 1721 678 1808 distinguebantur.

200 1829 345 1896 Iositioia
377 1828 569 1915 praepositio
592 1825 775 1914 expolienda
806 1835 855 1895 est
878 1827 931 1894 IV.
958 1832 1009 1895 15.
1044 1829 1102 1894 ἀπ’
1136 1831 1238 1896 αὐτῶν
1266 1833 1324 1909 μὲν
1413 1832 1414 1835 ’

142 1930 193 2003 οὗν
222 1934 328 2014 ἔγωγε
367 1935 456 2024 [ἀφ’]
491 1930 530 1999 ὦν
560 1934 668 2012 μέλλω
701 1931 806 2010 λέγειν
839 1932 923 1999 οὐδέν
949 1956 979 2000 τι
1003 1932 1078 2011 ἀξιῶ
1102 1934 1324 2018 ίανμάζεσίοιι.

144 2039 371 2127 Unusquisque
394 2038 578 2105 admonitus
603 2039 685 2104 male
706 2037 879 2124 repetitum
902 2056 971 2105 esse
992 2039 1058 2105 ἀτί
1078 2041 1206 2106 sentiet.

190 2146 329 2232 lioperta
352 2163 426 2212 vera
449 2143 545 2211 lertio
567 2153 615 2211 est
646 2143 701 2211 sed
724 2163 787 2209 uon
819 2151 947 2230 recepta
970 2141 1024 2210 IV.
1052 2149 1113 2211 14:
1149 2146 1262 2220 Νικίας
1282 2182 1328 2199 -

142 2254 265 2337 χιλίους
299 2250 468 2333 ἀνθρώπους
504 2251 610 2335 Σωσία
643 2252 686 2332 τῷ
717 2250 814 2334 eppei
851 2248 1051 2330 ἐξεμίσθωσεν
1081 2252 1136 2334 ἐφ’
1166 2247 1188 2334 ᾧ
1220 2253 1328 2333 ὀβολὸν

141 2359 322 2439 μ1νάτελῆ
347 2356 457 2427 ἑκάτον
490 2365 545 2432 τῆς
570 2356 686 2439 ἡμέρας
709 2354 906 2431 ἀποδιδόναι,
942 2357 995 2423 τὸν
1026 2356 1054 2421 δ’
1087 2358 1211 2438 ἀοιίμὸν
1242 2357 1324 2434 ίσονς

143 2465 194 2530 ἀεί
226 2471 428 2546 παρεῖχεν.
483 2460 574 2542 Quod
615 2461 828 2528 Leuneiavius
867 2460 1041 2548 reponebat
1075 2463 1224 2546 ταρίχιον
1259 2465 1329 2550 ipsa

144 2570 332 2657 compositio
355 2567 417 2634 loci
440 2568 621 2635 necessario
643 2567 797 2653 requirit:
832 2567 1007 2635 ἀποδιδόναι
1031 2566 1088 2646 μέν
1111 2606 1156 2619 -
1179 2570 1328 2652 ταρίχων

190 2781 232 2848 Ut
255 2798 319 2846 una
351 2778 445 2846 litera
475 2779 671 2866 transposita
701 2786 852 2861 παρεῖχεν
875 2798 915 2844 ex
943 2778 1093 2861 ταρίχων
1117 2779 1258 2865 prodiit,
1281 2781 1329 2848 sio

144 2887 198 2955 lv.
223 2890 283 2952 21:
307 2887 412 2952 οὐκοῦν
435 2884 530 2967 μέχρι
553 2885 610 2963 μὲν
633 2884 741 2950 τούτου
774 2884 900 2950 δυνατὸν
932 2890 1136 2967 φανεῖται
1169 2895 1208 2969 τῇ
1237 2886 1327 2954 πόλει

145 2990 380 3061 emendandum
417 2997 467 3056 est
490 2989 617 3055 δυνατὸν
652 2988 812 3070 φαίνεται.
860 2986 946 3054 Satis
980 3008 1014 3055 se
1048 2988 1081 3055 id
1117 2990 1247 3077 quidem
1275 2990 1327 3059 de·

146 3105 343 3165 monstrasse
366 3094 540 3182 Xenophon
563 3093 792 3160 arbitrabatur.

200 3200 469 3290 Frequentissimi
508 3198 615 3266 mendi
651 3218 768 3265 norum
803 3198 983 3286 exemplum
1018 3200 1162 3266 occurrit
1183 3201 1238 3270 tv.
1264 3206 1329 3271 ul:

147 3309 431 3395 τροσκειμίννς
456 3305 568 3388 ζημίας
600 3308 642 3388 τῷ
667 3332 703 3372 τε
736 3310 887 3373 τωλοῦντι
912 3305 963 3371 καί
990 3307 1032 3388 τῷ
1053 3304 1217 3388 ἐξάγοντι,
1253 3329 1328 3378 uam

146 3437 221 3485 veru
244 3417 405 3501 scriptura
429 3421 478 3479 esi
506 3412 713 3494 προκειμένοις.
761 3412 917 3480 Graecum
947 3419 996 3477 est
1027 3414 1250 3494 τοοτιίέναι
1277 3417 1329 3499 ζη-

146 3523 223 3603 μίαν
256 3529 288 3587 et
317 3520 414 3600 ζημία
447 3519 687 3600 πρόκειται,
719 3527 755 3584 ut
791 3517 902 3583 Latine
933 3538 1104 3603 proponere
1132 3541 1263 3607 poenam
1297 3530 1330 3589 et

144 3648 241 3717 poeno
256 3626 412 3712 proposito
434 3644 503 3691 esse
529 3622 659 3689 dicitur.
707 3623 807 3709 Saepe
828 3624 858 3687 in
884 3622 1003 3689 talibus
1022 3624 1146 3692 scribae
1170 3627 1328 3707 titubant,

147 3742 185 3798 ut
205 3731 291 3819 apud
314 3729 458 3818 Thucyd.
478 3729 531 3795 ili.
558 3734 616 3795 44:
641 3727 795 3811 ξυμφέρον
820 3727 940 3794 irrotat
964 3728 1093 3795 ίάνατον
1115 3732 1230 3813 ζημίαν
1249 3756 1329 3813 σοι·

148 3841 296 3914 ίεῖσνν,
327 3835 381 3901 ubi
405 3854 480 3922 pars
511 3833 667 3900 iibrorum
691 3853 856 3922 perperam
888 3838 1055 3915 τοοσίεῑσιν
1085 3835 1224 3901 exbibet.
1272 3838 1330 3904 Re-

147 3952 199 4010 ote
233 3942 316 4027 apud
353 3939 573 4028 Thucydidem
610 3941 640 4005 in
674 3939 783 4006 eadem
819 3959 853 4005 re
887 3940 1046 4022 πρόκειται
1081 3949 1243 4007 servatum
1279 3952 1329 4009 est

147 4068 217 4136 cap.
243 4052 307 4115 tt:
331 4048 361 4112 ἕν
384 4044 434 4113 οὖν
458 4056 529 4119 ταῖς
554 4047 663 4113 πόλεσι
688 4053 809 4112 πολλῶν
833 4045 964 4112 ίανάτον
988 4046 1086 4127 ζημία
1108 4047 1327 4129 πρόκειται

148 4154 200 4221 καί
224 4156 277 4220 οὐκ
300 4153 371 4219 ἴσων
396 4153 472 4235 τῷδε
505 4152 582 4217 ἀλλ’
614 4151 785 4218 ἐλασσόνων
818 4151 1073 4234 ἀμαοτνςιάτων,
1105 4152 1160 4219 sed
1184 4154 1213 4219 is
1239 4153 1329 4222 iocus

149 4260 212 4327 alio
236 4258 343 4325 mendi
374 4278 491 4346 genere
523 4256 656 4323 laborat.
705 4257 860 4338 Quoniam
892 4258 978 4323 eninr
1011 4264 1099 4324 certo
1133 4257 1327 4327 Graecorum

149 4386 209 4433 usu
231 4364 350 4433 dicitur
374 4366 545 4438 ἀάνατος
576 4366 593 4438 ἡ
621 4364 718 4446 ζημία
742 4372 773 4430 et
796 4363 970 4431 ἀάνατον
996 4363 1071 4451 (nou
1095 4362 1240 4454 ίανάτον)
1274 4366 1323 4449 ζο-
