2940 5010
628 298 691 363 597

297 476 330 543 ir
351 474 504 557 Κυψέλοις
527 474 661 549 ’hidriae

61 590 100 653 et
122 581 307 670 Stephanus
330 579 407 648 ibid.
431 601 462 667 p.
480 584 547 648 469
570 580 607 648 Α.

294 687 391 771 τούτῳ
413 687 554 767 προέπιεν
577 688 592 751 d
613 684 767 764 βασιλεὺς
790 684 895 762 κώμην
917 682 998 750 οννοὶ.

114 792 152 861 si
172 792 247 879 quis
273 792 375 878 igitur
404 791 445 860 ad
481 791 559 858 hacc
594 790 702 859 omnia
726 788 947 877 Xenophontis
976 787 1084 858 locum
1109 795 1252 879 exegerit

66 898 247 979 ἱκόμαν-ον
271 899 355 980 αὐτῷ
389 898 533 979 spadone
564 898 629 985 [nori
655 893 826 981 ἐδωρεῖτο],
850 893 943 962 facile
966 897 1082 963 sentiet
1104 898 1157 963 νον)
1180 900 1252 965 tto-

65 1012 150 1087 pai'ro
173 1000 272 1071 scioio
295 1004 350 1089 qui
374 1002 497 1070 addidit
519 1001 610 1069 reddi
634 1008 790 1088 oportere.

62 1148 66 1155 ·
113 1108 156 1177 iii
177 1108 281 1195 igitur
303 1117 379 1176 sunt
401 1110 435 1175 in
454 1106 649 1197 Cyrnpaedia
669 1106 749 1184 ioci,
772 1106 827 1192 qni
851 1105 931 1171 mibi
954 1106 1139 1193 sequiorem
1163 1106 1252 1173 addi-

65 1214 225 1285 tamentis
255 1212 438 1301 interpolati
469 1233 539 1280 esse
569 1211 732 1279 ridentur.
780 1209 872 1278 hinlti
895 1210 951 1276 atii
981 1220 1157 1299 supersunt
1180 1211 1252 1280 aliis

65 1318 262 1389 mendorum
290 1318 463 1406 generibus
495 1318 673 1406 inquinati,
705 1315 745 1383 de
775 1315 893 1402 quibus
922 1315 985 1384 alio
1020 1326 1163 1404 tempore
1189 1318 1253 1384 erit

64 1424 266 1505 dicendum,
296 1423 353 1491 sed
385 1442 487 1491 unum
515 1432 548 1491 et
578 1422 716 1489 alterum
749 1422 813 1488 iam
847 1441 933 1488 nunc
966 1420 1107 1490 delibare
1137 1422 1252 1510 piacet.

63 1532 109 1603 111
138 1528 314 1621 Cprupeed.
335 1530 388 1596 Vi.
412 1551 434 1597 1.
462 1534 516 1596 31.
548 1529 678 1613 ληφθεὶς
698 1528 784 1610 ἔρυτο
812 1536 867 1604 τῆς
895 1530 1041 1607 roveredo
1073 1529 1252 1609 ἠναγκάσθη

62 1644 286 1721 προσενεγκεῖν
308 1638 390 1719 αὐτῇ
413 1633 526 1714 λόγους
558 1635 626 1715 περὶ
660 1635 820 1710 connisi
826 1658 892 1712 νος,
917 1642 1027 1699 utrum
1050 1634 1097 1700 sio
1119 1655 1160 1701 an
1184 1660 1253 1701 συν·

59 1740 175 1817 miar
209 1748 295 1809 esset
328 1738 499 1827 legendum
537 1759 601 1806 uon
633 1739 711 1805 satis
750 1737 834 1825 apud
876 1759 928 1806 me
959 1739 1125 1806 constabat
1159 1749 1253 1807 antea

61 1866 173 1935 quum
196 1846 338 1915 viderem
365 1844 606 1931 Xenophontem
629 1842 716 1909 baud
739 1864 832 1909 secus
854 1852 952 1931 atque
975 1845 1139 1912 Platonem
1161 1865 1252 1912 sum·

63 1972 126 2021 nto
148 1950 332 2029 nitidioris
354 1953 386 2017 dr
414 1954 457 2034 τῷ
487 1952 593 2030 λέγειν
619 1950 802 2031 crispiorem
829 1950 957 2016 sectari.
1005 1950 1066 2017 Sed
1098 1952 1131 2016 in
1156 1972 1192 2018 ea
1217 1972 1253 2019 re

60 2054 244 2143 diiigenter
265 2055 442 2123 carendum
467 2076 508 2122 ne
530 2053 661 2122 modum
682 2053 817 2121 excedas
838 2064 870 2122 ct
899 2054 1038 2121 cordatis
1068 2055 1253 2124 hominibus

60 2162 210 2249 ineptire
240 2160 390 2229 videaris.
435 2161 535 2228 Nemo
564 2159 760 2228 Graecorum
791 2159 886 2226 habet
917 2180 1013 2227 aures
1045 2170 1110 2228 tam
1145 2161 1253 2248 inepte

63 2262 254 2333 fastidiosas
278 2275 314 2334 ut
335 2268 494 2341 συνουσίαις
530 2286 645 2333 nomen
675 2264 760 2333 ferre
787 2274 969 2352 nequeant,
1001 2286 1105 2354 neque
1131 2287 1169 2334 ca
1201 2288 1253 2335 res

57 2370 193 2439 Graece
213 2375 355 2451 ευνῆνενοο
375 2372 512 2450 dicitur,
539 2381 573 2438 ut
597 2370 682 2457 apud
704 2370 862 2436 Romanos
884 2393 1079 2439 consuescere
1101 2394 1172 2440 rum
1195 2374 1253 2440 oli·

60 2498 133 2567 qttu
156 2484 189 2545 et
211 2478 415 2555 consuetedo,
446 2477 501 2544 sed
525 2479 634 2557 ὃμολίοο
665 2483 697 2542 et
732 2476 863 2554 ὁμιλεῖν.
911 2477 1023 2565 ltaque
1054 2481 1121 2562 περὶ
1147 2505 1252 2548 συνου·

59 2582 143 2657 uiae
165 2580 259 2649 unice
281 2602 394 2649 verum
420 2593 452 2650 et
482 2580 702 2669 recipiendum
725 2600 796 2648 esse
819 2602 942 2649 censeo.
991 2584 1048 2649 Est
1072 2605 1146 2651 vcro
1170 2586 1253 2653 alius

63 2686 106 2753 iu
125 2684 322 2775 Cpmpaerlia
345 2687 451 2767 iocus,
484 2688 539 2754 ubi
563 2686 738 2773 Xenophon
762 2706 836 2773 prae
858 2688 1050 2756 verecundia
1080 2691 1253 2757 usitatissi-

63 2808 162 2861 mum
185 2790 316 2861 Graecis
338 2793 527 2861 vocaiiuium
553 2812 709 2878 usurpare
733 2812 795 2857 non
822 2793 978 2860 sustinuit
1009 2794 1064 2862 scd
1088 2795 1176 2861 aliud
1200 2796 1253 2863 bo·

62 2896 197 2967 lulius
219 2899 378 2984 quaesivit
400 2898 484 2964 Vlil.
508 2920 576 2965 vrri.
604 2903 655 2985 10,
687 2896 721 2976 ἦν
745 2899 776 2964 δὲ
799 2902 905 2973 αὐτοῖς
929 2899 1055 2979 νόμιμον
1073 2902 1150 2979 μηδὲ
1172 2926 1253 2984 προ·

63 3002 219 3085 χοΐδνς
244 3005 438 3089 εἶσφέρεοθυν
463 3007 506 3078 εἰς
529 3004 572 3072 τοὶ
596 3005 768 3083 συμπόσια.
816 3003 883 3069 Nou
907 3005 1065 3071 sustinuit
1084 3004 1117 3070 id
1147 3006 1254 3076 dicere

61 3106 111 3177 de
133 3126 199 3195 quo
218 3116 251 3177 et
276 3108 396 3177 Seneca
421 3108 623 3175 dubitaverat
654 3128 756 3197 qurum
786 3107 940 3173 scriberet
965 3109 1004 3175 de
1034 3110 1168 3177 Benebc.
1194 3112 1250 3178 ili.

62 3216 128 3299 2⁶,
172 3212 251 3279 Rem
270 3213 496 3301 ineptissimam
525 3217 627 3301 secero
649 3216 677 3279 si
700 3236 781 3280 ονυνιο
806 3214 899 3278 uerbo
925 3215 1084 3300 quaesiero
1108 3218 1252 3302 quemad·

56 3316 197 3385 fflnm
227 3318 330 3385 dicam
361 3320 455 3386 ilium
489 3319 649 3386 matellam
689 3320 865 3404 sumpsisse.
920 3321 1054 3398 'norbae
1087 3324 1252 3391 nominare

62 3420 196 3501 noluit,
220 3426 387 3507 προχοΐδας
413 3426 607 3503 nominavit,
638 3424 827 3511 subinopte‚
853 3432 888 3489 ut
912 3425 990 3491 mihi
1015 3426 1145 3512 quidem
1170 3429 1253 3496 ride·

62 3536 138 3597 tur.
183 3528 226 3597 Et
251 3530 448 3597 Athenaeum
478 3529 606 3617 quidem
641 3530 827 3596 ioculariter
849 3529 974 3617 decepit
997 3533 1054 3617 qui
1085 3537 1253 3617 προχοΐδυς

62 3632 208 3703 aedidit
234 3636 365 3709 κύλικας
396 3656 466 3703 esse
495 3657 569 3723 pag.
592 3641 657 3703 496
686 3636 719 3702 C.
767 3642 903 3719 Ξενοφῶν
936 3638 961 3703 δ’
989 3639 1021 3704 ἕν
1046 3640 1142 3723 ὀγδόῳ
1176 3654 1253 3709 Πυν-

63 3742 155 3815 ’riae
177 3742 403 3823 ηοχοΐδυο
425 3742 513 3815 τινὰς
534 3742 623 3820 λέγει
659 3745 852 3822 κύλικος,
875 3742 930 3809 ubi
953 3752 1066 3811 auctor
1089 3746 1253 3832 Epitomcs

63 3846 200 3921 ninom
231 3844 368 3925 delerit,
403 3846 459 3913 sed
491 3847 674 3928 Athenaeo,
703 3850 759 3935 qui
790 3847 913 3914 doctior
944 3848 1046 3914 multo
1075 3860 1123 3916 cst
1155 3872 1250 3938 quam

65 3952 217 4031 eeutior,
247 3972 328 4020 suus
354 3960 423 4019 erut
457 3973 549 4020 error
580 3953 829 4041 relinquendus,
865 3962 902 4019 ut
934 3952 1039 4020 iocum
1068 3956 1252 4043 inspicienti

66 4056 204 4147 patebit.
250 4056 418 4126 Caeterum
443 4061 559 4138 dehoc
584 4078 694 4125 omnes
714 4078 773 4124 suo
797 4060 926 4125 nomine
952 4059 1253 4146 appetieres01mu3

66 4162 249 4250 etiannum
274 4164 404 4231 oracula
435 4165 572 4231 heorum
604 4163 834 4239 consulebant,
866 4164 931 4230 rid.
958 4165 1105 4231 Photinm
1139 4187 1168 4232 ν.
1192 4174 1252 4234 ‘Po-

65 4268 311 4351 dinumerare.
359 4270 394 4335 ln
418 4268 566 4359 Aeschyli
597 4280 629 4335 et
652 4269 817 4357 Sophoclis
837 4270 973 4352 δράμασι
997 4280 1176 4351 Σοοτυρνκοῒς
1201 4292 1252 4359 ap·

63 4370 187 4461 peliatu
215 4386 262 4441 est
284 4380 301 4453 οἱ
326 4375 481 4457 redempor
504 4375 633 4458 odpeirn,
657 4374 721 4441 vid.
746 4374 863 4448 Athen.
885 4377 910 4442 i.
942 4398 972 4463 p.
1000 4382 1051 4444 17.
1092 4376 1173 4443 Sunt
1197 4380 1254 4464 qui
