2940 5010
726 303 766 362 ll

610 578 785 646 CAPUT
820 579 866 647 ΙΙ.

189 788 344 856 Dabimus
374 789 547 857 Menandro
575 791 658 859 hanc
688 811 836 879 operam,
868 791 902 857 in
930 792 1025 858 cuius
1048 788 1239 877 fragmentis
1260 793 1333 881 post

142 893 322 961 multorum
347 915 443 962 curas
466 897 653 964 etiamnunc
675 904 838 984 superest,
862 898 896 963 in
920 915 983 983 quo
1009 895 1154 965 studium
1180 904 1248 964 tam
1270 900 1334 965 nti·

142 997 219 1066 liter
241 1019 338 1086 quarn
363 1000 504 1068 iucunde
526 1009 675 1087 ponatur.
724 1001 810 1069 Nihil
834 1001 982 1091 equidem
1008 1003 1113 1068 acutis
1135 1008 1167 1068 et
1191 1001 1333 1088 ingenio-

141 1105 188 1172 sis
207 1104 378 1173 iuvenibus
397 1105 596 1172 fructuosius
616 1126 687 1174 esse
705 1107 844 1174 arbitror
863 1128 960 1195 quam
981 1106 1153 1194 diligenter
1171 1115 1332 1194 spectare,

139 1218 300 1298 qnantum
331 1211 472 1298 optimus
507 1212 644 1299 quisque
682 1213 874 1279 criticorum
914 1197 1115 1280 suavissimis
1149 1212 1333 1281 comoediae

138 1314 351 1385 Menandreae
378 1315 525 1402 reliquiis
555 1316 703 1385 attulerit
733 1318 823 1397 boni,
852 1325 885 1385 et
914 1316 1025 1386 eadem
1057 1328 1153 1405 opera
1187 1317 1331 1385 animan

134 1428 284 1498 -vertere,
309 1421 387 1509 quid
406 1422 542 1508 quisquc
563 1423 597 1488 in
617 1423 678 1489 hoc
698 1442 815 1511 genere
833 1424 1015 1511 peccaverit
1032 1442 1163 1502 eorum,
1186 1423 1242 1510 qui
1266 1441 1332 1490 non

137 1527 218 1594 satis
239 1526 280 1594 ab
299 1526 480 1594 eruditione
502 1535 536 1594 et
558 1528 687 1614 ingenio
711 1530 815 1616 parati
837 1530 967 1597 incunte
985 1536 1018 1595 et
1037 1526 1242 1615 impudenter
1261 1546 1328 1595 eas-

137 1631 212 1699 dem
237 1633 415 1720 attigerint.
463 1632 637 1719 Postquam
663 1635 792 1720 ineptus
816 1642 848 1701 et
874 1633 1032 1702 ridiculus
1056 1630 1255 1720 Theologus,
1278 1633 1329 1701 lo·

135 1756 238 1805 annes
256 1736 416 1817 ctericus,
439 1736 659 1809 Menandrist
681 1738 876 1806 Philemonis
905 1740 1086 1827 fragmenta
1109 1736 1207 1804 illotis
1228 1739 1329 1806 maui-

136 1841 200 1909 bus
230 1862 329 1909 ausus
357 1850 404 1908 est
435 1849 636 1910 contrectare
659 1851 691 1910 et
714 1843 877 1911 Bentleius
898 1844 1061 1912 levitatem
1084 1851 1116 1910 et
1141 1842 1330 1911 futilitatem

135 1946 278 2014 hominis
308 1946 457 2012 omuibus
489 1946 593 2032 palam
620 1947 697 2014 fecit
725 1957 758 2015 et
787 1950 989 2016 severissimo
1016 1948 1180 2015 inscitiam
1204 1950 1274 2015 eins
1296 1957 1330 2021 et

135 2053 361 2120 temeritatem·
387 2052 575 2138 castigavit,
607 2052 702 2118 multi
732 2056 928 2121 exstiterunt
958 2054 1015 2140 qui
1046 2052 1131 2139 quod
1165 2053 1330 2122 Bentleius

136 2157 302 2248 praeclare
331 2157 512 2226 inchoasset
548 2157 702 2245 perficere
736 2168 769 2226 et
801 2159 941 2246 expolire
979 2158 1197 2224 instituerint:
1232 2157 1329 2225 hahet

135 2263 223 2331 euim
256 2262 316 2329 hoc
348 2262 531 2330 Bentleiana
562 2264 658 2330 crisis
681 2271 718 2330 ut
738 2263 947 2332 vehementer
973 2262 1154 2350 legentibus
1180 2263 1328 2331 animum

135 2376 335 2436 commoveat
359 2367 581 2456 iudiciumque
604 2376 739 2436 exacuat
760 2378 792 2436 et
817 2369 858 2436 ad
888 2368 1082 2436 imitandum
1106 2368 1275 2448 incendat,
1298 2371 1327 2436 si

135 2473 218 2541 forte
237 2480 271 2542 et
292 2475 354 2560 ipsi
375 2473 495 2560 aliquid
524 2473 748 2541 huiuscemodi
779 2475 895 2543 elicere
926 2475 1057 2562 possint.
1105 2474 1142 2542 ln
1163 2477 1243 2563 ipsis
1264 2475 1326 2543 Me·

133 2578 252 2646 nandri
283 2578 473 2664 fragmentis
503 2578 711 2647 emendandis
740 2600 813 2648 cum
845 2579 987 2648 Bentleio
1017 2579 1117 2648 veluti
1148 2580 1188 2648 de
1219 2580 1327 2670 palma

133 2683 365 2753 contendentes
394 2682 504 2751 videas
534 2685 736 2765 unwanum,
768 2686 964 2764 Porsonnm,
995 2685 1213 2755 llobraeumt.
1259 2688 1325 2755 llos

131 2789 313 2858 Meinelrius
332 2790 558 2875 consequitur,
582 2792 689 2878 quiin
710 2792 876 2861 Menandri
898 2791 1089 2880 fragmentis
1101 2794 1323 2881 corrigendis,

132 2893 349 2972 illustrandis,
372 2894 528 2981 augendis
551 2904 584 2962 et
608 2896 784 2984 plurimum
809 2900 1054 2986 operaeposuit
1079 2907 1111 2965 et
1139 2901 1237 2966 etiam
1260 2901 1323 2968 uli·

131 3001 196 3069 lius
218 3019 315 3088 quam
339 3000 373 3065 in
401 3003 538 3068 caeteris
568 3002 706 3069 Comicis
735 3011 882 3070 versatus
908 3011 967 3070 est.
1014 3001 1181 3069 Neminem
1213 3006 1323 3072 omnia

132 3107 318 3176 exhausisse
341 3106 415 3192 quis
444 3105 635 3173 mirabitur?
659 3126 764 3196 neque
788 3106 897 3183 facile,
921 3115 958 3172 ut
980 3108 1108 3192 opinor,
1132 3107 1323 3176 exhauriens

131 3216 188 3282 tur
206 3212 332 3288 omnia,
356 3230 437 3297 quae
461 3209 584 3279 viribus
607 3214 729 3298 ingenii
751 3211 885 3278 humani
909 3219 941 3278 et
962 3218 1134 3278 accuratae
1156 3211 1323 3281 doctrinae

130 3319 222 3406 copia
250 3319 282 3384 in
314 3316 365 3383 nis
396 3316 513 3383 melius
541 3318 694 3383 constitui
715 3324 749 3384 et
771 3314 804 3382 in
826 3317 1000 3403 pristinum
1024 3316 1162 3384 nitorem
1191 3319 1322 3386 restitui

130 3433 275 3513 possunt.
308 3421 490 3509 ‘Supererit
521 3420 660 3507 denique
682 3419 820 3508 aliquid,
844 3420 929 3509 quod
951 3422 1056 3490 artem
1086 3424 1230 3491 nostram
1253 3423 1319 3492 elu-

130 3528 200 3606 dat,
224 3529 257 3594 in
275 3546 339 3615 quo
357 3526 887 3613 generais-omnlum-acntissime
907 3537 1035 3609 cernet,
1057 3529 1115 3616 qui
1133 3529 1194 3596 iste
1213 3547 1319 3616 neque
1414 3595 1417 3599 .

129 3633 267 3721 intelligi
298 3651 402 3719 neque
429 3631 594 3699 emendari
622 3653 714 3720 posse
742 3631 874 3700 videbit.
921 3633 958 3701 ln
984 3634 1318 3723 superioribusc'om·

127 3738 274 3832 pluscula
299 3738 363 3803 iam
383 3737 574 3805 Menandrea
592 3738 695 3806 obiter
717 3759 773 3826 per
792 3740 1163 3819 occasionemtraotavi,
1186 3740 1318 3829 enqui-

126 3849 188 3916 bus
208 3865 310 3913 unum
334 3850 496 3930 repetam,
522 3837 726 3914 nt'onninus
743 3852 895 3933 appareat
915 3844 1012 3932 quam
1031 3847 1076 3914 sit
1086 3849 1314 3916 :necessarium

133 4148 317 4236 «trucum
332 4169 457 4221 'aarum
478 4170 657 4221 surrentum
684 4171 821 4236 arpennas
847 4159 977 4239 (mareri)
1003 4162 1245 4224 mascaronem
1265 4176 1314 4224 nc

126 4250 267 4310 aendriIrl,
280 4250 443 4303 Philemonis.
459 4251 592 4315 reliquium
617 4251 709 4308 deinde
735 4252 843 4303 usserii
868 4253 971 4315 Miscell.
994 4253 1086 4321 (lritica
1109 4270 1134 4320 p.
1152 4254 1222 4305 215.
1244 4271 1265 4305 s.
1285 4273 1312 4322 p.

127 4329 193 4399 agl.
205 4396 208 4403 Ι
220 4345 277 4378 cum
298 4336 358 4380 note
377 4331 477 4388 Kiddii,
499 4337 525 4379 et
545 4332 599 4381 aliis
619 4331 697 4409 locis,
718 4333 822 4407 Porscui
842 4331 946 4407 Adsere..
966 4331 1070 4411 1³:3⁸⁷
1082 4350 1139 4400 sqq.
1160 4341 1186 4384 ct
1206 4332 1311 4386 llobraei

123 4400 569 4477 advers.''part.11.psttosqq.
655 4402 659 4413 '
738 4398 742 4413 ⁴
818 4398 823 4409 ’
862 4404 867 4421 ‘
922 4416 935 4429 '¹
995 4402 998 4417 '
1097 4404 1100 4411 '
1176 4408 1179 4413 ’

1114 4483 1127 4522 d
