2940 5010
714 286 777 350 714

150 461 258 530 nentia
281 478 318 524 ac
340 452 535 541 frugalitate.
584 456 645 525 Sed
668 457 747 525 haec
767 458 844 525 olirn
863 456 1004 528 lucrant.
1053 457 1198 528 Pericles
1220 447 1330 547 ’τιμον

151 567 383 653 Spartanorum
395 560 566 645 largitione
577 572 784 650 corruperat,
806 574 838 630 et
850 584 946 651 quam
965 565 1087 633 multos
1105 565 1189 633 alios
1211 576 1331 637 eonon

152 682 227 739 ante
250 666 467 754 Xenophontis
490 677 626 735 aetatem
648 669 784 753 αἰσχρῶς
816 670 1024 751 δωροδοκῆσαι.
1072 672 1143 743 lum
1168 670 1247 739 olim
1271 692 1330 743 me

149 788 203 843 tus
228 776 331 841 luerat
353 793 393 839 nc
417 772 563 859 Spartam
590 774 723 840 avaritia
748 776 906 861 perderet.
943 776 1085 862 Regibus
1108 776 1285 847 hlnuuteue
1300 788 1330 847 el

151 882 374 967 Theopompo,
399 880 431 944 in
456 899 592 965 quorum
618 898 752 964 regnum
778 880 894 947 incidit
913 884 930 960 ἡ
948 889 1007 949 τῶν
1031 883 1222 961 Ὀλυμπίαν
1240 884 1330 961 δύσις.
1369 948 1371 963 ,

149 1008 214 1055 uuo
242 995 313 1072 post
334 986 517 1073 Lycurgum
540 982 668 1051 saeculo
692 983 779 1073 (vide
811 984 977 1054 Plutarchi
1005 985 1158 1055 Instituta
1182 988 1330 1057 henaim

147 1114 220 1180 pag.
242 1094 317 1157 259.
343 1089 392 1177 ll.)
426 1089 591 1155 oraculunr
615 1098 664 1155 est
686 1089 827 1158 editum:

282 1198 570 1278 οἱφιλοχρκματύα
594 1195 746 1277 Σπάρταν
769 1197 857 1272 διιεῖ,
880 1195 961 1263 ἄλλο
984 1198 1049 1280 γὰρ
1072 1198 1169 1267 οὐδέν.

149 1313 181 1370 et
204 1300 281 1389 quid
303 1300 362 1365 sibi
389 1300 456 1365 uult
481 1309 572 1366 vetus
596 1299 719 1367 dictum
743 1310 807 1366 tota
833 1301 1048 1388 Peloponneso
1071 1302 1302 1373 decantetum:

283 1405 343 1470 ταν
367 1406 480 1486 οὶροτύιν
504 1407 556 1471 καὶ
581 1406 640 1473 cclv
663 1408 778 1490 σοφίαν
802 1414 917 1474 νικῶντι
940 1414 1096 1489 χελῶναι,

148 1510 232 1601 apud
264 1508 423 1576 Pollucem
446 1509 501 1575 IX.
530 1510 597 1577 74?
644 1509 870 1599 Perelcganter
892 1513 994 1600 igitur
1014 1512 1142 1581 dictum
1167 1520 1220 1581 est
1241 1516 1329 1601 dvc}

149 1618 281 1700 Στύρτρ
311 1623 370 1683 τῶν
400 1615 573 1699 χρημάτων
597 1619 615 1693 ἡ
638 1626 746 1693 κτιῑτις
770 1618 895 1693 πλειους
922 1619 1029 1693 λύπας
1053 1619 1071 1695 t't
1096 1622 1115 1696 tl
1137 1628 1255 1702 χρῆσις
1282 1621 1328 1687 ul·

147 1723 302 1807 dcccdccc
323 1723 478 1804 παρὲχει,
502 1719 557 1787 sed
580 1720 618 1787 ad
640 1722 780 1810 Lycurgi
802 1730 948 1810 tempora
966 1723 1045 1791 haec
1064 1722 1236 1791 reicrcuda
1258 1732 1329 1793 suut
1369 1712 1371 1787 t

146 1838 179 1896 et
207 1828 356 1917 Lycurgo
387 1829 563 1914 proximam
597 1834 758 1903 aetatem.
794 1849 856 1894 non
887 1828 926 1895 ad
957 1828 1182 1917 Xenophontis
1212 1849 1328 1897 metuo·
1369 1830 1371 1903 l

146 1935 249 2012 rianr,
274 1935 328 2020 qui
353 1933 429 1998 baec
454 1952 516 1997 non
539 1931 634 2007 uidit,
659 1931 713 1998 sed
736 1934 864 1999 audiuit.
913 1934 1002 2001 Talia
1024 1933 1126 2001 multa
1148 1937 1181 2001 iu
1206 1936 1329 2023 Sparte·
1369 1968 1371 1975 ·

147 2058 261 2107 norum
299 2034 525 2124 congressibus
558 2057 596 2103 ex
627 2039 846 2105 uetustissima
881 2040 1036 2105 mensoria
1067 2041 1205 2126 repetita
1240 2041 1329 2107 iactu·

147 2145 265 2212 bantur
298 2152 330 2210 et
364 2142 404 2209 ad
437 2145 625 2231 Lycurgum
659 2152 824 2209 auctorem
857 2144 1055 2211 confidenter
1087 2144 1329 2213 referebantur:

146 2272 228 2338 quae
257 2268 453 2336 quiunquam
489 2258 654 2314 auctorent
686 2247 833 2327 nullum,
858 2250 982 2315 nullum
1008 2258 1125 2317 testem
1156 2249 1329 2329 lrahehaut.

143 2365 251 2424 lernen
282 2357 358 2442 quia
392 2374 484 2421 ucnro
508 2352 718 2437 retlarguehet
750 2363 839 2419 certe
861 2362 894 2421 ct
923 2354 1087 2441 explorata
1118 2376 1191 2423 csse
1226 2358 1328 2424 existi·

145 2462 326 2528 mahantur.
375 2460 419 2526 lle
451 2458 600 2545 Lycurgo
630 2466 662 2523 et
692 2458 834 2546 Lycurgi
869 2459 995 2544 legibus
1023 2469 1055 2527 et
1082 2461 1251 2527 institutis
1277 2460 1329 2527 nli·

144 2566 222 2654 quid
247 2566 327 2630 certi
352 2566 494 2650 reperire
522 2565 620 2629 etiam
645 2565 717 2628 vivo
741 2563 950 2649 Xenophonte
980 2564 1117 2633 arduum
1143 2574 1216 2632 erut
1242 2586 1329 2653 nego·

146 2673 239 2737 tium.
289 2671 428 2758 Scriptus
463 2668 549 2753 leges
575 2689 677 2754 neque
710 2671 778 2755 ipse
809 2670 940 2755 reliquit
965 2680 997 2738 et
1029 2692 1046 2737 a
1073 2668 1203 2737 ciuibus
1236 2670 1329 2739 scribi

145 2778 266 2852 uetuit,
293 2776 376 2841 Plul.
402 2775 540 2861 Lycurg.
567 2780 624 2841 15:
648 2775 708 2853 μία
732 2781 791 2840 τῶν
807 2779 919 2857 ρ’κτρῶν
942 2774 976 2853 ἦν
995 2777 1047 2855 μὴ
1075 2778 1259 2859 χρῆσθαι
1283 2776 1329 2845 νύ·

143 2907 233 2963 μοις
258 2879 506 2962 ἐγγράφοις.
556 2880 666 2964 ltaque
689 2899 816 2945 surnrna
840 2891 911 2946 erat
943 2880 1079 2947 incultas
1101 2891 1134 2948 et
1157 2880 1328 2969 affingendi

144 2989 293 3076 Lycurgo
315 2985 471 3072 quidlibet
494 2993 524 3050 et
549 2994 661 3050 contra
687 2983 912 3065 abiudicandi,
940 2986 1065 3072 siquid
1088 2986 1142 3052 illo
1166 3007 1230 3053 trun
1256 2988 1329 3055 satis

144 3092 279 3178 dignum
311 3091 485 3157 rideretur.
533 3090 665 3156 lrrlamis
696 3089 1019 3158 Lacedaemoniorum
1053 3096 1207 3173 spumeis
1237 3103 1272 3160 et
1293 3092 1329 3161 ab

143 3198 315 3265 Aristotele
339 3196 458 3262 diserte
483 3197 631 3261 instituta
656 3215 726 3261 esse
749 3214 768 3260 a
792 3195 940 3283 Lycurgo
967 3196 1105 3263 traditur
1126 3207 1160 3264 et
1184 3219 1202 3263 a
1230 3206 1327 3267 caete·

143 3305 190 3370 ris
223 3305 293 3371 cius
322 3302 480 3367 institutis
515 3321 577 3365 non
607 3299 769 3365 abhorret.
819 3301 1012 3367 Plutarchus
1046 3302 1257 3387 obloquitur:
1279 3306 1329 3371 ούιι

143 3408 182 3475 ἂν
211 3409 315 3486 ἔγωγε
346 3408 526 3487 προτύείκν.
560 3407 666 3491 inquit
697 3407 730 3471 iu
764 3406 901 3494 Lycurg.
925 3412 988 3484 28,
1022 3407 1192 3490 Λυκούργῳ
1222 3410 1327 3491 μιαρὸν

143 3511 218 3580 οὕτω
249 3521 305 3586 τῆς
333 3514 500 3595 κρυπτείας
530 3510 615 3590 ἔργον
648 3513 712 3576 abab
740 3521 796 3588 τῆς
831 3511 932 3588 ἄλλος
956 3517 1052 3580 aocet
1080 3512 1257 3596 πραότητος
1279 3514 1327 3581 καὶ

143 3621 332 3693 δικαιοσύνας
354 3619 593 3699 τεκμαιρόμενος
618 3619 669 3682 τὸν
688 3617 808 3697 τρόπον.
858 3619 919 3685 Sed
947 3620 994 3684 sic
1015 3618 1124 3683 omnia
1156 3617 1197 3683 ad
1222 3620 1328 3685 uultis·

143 3745 206 3813 que
239 3725 408 3789 arbitrium
441 3734 559 3789 tenuere
593 3722 842 3790 revocabuntur.
900 3724 1001 3805 Quam
1035 3723 1138 3791 multa
1178 3734 1328 3811 putemus

143 3830 381 3897 Lacedaemone
414 3837 484 3912 post
516 3827 656 3914 Lycurgi
690 3836 828 3894 aetatem
860 3838 985 3895 mutata
1016 3838 1048 3895 et
1083 3838 1202 3895 novata
1234 3828 1327 3897 esset

143 3939 263 4005 Earum
287 3942 523 4001 cerumtamen
549 3934 778 4018 propemodum
810 3936 953 4000 onmium
986 3935 1054 4021 ipse
1079 3944 1193 4001 auctor
1226 3936 1329 4023 perhi-

144 4043 258 4117 betur,
284 4041 486 4126 plurimaque
510 4037 549 4103 dc
570 4059 626 4116 co,
650 4042 681 4104 in
707 4039 757 4107 his
783 4041 999 4107 minutissima
1020 4042 1224 4128 quuedamet
1251 4060 1330 4129 queo

142 4147 218 4213 solis
238 4146 424 4231 aequalibus
443 4154 517 4210 uota
538 4163 607 4209 esse
633 4156 785 4229 possunt,
808 4158 1124 4226 ctrrnmenroruntur,
1148 4151 1329 4230 απομνκμο·

145 4254 309 4331 πύματα,
332 4252 590 4332 ἀποφθέγματα,
614 4250 778 4328 ἐπιςολαύ,
804 4252 976 4336 inquibus
1000 4252 1046 4319 vel
1071 4253 1249 4321 Plutarcho
1272 4255 1329 4321 ml·

143 4358 229 4425 rrime
259 4355 419 4442 suspicaci
449 4376 551 4443 nequo
590 4356 767 4443 perspicaci
798 4356 922 4425 homini
954 4358 1098 4428 suboluit
1137 4360 1264 4447 aliquid
1295 4368 1329 4429 ut
