2940 5010
728 293 787 355 791

167 464 245 552 quid
268 467 299 532 in
329 492 379 547 μα
409 469 494 548 exit,
527 485 724 555 quamquam
756 475 892 553 cognata
923 470 1053 535 nomina
1086 472 1193 539 omnia
1225 471 1344 540 habent

161 571 309 639 noralem
334 583 537 661 correptam,
560 572 692 640 eandem
714 581 900 641 constanter
921 573 1006 661 apud
1028 575 1158 644 Veteres
1178 577 1343 664 producit,

168 685 206 743 ul
227 679 341 759 κρίσις,
366 681 469 761 κριτιίς
488 677 543 746 scd
573 687 691 760 κρῖμα,
721 679 839 753 κλίσις,
872 676 1000 754 σ’ίκλιτις
1021 681 1078 748 sed
1100 692 1222 764 κλῖμα,
1246 685 1343 765 βασις

167 791 244 849 cett.
279 783 335 850 sed
366 787 481 864 βῆμα,
513 785 603 859 ςνίσις
627 793 702 851 cett.
733 783 789 851 scd
819 793 929 864 σῆμα,
959 786 1123 867 δισίςνιμα,
1157 789 1246 864 πόσις
1269 798 1345 858 cett.

165 886 221 955 sed
245 895 363 968 πῶμα,
387 890 488 974 ἄροσις
511 891 568 958 sed
590 890 723 972 όρωμα,
754 888 869 973 εὕρεσις
899 890 955 959 sctl
985 891 1127 975 εὕρημα,
1150 893 1263 978 αἵρεσις
1287 897 1343 963 sed

165 995 373 1076 παραίρινμα,
399 1005 431 1063 et
453 996 514 1063 alia
539 1006 615 1063 sunt
638 996 751 1084 plura,
782 995 823 1063 de
853 997 970 1084 quibus
1003 999 1036 1064 in
1063 1001 1172 1066 animo
1201 1010 1249 1067 est
1279 1001 1342 1067 alio

163 1108 310 1188 tempore
332 1110 484 1169 accurate
503 1102 628 1180 dicere,
653 1103 680 1168 si
706 1100 832 1187 qnando
856 1101 936 1168 mibi
965 1123 1023 1190 per
1044 1105 1146 1171 otium
1169 1106 1237 1188 περὶ
1260 1132 1341 1188 παρ·

161 1209 324 1290 εφόσρνίας
354 1206 466 1284 λέξεως
505 1228 601 1295 agere
633 1205 751 1275 licebit.
799 1207 929 1274 Scilicet
956 1210 1121 1297 sequiores
1153 1209 1213 1278 hoc
1246 1212 1340 1298 plane

162 1312 348 1381 nesciebant
364 1326 397 1379 et
415 1313 506 1394 πόμα
528 1313 677 1381 dicebant
698 1334 757 1401 pro
774 1317 888 1394 σῶμα,
911 1316 1007 1396 κρίμα
1026 1337 1083 1404 pro
1103 1323 1215 1398 κρίμα,
1238 1320 1340 1399 κλίμα

159 1438 221 1507 pro
237 1427 357 1500 κλίμα,
382 1427 413 1486 el
433 1419 564 1503 εὕρεμα,
587 1420 753 1500 ettotam
778 1420 1035 1510 (ρσοσίννίόνιμα),
1053 1422 1178 1508 aliaque
1190 1423 1341 1491 similiter

162 1526 286 1592 vitiosa.
335 1525 368 1592 Si
400 1545 463 1611 qua
496 1546 576 1593 nora
605 1527 732 1612 lingunt
762 1526 859 1593 male,
877 1525 1024 1612 lingunt,
1057 1536 1092 1596 ut
1122 1531 1285 1610 σύμβαμα
1306 1538 1339 1597 et

159 1632 411 1713 παρασύμβαμα
447 1640 478 1697 et
512 1633 665 1713 όνιίόεμα.
719 1632 767 1699 Ex
801 1631 861 1699 bac
898 1642 986 1699 certa
1019 1635 1146 1720 antiqui
1181 1639 1338 1704 sermonis

159 1736 231 1824 lege
254 1737 371 1804 ἔνδυσιν
393 1745 425 1803 et
448 1738 492 1804 rb
512 1737 620 1804 ἔνδνσα
640 1738 819 1823 corripiunt
841 1736 1000 1815 mediam,
1031 1737 1086 1805 sed
1118 1737 1234 1819 ἔνδυμα
1268 1762 1337 1828 pro·

158 1842 259 1910 ducit.
308 1844 464 1910 Poetastri
488 1845 605 1910 veteris
628 1843 756 1928 linguae
776 1844 881 1928 ignari
904 1843 937 1909 in
960 1841 1020 1909 boc
1041 1864 1167 1932 quoque
1186 1854 1338 1933 peccant,
1432 1830 1434 1835 ¹
1458 1883 1459 1886 =

156 1957 196 2017 ut
217 1950 250 2014 in
271 1949 513 2036 Epigrammate
534 1950 649 2018 incerti
668 1957 779 2036 poclum
803 1946 901 2038 (apud
919 1946 1039 2015 lacobs.
1063 1949 1191 2018 Anthol.
1216 1952 1269 2020 Gr.
1282 1952 1336 2021 IV.

156 2054 306 2143 p.1·11):

292 2160 352 2236 τσίς
375 2185 410 2227 τε
434 2162 546 2244 κόρας,
568 2165 732 2242 Λιμνᾶτι,
756 2161 830 2244 κόρα
853 2159 948 2241 κόρα,
973 2163 1012 2235 ὥς
1035 2162 1186 2242 ἐπιεικές,

338 2266 445 2334 ίινόετσ
469 2268 522 2333 καὶ
545 2269 588 2335 τόν
612 2271 702 2350 κσρῖιν
725 2267 909 2346 ἒνόιίματ’
932 2267 1100 2348 Ἀρτέμιδι.

153 2370 266 2440 leiellit
288 2391 385 2451 eum,
409 2373 548 2453 dixeris,
571 2374 729 2453 ἐνδέδυμαι
754 2372 949 2458 paenultima
973 2372 1070 2439 brevi.
1116 2372 1203 2440 Nihil
1226 2384 1275 2443 est
1295 2375 1336 2444 de

153 2497 271 2564 genere
292 2477 372 2555 hoc,
396 2480 428 2544 in
450 2498 512 2564 quo
538 2500 598 2544 non
629 2480 768 2564 turpiter
796 2480 976 2564 impingant
995 2479 1169 2564 sequiores.
1216 2481 1332 2548 Delun·

151 2601 210 2668 gar
233 2603 320 2649 nunc
353 2583 482 2670 quidem
511 2604 574 2649 nnc
603 2583 747 2670 exemplo
774 2583 903 2662 Rufini,
935 2585 990 2669 qui
1022 2586 1055 2649 in
1091 2584 1333 2672 Epigrammata

151 2686 206 2753 XI.
232 2687 329 2776 (apud
353 2688 472 2754 lacobs.
499 2688 551 2754 lll.
579 2688 724 2777 plot.)
750 2690 793 2755 ita
818 2690 923 2755 canit:

242 2799 292 2860 νῦν
314 2793 431 2872 ἔγνων·
456 2794 629 2860 Ῥσδόκλεια
653 2795 705 2860 καί
723 2799 762 2861 ’σύ
786 2797 910 2875 Κύπρις.
935 2792 1005 2860 εἶτα
1027 2797 1063 2862 τό
1086 2797 1202 2870 κιίλλσς

285 2904 374 2965 τοῦτο
400 2899 510 2973 πόόεν;
534 2900 594 2972 σὺ,
620 2900 713 2978 dccci,
738 2902 793 2976 τὴν
819 2903 881 2968 deba
906 2901 1137 2974 ἐκδέδωκας.

148 3002 260 3089 quiin
286 3005 433 3071 ἐκδόδνκα
458 3002 685 3088 paenultimam
711 3005 844 3090 corripit
870 3003 913 3069 nil
938 3004 997 3070 sibi
1021 3003 1171 3070 illicitum
1202 3014 1305 3092 putat.

193 3106 285 3193 Apud
310 3108 550 3195 Xenophontem
576 3109 697 3192 igitur,
721 3108 761 3173 ad
785 3129 878 3195 quem
904 3129 941 3175 ex
966 3108 1108 3193 longiore
1128 3109 1328 3191 digressione

147 3220 309 3299 repertor,
334 3214 454 3280 ὑπσδόσι
478 3221 526 3280 est
559 3214 628 3278 sine
650 3215 867 3279 controversia
898 3214 1010 3280 aoristi
1039 3215 1181 3282 ὑποδῦναι
1212 3218 1326 3303 optati·

144 3336 229 3395 rus,
260 3337 398 3404 quocum
429 3318 606 3399 νὶναβιίλνι,
639 3337 701 3383 non
731 3318 933 3398 ductionem,
966 3321 1188 3387 coniunxerat.
1235 3328 1326 3390 ’Τπσ-

145 3422 269 3489 δόεσόαι
290 3432 339 3489 est
361 3423 529 3491 subdocere
555 3446 639 3503 sese,
663 3424 841 3502 subsidere,
874 3433 910 3491 ut
937 3425 1133 3505 όναβνίλλειν
1167 3446 1326 3495 sessorem

143 3537 311 3593 succutcrc.

189 3630 344 3698 Notabilis
376 3632 466 3700 locus
502 3644 552 3700 est
573 3634 657 3700 Vlll.
685 3641 746 3701 11:
782 3641 871 3702 τοῦτο
899 3636 961 3718 γὰρ
993 3641 1083 3703 ποιῶν
1113 3638 1128 3702 ό
1160 3638 1323 3718 ἑλκόμενός

143 3736 384 3818 καταβαίλιι
409 3737 447 3804 dtr
471 3745 594 3819 μᾶλλον
617 3743 669 3807 τόν
691 3739 823 3807 ἕλκοντα
855 3741 1140 3820 ἣκαταπίσσι,
1175 3743 1214 3809 ad
1249 3765 1323 3830 cog-

143 3841 336 3908 noscendam
372 3843 642 3911 necessitudinem
679 3865 761 3932 quae
794 3847 880 3913 inter
912 3847 1110 3927 καταβάλλω
1151 3856 1183 3914 et
1223 3875 1324 3915 κασα-

143 3947 248 4013 πίπτα
264 3948 457 4028 intercedat,
482 3970 596 4037 nempe
618 3952 792 4019 καταπέσοι
814 3953 902 4020 vides
922 3974 981 4041 pro
1001 3955 1214 4034 καταβλκόείκ
1235 3962 1322 4043 poni.

140 4050 178 4118 ln
212 4052 280 4119 alea
310 4053 445 4135 βόλλειν
474 4057 638 4142 proprium
661 4057 793 4125 verbum
818 4068 887 4138 est,
920 4067 957 4126 ut
986 4060 1018 4125 in
1048 4069 1122 4127 noto
1148 4065 1327 4134 versiculo:

321 4159 385 4240 τρίς
409 4158 444 4237 ἓξ
466 4162 625 4240 βαλσιίσιις
650 4170 706 4239 τῆς
730 4166 806 4247 ε’μιῑς
829 4166 1031 4250 φρυκτωρίας.

141 4271 174 4331 et
196 4264 230 4330 in
254 4262 313 4332 boc
339 4284 400 4332 non
425 4268 533 4336 minus
558 4276 651 4335 noto:
