2940 5010
708 249 773 314 eut

189 422 359 509 Sequiores
379 430 562 509 practerea,
586 422 642 507 qui
663 440 775 487 omnes
798 438 891 508 saepe
910 422 1052 501 οὶιιοθσω,
1075 425 1164 511 pro,
1185 426 1307 506 ysaton

141 531 265 609 βοήσω,
288 527 469 614 similiaque
496 526 597 595 multa
619 534 732 593 contra
755 535 955 596 constantem
982 506 1136 599 Veterum
1164 550 1260 600 usum
1282 533 1307 601 tt

142 633 278 710 cebant,
310 636 344 699 in
372 634 470 700 certis
499 631 692 720 quibusdam
717 631 822 699 verbis
850 634 1018 720 antiquam
1042 634 1172 704 dicendi
1197 658 1307 707 consur

143 738 288 807 tudinem
312 740 474 806 contrarie
496 758 605 805 errore
627 737 885 826 corrumpebant.
934 740 1066 809 Veteres
1098 761 1213 811 omues
1245 763 1307 813 sun

144 864 196 911 rna
227 846 407 912 constantia
438 843 585 912 dixerant
612 844 763 924 σεθνήξω,
795 855 829 911 at
861 846 915 911 isti
947 845 1131 927 τεθνήξομαι
1159 845 1307 917 dicebaut

144 950 276 1017 Veteres
306 948 403 1028 ἑςήξω
426 956 459 1017 et
479 950 560 1032 ζήσω
589 957 623 1017 et
652 951 737 1026 νήσω
770 948 994 1036 usurpabant,
1025 952 1193 1039 sequiores
1218 962 1307 1023 contr

144 1055 291 1137 ἑςήξοοοοι
321 1065 353 1122 et
384 1055 517 1137 ζήσομοιι
541 1062 574 1121 et
595 1056 732 1135 λήσομαι
757 1074 873 1142 magno
905 1075 1065 1124 consensu
1086 1056 1197 1127 dicere
1221 1078 1307 1148 euept

145 1169 233 1227 runt.
289 1159 419 1227 Licebat
446 1161 487 1226 iis
518 1159 614 1246 patrii
645 1162 804 1228 sermonis
833 1161 1054 1229 sinceritatem
1084 1182 1144 1230 suo
1172 1162 1307 1233 arbitret

145 1266 294 1333 cornibus
324 1264 427 1332 modis
451 1266 694 1343 contaminare,
727 1267 806 1335 satis
829 1267 892 1333 erit
915 1266 944 1333 si
972 1285 1011 1333 ea
1041 1286 1095 1335 res
1118 1288 1178 1335 nos
1200 1268 1307 1339 noel

145 1372 262 1440 tellerit
284 1389 388 1457 neque
410 1370 532 1457 aliquid
556 1371 709 1439 Veterum
730 1373 861 1459 scriptis
884 1381 1029 1460 apportet
1047 1372 1136 1441 mali.
1183 1373 1250 1443 Sed
1269 1394 1307 1443 nu

144 1481 189 1546 ita
213 1477 340 1544 evenit:
363 1485 509 1561 grassata
533 1485 579 1543 est
607 1496 686 1543 noxa
709 1475 798 1544 labes
820 1478 853 1542 in
877 1477 1038 1565 pinnisque
1057 1478 1210 1547 omuibus
1240 1482 1307 1549 unt

144 1584 279 1672 quitatis
304 1583 541 1649 monumentis:
564 1590 613 1650 est
637 1601 750 1668 operae
772 1582 912 1667 pretium
934 1583 966 1648 in
987 1602 1053 1650 uuo
1074 1584 1107 1651 id
1131 1584 1307 1655 demonstra

144 1709 189 1755 re.
238 1687 324 1756 Satis
353 1695 478 1755 constat
508 1687 632 1754 Atticos
652 1685 729 1752 olim
759 1687 1019 1755 constantissime
1046 1687 1168 1757 dixisse
1199 1690 1307 1771 σεθνήξ

146 1796 197 1885 (nt
215 1793 313 1874 ἑςήξω
334 1813 372 1860 ex
391 1790 489 1868 ἕςιοιιοο
513 1790 694 1859 formarunt
709 1800 742 1859 ct
760 1810 800 1859 cx
815 1791 918 1870 ἔοιιιοο,
940 1793 1069 1873 stota,
1091 1794 1213 1886 ιθέω),
1238 1816 1307 1865 uuu

144 1920 242 1990 quam
265 1897 465 1991 σεθνήξομοοιε
489 1916 541 1965 res
564 1908 651 1964 certa
675 1916 762 1964 nunc
782 1905 883 1963 estet
903 1897 1100 1968 indubitata:
1126 1901 1307 1989 experiamt

145 2008 247 2093 igitur
270 2006 302 2071 in
323 2024 360 2071 ea
382 2002 535 2069 Codicum
560 2001 654 2069 tidem
678 2011 711 2071 et
733 2010 890 2090 quantum
915 2002 955 2068 iis
985 2003 1086 2072 tribui
1114 2007 1216 2093 possit
1240 2015 1307 2075 aest

145 2131 281 2179 memus.
336 2110 372 2176 lu
405 2105 665 2175 Acbaruensibus
699 2108 997 2195 praestantissimus
1026 2109 1132 2177 Codex
1162 2110 1307 2181 Ravenna

144 2238 191 2285 vs.
205 2221 282 2284 565.
307 2214 392 2303 apud
411 2214 591 2281 Bellienum
610 2210 738 2279 exbibet
754 2214 889 2290 σεθνήσει
914 2233 1046 2300 prorsus
1065 2215 1221 2289 barbare:
1246 2218 1307 2289 tta

144 2324 177 2388 in
206 2320 351 2388 Nubibus
374 2323 471 2386 1418.
503 2324 609 2384 servat
635 2319 674 2384 σὺ
705 2320 732 2385 δ’
752 2319 897 2402 ἐγχανὼν
930 2318 1064 2397 τεθνήξει
1098 2324 1241 2409 pessime
1275 2344 1307 2414 pr

142 2426 304 2505 τεθνήξεις.
352 2426 388 2492 Iu
411 2424 524 2511 vespis
545 2421 629 2488 idem
655 2441 700 2488 vs.
724 2425 801 2488 654.
825 2426 880 2491 οὐκ
902 2423 964 2495 ἔςιν
988 2421 1069 2501 ὅπως
1095 2430 1167 2512 οὐχ)
1189 2432 1307 2511 cudarim

142 2535 278 2620 repetito
300 2530 435 2598 immani
456 2527 664 2594 barbarismo.
713 2526 833 2593 Unicus
853 2538 903 2595 est
925 2530 1010 2616 apud
1033 2530 1200 2602 domicum
1221 2534 1307 2607 locut

141 2639 174 2704 in
196 2656 260 2725 quo
284 2634 358 2701 libri
384 2653 446 2698 non
471 2639 548 2698 sunt
572 2630 753 2719 interpolati
778 2635 810 2698 in
835 2632 974 2701 Acharn.
997 2639 1073 2703 tue.
1115 2692 1120 2700 .

322 2744 362 2814 ὥς
383 2736 530 2815 τεθνήξων
554 2737 611 2804 ἴσθι
636 2738 698 2804 νννθ
709 2761 717 2803 t
741 2735 889 2821 δήξομᾶρ’
912 2741 996 2820 ὑμᾶς
1019 2742 1093 2821 ἐγώ.

187 2849 222 2916 Iu
248 2847 388 2915 Platonis
411 2843 526 2931 Gorgia
560 2863 590 2930 p.
612 2848 678 2910 469
702 2844 738 2910 l).
771 2844 826 2910 ἐὰν
850 2843 910 2927 θοοο
934 2845 1001 2925 ἐμοὶ
1026 2846 1098 2931 δθξή
1118 2850 1192 2917 σινθι
1212 2852 1307 2925 redsa

140 2954 282 3022 σιθνοθνοιι
305 2950 488 3030 τεθνήξει
513 2946 601 3024 οὗτος
623 2947 655 3015 θν
678 2950 717 3016 θον
737 2947 830 3032 δθξή,
854 2950 894 3017 ad
924 2970 1019 3037 quem
1053 2952 1209 3039 magister
1232 2974 1307 3025 aunt

139 3062 241 3128 tavit:
276 3056 481 3136 σοθνήξειο
525 3057 716 3137 ἐνεργητικὸν
756 3054 827 3121 ἀντὶ
868 3057 1038 3131 παθητικοῦ
1080 3060 1304 3139 τεθνήξεσι

138 3167 347 3248 κοοονοσρεσῶς
370 3163 566 3245 σοιρενιήφθιο.
614 3161 750 3228 Doctum
779 3158 885 3226 hercle
908 3158 1070 3229 hominem
1095 3172 1128 3231 et
1151 3166 1307 3255 antiquitt

139 3273 184 3338 tis
218 3270 314 3359 probe
347 3269 503 3356 guaruml
550 3265 736 3334 Ridiculum
770 3274 819 3333 est
854 3264 934 3332 illud
966 3275 1196 3351 κοιινοσρεσῶσι
1234 3290 1307 3345 neret

139 3375 292 3442 Veterum
328 3392 482 3461 umquam
515 3371 609 3439 aliter
639 3370 787 3447 dixerat,
821 3370 905 3458 quud
938 3372 998 3440 iste
1028 3373 1204 3445 nesciebat.
1257 3376 1307 3445 llol

137 3481 252 3551 mirari
277 3499 382 3555 nunc,
405 3476 491 3564 quod
516 3478 548 3543 in
581 3476 693 3543 multis
715 3475 812 3544 Codd.
836 3475 1013 3554 σεθνήξεσωι
1042 3477 1172 3566 legitur.
1220 3480 1306 3551 sinit

137 3585 232 3653 modo
255 3583 292 3651 lit
310 3584 344 3650 in
367 3584 521 3660 cacteris,
546 3583 600 3650 ubi
624 3582 718 3668 longa
741 3581 810 3649 dies
832 3581 1003 3649 uerborum
1028 3581 1146 3653 formas
1177 3595 1307 3659 anulare

139 3699 200 3758 rat.
253 3688 371 3768 Ἑςήξω
404 3698 498 3756 vetus
525 3696 558 3756 et
587 3686 736 3767 ἑςήξομοοι
769 3687 931 3753 novicium
965 3687 1098 3755 conlusa
1132 3689 1206 3759 vide
1239 3712 1307 3783 aput

137 3794 326 3865 Elmsleium
347 3792 387 3861 ad
411 3793 549 3861 dcharn.
568 3798 644 3861 tes,
690 3791 757 3858 Non
783 3790 838 3858 diu
858 3790 1020 3859 dubitabis
1042 3795 1145 3881 igitur
1165 3797 1198 3863 in
1221 3797 1307 3888 lpbiq

138 3901 245 3971 uultu.
266 3906 343 3968 675.
367 3898 523 3966 scribere:

319 4007 391 4073 εἴσει
416 4005 472 4083 σθ,
493 4004 645 4086 χερνθβων
668 4003 731 4085 γὰρ
755 4002 853 4082 ἐςήξ
861 4029 919 4078 εις
944 4003 1070 4085 πέλοις,

139 4123 171 4183 et
205 4112 321 4200 quibus
353 4111 507 4179 debeatur
540 4109 696 4177 librorum
724 4110 886 4197 scriptura
920 4109 1020 4188 ἑσήξει
1052 4112 1163 4179 statim
1198 4116 1307 4203 perspi·

136 4239 213 4287 cres.
