2940 5010
702 294 765 355 205

320 464 438 531 τοιοῦτ’
463 462 624 543 Ἀτρείδσιί
644 466 680 543 μ’
704 466 722 542 il
745 466 774 531 τ’
795 463 968 538 Ὀδυσσέως
992 464 1072 544 βίον,

319 566 446 643 νίσοντ’,
470 566 646 649 δεδροίκονσ’.
671 565 713 644 σίς
737 569 909 649 Ὀλύμτνσο
933 570 993 636 όεοί

318 672 394 741 δοῖόν
417 677 488 739 τοτ’
509 674 616 748 αὐτοῖς
640 675 789 741 σίντίτσνν’
813 678 888 755 ἐμοῦ
912 677 1032 742 τοοόείν.

169 774 210 846 tti
226 776 440 867 Neoptolemus
463 776 649 864 respondet:

265 902 268 907 '
307 884 381 979 Ιίγίν
404 884 436 949 δὲ
457 885 572 957 κονύτδς
596 885 697 950 τοῖσδε
720 882 841 966 μοίρτυς
865 886 895 950 ἐν
919 884 1024 964 λόγοις

316 990 356 1065 νίς
376 989 436 1055 εἴτ’
458 991 585 1065 σίλνίεῖς
608 985 678 1055 οίδοε
701 992 861 1071 συντυχὼν
885 997 986 1056 κακῶν

177 1154 184 1171 ,
300 1080 428 1175 Ιτόνδρδν
452 1096 612 1176 Ἀτρειδῶν
636 1103 693 1169 τῆς
715 1098 745 1161 τ’
769 1094 942 1168 Ὀδυσσέος
967 1096 1064 1175 βίους,

176 1192 215 1271 ,ἃ
238 1194 402 1285 toptoolea
436 1198 571 1266 uudeoia
611 1201 770 1283 συντυχόν
814 1201 953 1286 positum
994 1219 1063 1266 esse
1104 1199 1232 1268 videtur
1266 1219 1325 1289 pro

151 1298 250 1379 ίμίνς
268 1302 311 1371 σοί
330 1304 457 1387 τυχοίν,
483 1313 519 1372 ut
539 1325 653 1371 sensus
676 1305 720 1371 sit
747 1305 800 1370 κοί
827 1306 893 1386 περί
918 1306 975 1383 ἐμὲ
998 1307 1024 1371 οί
1045 1307 1202 1389 Ἀτρεῖδονν
1230 1306 1283 1373 κοί
1307 1306 1323 1373 ό

175 1404 302 1483 ’θδνσσεδς
325 1406 431 1491 ἄνδρες
451 1410 539 1477 κοινοί
563 1410 713 1490 toloneo.
762 1409 904 1496 Simplex
932 1409 1084 1491 τυχόντες
1108 1412 1222 1477 vitiose
1242 1411 1321 1499 legl-

176 1514 214 1581 ΙΙ
229 1512 257 1579 iu
275 1512 378 1601 lphip.
400 1514 498 1582 l'uur.
521 1517 598 1582 em.

314 1625 379 1693 τῶς
398 1620 424 1685 δ’
447 1618 540 1686 είδετ’
562 1621 675 1693 αὐτοὺς
698 1619 750 1685 καί
776 1617 929 1700 τυχόντες
958 1616 1077 1697 είλετε;

175 1736 254 1789 tutu
273 1730 433 1790 monstrat
455 1742 569 1791 versus
591 1726 624 1790 in
648 1722 769 1789 Heleno
791 1728 889 1791 lull.

314 1826 431 1895 noorai
452 1831 510 1911 σφ’
532 1831 653 1917 όνείλον
678 1828 882 1909 ἐντυχόντες,
908 1833 947 1904 ὡς
971 1830 1070 1908 λέγει.

173 1946 215 2015 {tlt
229 1932 338 2001 lutllclo
361 1931 497 2019 legerim
520 1934 731 2015 κάντυχόντες
755 1931 878 2009 είλετες
904 1932 959 2000 sed
994 1936 1025 1999 in
1056 1932 1193 2000 Helenae
1226 1952 1321 2000 versu

172 2034 290 2105 telone
307 2036 463 2105 tuendum
487 2046 634 2125 superest
667 2040 700 2105 in
732 2041 863 2105 ἀνεῖλον.
911 2038 1066 2105 Dicebant
1090 2057 1201 2105 omnes
1230 2038 1262 2103 in
1283 2058 1322 2104 ea

172 2144 366 2219 nienhem,
387 2142 473 2229 quod
497 2144 701 2210 notissimum
724 2150 773 2208 est
795 2143 842 2209 uel
868 2163 907 2210 ex
927 2141 1037 2210 ‹leoem
1060 2142 1248 2209 Proetorum
1274 2142 1320 2208 iu·

171 2238 243 2327 leh,
263 2249 318 2335 qui
340 2248 459 2335 eapitis
479 2247 623 2315 damnali
649 2255 741 2325 sunl,
766 2246 811 2315 ότν
837 2253 889 2316 οὐκ
913 2248 1068 2314 ἀνείλοντο
1099 2247 1170 2322 τοὺς
1198 2249 1319 2327 σίρίςους

171 2348 284 2435 bledo
303 2354 449 2436 πατρίδος
472 2353 654 2433 γενομένους
689 2351 774 2438 apud
808 2353 1049 2440 Xenophontem
1086 2354 1118 2417 in
1152 2351 1272 2420 llelleo.
1294 2350 1318 2418 Ι.

171 2470 206 2523 tu
223 2463 268 2527 li.
291 2466 326 2527 et
352 2458 483 2545 passim.
532 2457 578 2524 Ne
598 2456 712 2523 eredas
736 2457 883 2543 'tragicis
906 2458 966 2524 alia
991 2458 1116 2545 placere
1140 2478 1237 2544 queam
1265 2478 1318 2545 po·

170 2558 221 2645 tulo
234 2564 353 2653 iuopioo
376 2561 484 2631 Helen.
509 2582 555 2628 vs.
580 2566 677 2628 1615.

312 2670 368 2747 ἤδη
391 2669 424 2735 δὲ
444 2666 586 2747 κάμνονθ’
609 2668 717 2748 ίρμνόνν
740 2668 844 2733 τείνων
868 2666 909 2745 μέ
935 2692 981 2741 τις

312 2776 467 2851 ἀνείλετ’,
492 2775 523 2848 ἐς
544 2775 576 2839 ll
597 2782 696 2851 μορίοιν
717 2771 848 2852 ἐξέβησέ
872 2796 918 2839 σον

312 2884 406 2945 ταῦτ’
429 2880 644 2957 emmaum.

196 2980 224 3049 lu
246 3002 289 3051 oe.
314 2986 412 3052 tuot.

310 3086 478 3155 ἐκάλεσεν·
502 3085 524 3155 ὦ
549 3087 718 3171 τέρσοντες
740 3088 833 3154 Ἰλίου
855 3086 956 3154 σόλον.

165 3200 319 3281 tupotest
336 3194 486 3260 ἐκσίλεσεν
516 3193 613 3259 scribi
640 3214 696 3279 pro
724 3194 868 3273 ἐβόησεν,
897 3199 933 3256 ut
964 3192 1085 3277 opinor.
1118 3191 1318 3261 eorrexertm

162 3294 312 3375 Ηλενοεν.
345 3306 530 3384 eomparalo
559 3316 603 3363 tt.
631 3301 726 3364 1569.
758 3300 784 3363 οἱ
812 3299 838 3363 δ’
869 3299 912 3369 είς
941 3296 1090 3377 κέλευσμ’
1122 3298 1260 3372 ε’λόίντες
1285 3307 1317 3364 el

162 3402 226 3473 ttto
244 3412 276 3473 el
301 3406 398 3471 tuot.

122 3532 125 3573 ι
187 3508 263 3591 Quae
293 3506 398 3575 formet
432 3514 522 3573 reete
556 3527 601 3574 vs·
630 3509 724 3572 1567.
761 3505 881 3591 legitur
912 3508 955 3581 είς
990 3510 1106 3590 τρῷρσνν
1139 3508 1316 3588 ἐμβαλεῖτε

153 3618 284 3683 attho.
308 3614 353 3687 είς
373 3614 492 3696 τρῷρσν
516 3610 639 3695 είρτεν,
663 3612 695 3676 in
728 3631 797 3677 oum
823 3610 964 3698 undique
995 3612 1213 3699 expellendam
1238 3614 1316 3680 sori·

149 3714 196 3787 he
220 3738 331 3787 omnes
354 3716 421 3785 lere
455 3719 702 3804 conspirarunt,
740 3716 857 3802 quihus
893 3716 1033 3784 solemne
1064 3727 1113 3784 ost
1148 3720 1250 3801 τροίρσ
1284 3726 1316 3784 et

145 3824 218 3915 'pull
245 3822 443 3893 Herodotum
477 3824 575 3903 τρνίρη
608 3821 767 3897 scrihere,
801 3820 899 3885 veluti
919 3821 945 3888 l.
975 3826 1049 3887 194.
1079 3824 1193 3904 τρώρνν
1221 3823 1316 3889 συνοί·

140 3954 257 4012 σοντες,
280 3928 368 4017 quod
388 3947 451 3993 non
472 3928 581 3994 minus
603 3935 652 3993 est
672 3928 824 3992 vitiosum
846 3946 942 4011 quam
963 3929 1036 4006 μίν,
1059 3927 1154 4006 μίσυ,
1181 3929 1315 4011 σφοίρν,

136 4038 219 4121 nipe
242 4038 317 4103 eim.
364 4032 402 4101 ln
430 4031 547 4119 quibus
571 4032 769 4121 paenultima
800 4029 1034 4117 diphthongum
1063 4031 1179 4110 hahet,
1213 4033 1245 4098 in
1275 4032 1315 4097 iis

131 4142 373 4229 ueorrlpllur,
398 4146 435 4205 ul
458 4139 492 4204 in
513 4144 655 4221 σφονῖροσ,
682 4148 792 4220 πεῖρον,
817 4145 930 4220 μοίροι,
956 4136 1078 4220 ἄρουρα.
1124 4138 1213 4219 Alpa
1238 4135 1316 4203 olim

125 4246 289 4319 tonitam
310 4245 454 4314 litteram
475 4243 603 4311 uidetur
626 4242 785 4309 hahuisse.
822 4243 929 4324 Quuui
952 4250 1077 4309 constet
1101 4244 1134 4309 in
1152 4252 1316 4309 ΠΡΩΙΡΑ

124 4354 203 4428 olim
232 4350 373 4421 eluisse
410 4370 450 4417 ex
479 4350 621 4441 Etymol.
654 4350 696 4418 ll.
732 4369 763 4436 p.
787 4352 869 4429 692,
894 4352 948 4415 uit.
984 4350 1132 4435 sequitur
1167 4347 1316 4418 ultimam

1034 4456 1090 4499 te*
