2940 5010
712 296 774 360 577

144 470 335 553 καλεσάμην
356 470 558 553 σπουδάζειν,
581 470 637 536 sed
671 469 747 557 quid
770 487 881 535 rerum
905 470 948 533 sit
981 488 1042 533 uon
1068 469 1202 556 reperio.
1250 471 1331 539 lted·

145 574 292 645 dendum
323 583 373 643 est
404 574 664 659 προύκαλεσάμην
696 574 843 663 Lycurgo
877 575 909 639 in
934 574 1104 640 Leocratea
1141 580 1236 664 5⁶28.
1273 599 1331 665 pro

143 681 418 765 παρεκαλεσάμην
446 684 478 748 in
507 680 629 747 verbis:
657 679 923 763 παρεκαλεσάμην
945 680 1009 759 γάρ
1030 681 1143 755 αὐτοὺς
1166 682 1331 764 πρόκλησιν

146 786 226 871 εἰπόρ
246 786 363 854 τούτων
394 786 540 854 άπάντιον
568 784 709 867 γράψας.
756 786 879 852 Vitiose
909 787 1147 868 προσκαλεῖσθαι
1172 789 1331 874 seriptum

145 898 200 959 ent
221 890 307 979 apud
332 890 494 959 Platonem
517 890 555 957 de
577 891 716 977 Legibus
735 891 788 957 Xl.
814 913 845 978 p.
868 895 934 958 956
957 891 994 957 E.
1029 890 1083 957 έάυ
1107 916 1154 966 τις
1184 894 1257 959 ἑκὼν
1285 897 1330 974 μη

144 996 223 1083 diua
253 1006 419 1079 μαρτυρεῖν
451 998 692 1079 προσκαλεῖσθαι
732 1000 783 1062 τόν
821 996 981 1077 δεόμενον,
1018 999 1032 1061 ό
1066 997 1098 1062 δὲ
1133 1001 1331 1078 προσκληθεὶς

143 1104 326 1171 brandea
348 1105 421 1185 πρὸς
445 1106 501 1179 την
523 1103 629 1180 δίκην,
651 1122 781 1169 necesse
801 1110 850 1168 est
866 1103 951 1168 enim
975 1110 1010 1168 ut
1029 1103 1195 1168 testimonii
1216 1103 1331 1170 deuou-

145 1208 242 1277 datia
268 1208 388 1277 Graece
411 1207 599 1290 arginusam,
634 1227 694 1273 uon
723 1207 932 1288 πρόσκλησις,
967 1206 1095 1274 dicatur
1118 1216 1150 1273 el
1178 1208 1223 1274 ita
1247 1229 1332 1276 osso·

143 1312 216 1393 tet,
237 1312 445 1401 quamohrem
466 1316 685 1395 προκαλεῖσθαι
709 1321 741 1381 et
771 1312 949 1394 προκληόεές
972 1312 1226 1379 rescribendum.

194 1418 301 1487 Locus
332 1418 573 1506 Xenophontis,
603 1438 698 1505 qoem
723 1418 817 1484 modo
844 1418 978 1506 apposui
1001 1417 1068 1483 Vll.
1093 1439 1134 1483 iv.
1159 1422 1212 1485 58.
1244 1416 1289 1486 ότι
1313 1421 1333 1497 ἠ

143 1532 211 1593 πᾶν
237 1526 416 1594 Μαντινέων
446 1524 537 1598 πόλις
561 1525 701 1607 ἐγγυῷτο
726 1520 744 1597 ἦ
766 1526 827 1604 μην
852 1522 993 1605 παρέξειν
1021 1526 1065 1597 εἷς
1088 1525 1123 1589 τό
1147 1527 1240 1590 κοινόν
1263 1526 1333 1592 όπό·

144 1654 224 1705 τους
241 1654 290 1705 τις
312 1638 516 1713 προσκαλοῖτο
538 1629 690 1697 admonet
712 1650 763 1697 me
786 1630 925 1707 erroriS‚
958 1648 1052 1715 qoem
1077 1629 1153 1695 olim
1183 1631 1215 1695 ln
1238 1630 1334 1719 Lysia

145 1736 300 1803 commisi
323 1745 356 1804 et
379 1755 465 1802 nune
498 1755 532 1802 re
561 1736 677 1802 melios
707 1744 873 1823 perspecta
904 1736 972 1821 ipse
1002 1734 1205 1820 redarguam.
1252 1736 1333 1804 Ede·
1416 1736 1424 1754 '

144 1840 250 1909 lentur
278 1841 310 1907 in
335 1837 423 1908 orat.
445 1840 528 1907 Xlll.
554 1846 606 1907 23.
637 1839 728 1920 ἄγειν
757 1843 815 1919 μὲν
839 1840 890 1906 τόν
918 1840 1090 1922 ’Λγόρατον
1124 1844 1177 1907 οὐκ
1208 1839 1333 1924 ἔφασαν

145 1948 352 2031 προήσεσθαι,
374 1948 546 2031 άΦηροῦντο
565 1948 597 2013 δὲ
618 1946 671 2012 καὶ
693 1948 853 2026 ἠγγυῶντο
875 1943 927 2010 καὶ
948 1946 1124 2025 ὡμολόγουν
1146 1945 1334 2027 παρέξειν

142 2054 194 2129 εῖν,-
217 2054 273 2129 riv
293 2053 434 2134 βουλήν,
461 2052 514 2117 uhi
542 2050 692 2134 παράξειν
715 2050 930 2117 rescriheham
956 2048 1108 2116 inductus
1131 2051 1164 2116 in
1189 2072 1332 2119 errorem

138 2162 192 2247 §5
211 2162 257 2225 32
279 2167 313 2226 et
335 2163 389 2223 hh.
415 2156 470 2222 uhi
499 2156 636 2242 legitur:
661 2157 854 2238 παράγουσιν
884 2158 926 2228 εἷς
949 2158 1001 2221 τόν
1021 2156 1115 2235 δῆμον
1138 2165 1171 2221 et
1195 2158 1333 2238 παράγει

146 2264 248 2331 αὐτόν
268 2264 312 2336 εἰς
335 2261 387 2328 τόν
406 2262 501 2339 δῆμον
525 2262 699 2349 multisque
728 2261 802 2328 aliis
830 2260 930 2339 loeis,
953 2260 1072 2348 quihus
1099 2262 1271 2346 producere
1293 2265 1336 2328 ad

140 2368 300 2459 populum
332 2375 390 2433 aut
412 2366 454 2431 nd
484 2366 630 2433 Senatum
655 2367 820 2454 legatum,
854 2367 1032 2443 nuncium,
1068 2366 1225 2443 indicem,
1259 2371 1332 2435 situ.

146 2472 308 2557 παράγειν
319 2470 441 2537 dieitur
459 2473 504 2544 εἷς
524 2472 576 2538 τόν
595 2474 708 2552 δῆμον,
731 2474 786 2548 την
805 2473 923 2553 βουλήν
943 2480 1004 2538 eet.
1029 2471 1090 2538 Sed
1109 2494 1179 2540 sero
1192 2474 1333 2541 intellexi

144 2576 258 2647 locum
280 2596 351 2645 ease
383 2577 630 2663 integerrimum
653 2596 767 2663 meque
787 2577 912 2643 diversa
940 2576 1131 2645 confudisse.
1178 2581 1333 2663 Παρέχειυ

144 2682 224 2753 τινά
241 2682 285 2757 alc
311 2685 364 2749 τὸν
388 2682 505 2762 δῆμον,
528 2685 572 2755 εἰς
590 2685 646 2757 την
668 2683 803 2763 βουλήν,
826 2686 870 2758 εἷς
893 2684 928 2749 τό
949 2684 1062 2758 κοινόν,
1085 2686 1128 2759 εἷς
1150 2686 1267 2767 κρίσιν,
1290 2690 1334 2761 εἰς

144 2786 270 2871 δγοράν
302 2786 423 2855 dicitur
453 2787 493 2854 de
523 2808 598 2865 reo,
630 2789 686 2875 qui
719 2786 758 2854 ad
788 2808 918 2854 eausam
948 2786 1116 2856 dicendam
1150 2791 1181 2855 in
1214 2791 1335 2858 iudicio

145 2892 303 2973 sistitur,
333 2894 402 2960 siue
431 2894 470 2959 ad
502 2891 677 2981 populum,
708 2894 776 2959 sive
798 2894 830 2958 in
852 2894 964 2970 curia,
999 2894 1068 2960 sive
1097 2894 1181 2980 apud
1211 2896 1334 2964 iudices

145 3016 204 3067 res
229 3004 289 3065 eet.
336 2996 496 3083 Ageratos
514 3018 553 3064 ex
573 2998 648 3065 Seto
669 2996 891 3084 prehenditur.
939 2998 1175 3084 Superveniunt
1199 3002 1256 3087 qui
1280 3001 1335 3067 ho-

146 3102 273 3171 minem
301 3102 440 3189 eripiant
471 3101 712 3190 spondeantque
736 3122 867 3169 seeum
897 3103 929 3167 in
962 3104 1052 3167 coria
1085 3104 1241 3170 stitutus:
1277 3107 1334 3172 ita·

145 3228 217 3297 qim
245 3210 407 3287 ἠγγυῶντο
437 3208 627 3291 παρέξειν
657 3211 701 3282 εἷς
729 3212 785 3285 την
818 3209 952 3287 βουλάν,
977 3215 1014 3272 ut
1035 3207 1120 3294 aputl
1145 3209 1334 3297 Xenophon·

147 3320 219 3381 ΙσΙ
242 3314 385 3395 ἐγγυῷτο
408 3309 428 3389 ἦ
449 3316 512 3394 μην
542 3313 735 3397 παρέξειν
766 3314 809 3387 εἰς
841 3314 877 3378 τὸ
908 3312 1013 3379 κοινόν.
1060 3312 1165 3380 Pauca
1190 3316 1335 3404 exempla

145 3424 259 3487 eattae
290 3417 365 3486 lidei
398 3418 569 3488 sufficient.
617 3420 653 3486 lu
687 3419 906 3506 Psephismate
941 3417 1026 3506 apud
1058 3416 1266 3489 Plutarchum
1299 3425 1333 3491 iu

147 3524 219 3591 vila
239 3523 448 3612 Antiphontis
480 3547 510 3613 p.
534 3532 599 3594 835
623 3528 660 3593 E.
693 3525 834 3612 legitur:
865 3524 1147 3607 παρασχόντων
1173 3527 1200 3594 δ’
1220 3532 1333 3605 αὐτοὺς

145 3632 175 3697 al
200 3630 350 3713 τρατιιγοὶ
381 3632 434 3697 καὶ
459 3634 494 3697 ἐκ
522 3641 578 3708 τοῖς
600 3634 716 3713 βουλῆς
748 3630 868 3706 οὔτινας
897 3629 936 3696 άν
962 3631 1033 3714 δοκῇ
1060 3640 1123 3706 τοῖς
1155 3645 1334 3716 ςρατηγοῖς.

145 3733 321 3805 Aeschinis
352 3735 392 3803 de
422 3736 458 3803 F.
482 3736 516 3802 L.
549 3744 665 3825 §117.
701 3738 761 3813 τάς
792 3739 823 3803 δὲ
855 3737 961 3809 πόλεις
993 3739 1258 3821 παρεχούσας
1290 3743 1334 3815 εἷς

146 3840 248 3923 κρότια
279 3842 351 3915 τοὺς
381 3844 591 3920 άδικιὶσαντας
626 3844 774 3925 άζημίουι
809 3839 898 3910 εἶναι.
947 3842 1017 3929 lpse
1052 3842 1167 3929 Lysias
1196 3843 1335 3932 denique

145 3944 220 4015 lone
242 3945 409 4013 simillimo
427 3948 461 4013 in
483 3946 572 4014 Orat.
596 3948 710 4015 XXlll.
735 3953 767 4015 9.
791 3945 877 4015 εἶπόν
898 3972 978 4022 τινες
1001 3944 1046 4012 ότι
1071 3945 1116 4021 εόη
1136 3950 1221 4031 αὐτῷ
1241 3952 1334 4016 uidet·

143 4052 210 4137 φορ
231 4046 265 4125 ός
284 4048 471 4134 ἐξαιρήσοιτο
495 4056 588 4120 αὐτόν
611 4057 654 4129 εἷς
678 4056 859 4137 ε’λευόερίαν.
893 4053 944 4119 ε’πὶ
966 4052 1083 4124 τούτοις
1104 4053 1335 4137 ἐγγυησάμενοι

145 4152 333 4239 παρέξειν
356 4158 400 4232 εἷς
417 4159 535 4239 άγοράν
555 4158 670 4243 ᾤχοντο
689 4161 845 4235 άπιόντες.
876 4157 1037 4240 Παράγειν
1056 4166 1163 4224 aulem
1189 4159 1229 4226 de
1248 4160 1335 4247 lego·

144 4262 193 4331 tie
225 4261 362 4350 aliisque
397 4262 537 4343 dieitur,
574 4266 630 4353 qui
667 4266 699 4331 in
730 4266 883 4332 concione
912 4265 1127 4352 producuntur
1162 4264 1202 4330 nd
1236 4286 1334 4353 popu·

145 4366 229 4435 lum.
276 4368 452 4455 Aguratum
487 4362 587 4458 igitir
611 4392 711 4459 quum
745 4371 900 4439 indicium
930 4370 1092 4459 protessus
1125 4378 1208 4439 esset
1239 4374 1336 4455 παρη·
