2940 5010
714 278 776 339 755

151 443 256 514 redde
279 448 453 516 articulum
481 447 610 516 Nicolao
632 447 829 515 Damascene
859 448 943 536 apud
975 451 1062 518 Stob.
1087 452 1172 520 utor.
1192 461 1255 534 tt,
1280 465 1341 539 402

150 557 217 637 πῦρ
247 556 310 621 άπὸ
341 562 395 621 τοῦ
422 558 520 636 βυροῦ
545 593 590 604 -—
613 554 820 632 ἐναυσάμενος
848 555 888 642 (d)
911 557 1062 640 πυρφόρος
1082 561 1251 642 λεγόμενος
1270 568 1340 632 σύμ.

151 680 203 729 eet
227 662 271 742 τῷ
293 661 427 739 βασιλεῖ
447 661 584 740 άσβεςον
608 663 685 726 αὐτὸ
708 668 812 741 τηρῶν.

212 763 318 831 Foeda
347 767 528 853 corruptela
559 766 757 850 conspicitur
788 768 819 830 iu
856 769 879 851 §.
901 772 931 832 l.
966 768 1088 850 πάρεισι
1122 773 1153 838 δὲ
1188 776 1254 857 περὶ
1285 778 1340 853 την

149 870 261 937 dorico
279 873 493 954 πολέμαρχοι,
510 874 650 954 λοχαγοί
658 921 666 947 ,
690 882 931 950 πεντηκοςάρες,
954 872 1068 949 ξέναν
1093 881 1340 963 ςρατῖαρχοι,

149 981 269 1057 σριτοῦ
293 984 506 1058 σκευοφορικοῖι
537 976 686 1058 άρχοντες
709 977 762 1042 καὶ
786 981 844 1041 τῶν
866 979 929 1043 άπὸ
952 987 1010 1044 τῶν
1034 982 1151 1048 πάλεοιν
1173 986 1203 1049 δὲ
1227 1011 1340 1067 ςρατη·

147 1087 217 1161 γῶν
241 1083 256 1147 l
278 1082 484 1162 βουλόμενος,
517 1083 592 1168 quid
623 1084 709 1147 euim
743 1084 854 1147 multis
889 1084 995 1149 verbis
1025 1107 1105 1171 opus
1138 1099 1184 1153 est
1218 1091 1258 1155 ad
1288 1092 1341 1158 de-

148 1189 399 1255 monstrandum
423 1189 513 1264 ξένιον
535 1189 718 1269 ςρατίαρχοι
746 1187 789 1252 1111
812 1190 874 1252 uisi
898 1191 1076 1256 scribarum
1107 1191 1267 1278 llagilium
1291 1218 1339 1264 es·

149 1310 206 1360 ee:
229 1301 262 1359 et
286 1312 338 1360 res
362 1304 394 1360 et
419 1315 534 1359 nomen
565 1296 753 1375 ςρατῖαρχος
778 1292 923 1358 fraudem
951 1296 1030 1360 satis
1061 1308 1213 1379 arguunt.
1261 1303 1338 1370 Mihi

113 1380 116 1385 ¹
148 1397 234 1465 nillil
258 1398 347 1464 aliud
369 1401 401 1463 in
424 1401 475 1465 his
499 1400 598 1466 latere
620 1398 749 1464 videtur
768 1418 865 1484 quam
884 1409 1229 1485 ΕΝΩΜΟΤΑΡΧΛΙ,
1254 1410 1338 1494 quod

145 1520 253 1592 quum
277 1507 307 1570 in
334 1505 414 1571 libro
434 1514 561 1572 vetusto
585 1505 749 1569 nonsatis
773 1506 940 1589 perspicue
963 1518 1131 1592 appareret
1152 1509 1243 1586 ξένον
1267 1540 1338 1596 ςρα·

145 1610 274 1694 τῖιιρχοι
292 1612 372 1677 nati
404 1620 490 1676 sunt.
538 1610 659 1676 Deinde
694 1610 804 1692 ςρατὸς
837 1613 1049 1692 σκευοφορικός
1081 1617 1240 1699 quomodo
1272 1620 1337 1687 dici

146 1718 252 1805 possit
283 1737 343 1782 non
380 1725 519 1803 exputo,
550 1718 585 1782 τὸ
618 1715 831 1798 σκευοφορικέν
861 1717 1042 1783 rectissime
1072 1718 1136 1784 dici
1170 1723 1335 1810 intelligo,

147 1812 360 1908 Quamobrem
395 1824 442 1887 sic
473 1821 579 1887 locum
604 1821 850 1886 constituerim:
874 1821 996 1902 πάρεισι
1028 1824 1059 1888 δέ
1083 1863 1127 1874 -
1151 1839 1337 1904 πεντηκοςῆ-

114 1930 118 1935 ’
146 1950 220 2010 ρος,
242 1928 530 2010 ένοιμοτάρχαι,
556 1931 587 1993 ol
612 1933 675 1992 τοῦ
702 1933 917 2007 σκευοφορικοῦ
946 1927 1096 2010 άρχοντες
1122 1934 1188 1996 κτέ.

195 2032 298 2114 Quam
320 2035 385 2098 sint
410 2033 488 2098 haec
514 2033 627 2098 mutila
651 2041 682 2098 et
708 2032 811 2098 lacera
835 2032 970 2116 intelligi
1000 2043 1103 2119 potest
1127 2055 1164 2101 ex
1191 2038 1277 2106 Xlll.
1305 2048 1336 2109 ὅ.

144 2139 162 2205 d
192 2139 347 2219 βασιλεὺς
378 2139 596 2220 προσκαλέσας
630 2137 753 2210 πάντας
777 2138 1000 2219 παραγγέλλει
1030 2142 1074 2204 τά
1104 2144 1243 2217 ποιητέα.
1276 2143 1334 2216 άςε

144 2248 218 2328 δρῶν
241 2251 348 2311 ταῦτα
381 2247 512 2322 ἡγήσαιο
537 2243 575 2309 άν
599 2281 642 2293 --
665 2245 926 2320 Λακεδαιμονίους
959 2245 1067 2322 μόνους
1090 2243 1167 2314 εἶναι
1199 2253 1241 2332 τῷ
1273 2253 1335 2320 ὄντι

144 2351 301 2433 τεχνίτας
323 2357 382 2414 τῶν
407 2357 590 2430 πολεμικῶν.
640 2349 723 2430 Quid
748 2359 818 2424 est,
844 2369 983 2434 quaeso,
1009 2350 1093 2435 quutl
1127 2363 1249 2420 tantam
1276 2358 1335 2425 lle·

146 2453 304 2540 nophonti
329 2456 465 2521 moverit
489 2453 761 2520 admirationem?
811 2454 879 2534 Quo
904 2452 1044 2519 refertur
1069 2457 1138 2538 δρῶν
1173 2463 1334 2529 reiro?

144 2557 269 2645 llempe
288 2559 328 2626 ad
349 2580 407 2637 ea,
432 2580 514 2646 quae
538 2559 613 2624 olim
639 2559 893 2632 interciderunt,
919 2560 979 2623 nisi
1004 2559 1086 2628 lorte
1109 2574 1204 2649 putas
1230 2568 1334 2633 Xeno·

143 2662 297 2753 phouteut
333 2667 364 2730 in
390 2666 637 2731 admirationem
669 2674 799 2749 raptum
829 2661 908 2729 άτιό
932 2665 1085 2742 βασιλεὺς
1115 2674 1333 2751 προσκαλέσας

142 2769 270 2843 πάντας
293 2772 516 2852 παραγγέλλει
540 2773 584 2836 τά
605 2771 744 2844 ποιητέα.
793 2769 884 2849 Quod
909 2790 946 2834 ex
971 2770 1062 2837 libris
1090 2775 1255 2842 intercidit
1280 2800 1331 2844 sa·

144 2876 189 2943 tls
212 2876 379 2942 commode
404 2875 545 2962 suppleri
577 2883 681 2961 potest
711 2895 750 2939 ex
782 2874 983 2961 Thucydidis
1016 2889 1090 2942 noto
1121 2879 1189 2947 loco
1214 2883 1250 2948 V.
1277 2892 1330 2953 66.

143 2981 231 3050 uude
253 2979 358 3048 obiter
380 2984 496 3047 uitium
522 2982 643 3046 exime:
668 2981 720 3044 καῖ
745 2983 778 3045 αῖ
803 2981 1064 3060 παραγγέλσεις,
1089 2983 1217 3069 iuquit,
1241 2995 1275 3067 ἤν
1299 3018 1329 3058 τι

140 3088 319 3169 βούλωνται
343 3088 428 3153 κατά
451 3086 495 3151 τά
518 3087 604 3151 αὐτά
627 3090 759 3166 χωροῦσι
792 3087 844 3149 καῖ
874 3095 1005 3166 ταχεῖαι
1035 3089 1231 3171 ἐπέρχονται.
1279 3096 1329 3162 ln·

142 3192 304 3279 telligisne
328 3192 405 3281 quid
431 3193 471 3256 sit
500 3193 530 3254 in
556 3191 611 3256 tali
645 3211 679 3254 rc
706 3189 850 3255 ἑπιέναιῖ
887 3189 953 3254 Non
986 3194 1108 3278 opinor.
1156 3196 1329 3284 Corrigen-

140 3296 219 3366 dum
244 3307 292 3364 esl
316 3309 448 3381 ταχεῖαι
473 3298 782 3378 περιέρχονται.
832 3296 907 3360 Post
939 3316 1039 3382 pauca
1066 3301 1096 3364 iu
1123 3303 1194 3386 §8.
1221 3308 1326 3376 simile

140 3403 315 3472 uerborum
339 3411 371 3469 et
395 3405 575 3468 sententiae
598 3403 734 3467 exitium
760 3411 910 3487 apparet:
947 3402 1021 3467 »ulii
1043 3404 1076 3468 ιἰι
1100 3405 1234 3475 hortium
1257 3435 1327 3478 οοιι-

138 3521 279 3599 spectum
310 3520 435 3574 ventum
475 3519 538 3585 est,
572 3510 695 3595 inquit,
728 3510 867 3591 χίμαιρα
897 3509 1117 3592 σφαγιάζεται
1150 3517 1258 3582 αὐλεῖν
1291 3545 1327 3586 τε

138 3615 266 3690 πάντας
289 3617 360 3688 τοὺς
383 3615 540 3696 παρέντας
569 3616 712 3689 αὐλητάς
734 3614 823 3690 νόμος
848 3614 900 3678 καὶ
924 3615 1042 3693 μηδένα
1076 3620 1329 3699 Λακεδαιμονίων

138 3721 343 3805 άςεφάνυτον
360 3718 454 3786 εἶναι·
480 3721 532 3785 καὶ
553 3718 638 3786 άπλα
659 3722 690 3786 δὲ
710 3719 944 3800 λαμπρύνεσέαι
963 3725 1216 3802 προαγορεύεται.
1241 3729 1326 3797 llaec

139 3828 249 3894 omnia
284 3835 371 3892 recte
404 3834 436 3891 et
472 3825 584 3891 ordine
619 3826 820 3911 procedunt,
856 3824 911 3889 sed
935 3825 1008 3890 vide
1041 3828 1117 3912 quid
1151 3844 1326 3917 sequatur:

138 3931 222 4009 ἔξεο-ι
245 3933 276 3998 δέ
300 3934 342 4015 τῷ
375 3932 428 4013 νέῳ
452 3932 504 3997 καὶ
538 3931 701 4012 κεκριμένοι
734 3933 776 4003 εἰς
804 3930 916 4012 μάχην
950 3932 1080 3997 συνιέναι
1113 3935 1165 3999 καὶ
1197 3943 1326 4022 φαιδρὸν

138 4035 217 4107 εἶναι
253 4037 304 4103 καὶ
341 4038 508 4117 εὐδόκιμον.
565 4036 647 4117 Quid
673 4036 733 4101 sibi
768 4035 833 4100 vult
859 4038 873 4100 ὁ
898 4036 960 4109 νέος
989 4038 1041 4101 καῖ
1076 4043 1249 4121 κεκριμένος
1281 4050 1325 4121 εἷς

137 4143 253 4227 μάχην
278 4143 436 4210 συνιέναιῖ
484 4141 641 4209 Omnibus
664 4142 750 4206 enim
782 4141 991 4226 pugnandum
1025 4150 1083 4209 est.
1131 4146 1215 4227 Quid
1243 4149 1326 4227 έξεςι

135 4252 266 4336 φαιδρὸν
289 4246 392 4315 cloes?
418 4248 501 4316 Num
525 4269 579 4316 eos
597 4247 677 4314 alias
697 4246 923 4330 σκυθρωπάζειν
943 4257 1071 4315 coactos
1096 4253 1214 4337 putas?
1239 4255 1322 4337 Quid
