2940 5010
699 293 763 357 724

148 469 236 554 piros
264 465 400 532 subinde
423 467 566 532 occurrit
588 474 620 531 ct
650 467 684 531 in
706 465 832 532 Solonis
855 466 1034 533 versiculo:
1058 466 1175 535 crebro
1198 488 1256 539 usu
1278 478 1315 539 to·

146 573 260 640 rebant
289 573 387 639 bores
417 579 448 637 ct
470 570 640 658 Spartani,
664 589 683 635 a
713 570 831 656 quibus
859 580 1029 637 mutuatus
1053 582 1105 639 est
1134 573 1316 663 Xenophon,
1357 632 1360 673 ἱ

146 680 201 764 qui
222 698 314 764 saepto
339 678 454 743 utitur.
502 677 663 760 Agnosces
687 677 788 761 igitur
814 676 1035 764 Xenophontis
1058 698 1194 747 monum
1214 680 1266 748 vt.
1284 688 1317 749 b:

147 784 233 857 ἔθηκε
255 783 326 855 ποὺς
346 784 403 861 μὲν
434 783 699 861 πεπαμένους
726 784 952 858 καταλείπειν,
976 802 1051 849 nam
1077 794 1210 871 praeiet·
1226 785 1318 853 Xeno·
1358 856 1360 871 ¹

145 887 295 974 phoutem
330 906 423 952 nemo
457 906 610 974 umquam
645 888 677 951 iu
711 885 814 951 soluta
848 887 992 953 oratione
1027 887 1074 953 sic
1107 888 1239 957 locutus
1267 900 1318 959 ost.
1358 880 1360 975 ἰ

145 995 290 1077 Agnosco
313 1000 345 1057 et
368 991 587 1077 Xenophontis
611 991 776 1076 ingenium
801 990 854 1056 ubi
876 1010 913 1057 ea
935 991 1091 1059 describit
1111 1014 1198 1081 quae
1217 994 1321 1063 uiderit
1357 986 1360 1067 i

144 1100 233 1183 ipsc,
257 1118 318 1164 non
344 1097 384 1163 ab
403 1096 476 1162 aliis
500 1095 595 1162 sando
619 1097 797 1182 acceperit:
823 1098 1012 1182 praesertim
1036 1097 1092 1164 ubi
1117 1099 1157 1165 ad
1183 1120 1252 1169 rem
1271 1102 1320 1169 mi·
1357 1092 1360 1161 !

142 1202 270 1269 litarem
292 1202 503 1268 enarrandam
535 1203 673 1268 accessit
702 1222 772 1288 cap.
795 1200 837 1269 Xb
861 1223 930 1289 sqq.
955 1203 1131 1290 inquibus
1154 1224 1220 1271 uon
1244 1217 1320 1294 potos
1357 1168 1360 1269 i

143 1327 207 1373 nnn
231 1309 351 1374 sentire
372 1305 534 1373 ocutatum
558 1306 644 1373 huuc
666 1316 780 1373 testem
802 1327 873 1373 esse
896 1315 929 1374 et
949 1306 1006 1375 diu
1031 1328 1070 1375 ac
1095 1309 1238 1377 muitum
1261 1330 1319 1379 rer·
1358 1334 1360 1393 j

142 1421 248 1478 satum
270 1414 302 1476 in
325 1411 555 1498 Spartanorum
579 1412 696 1477 castris
718 1413 803 1493 etin
830 1412 958 1497 agmine
982 1421 1014 1479 ct
1039 1414 1071 1478 in
1098 1414 1232 1500 proelio.
1260 1416 1318 1485 ru

140 1518 227 1584 lucet
259 1520 306 1583 roi
335 1517 487 1582 mititaris
517 1516 663 1582 studium
696 1528 728 1584 et
767 1519 881 1603 puritia
911 1516 1109 1603 singularis,
1142 1530 1177 1587 et
1207 1522 1240 1588 in
1266 1520 1318 1591 hoc

140 1632 231 1710 parte
252 1624 358 1709 operis
381 1642 414 1688 se
438 1622 562 1687 diutius
586 1623 753 1688 immorari
775 1622 886 1687 scribit
910 1621 979 1688 Xll.
1006 1628 1036 1689 7.
1069 1623 1217 1693 l'siiucet
1238 1626 1318 1694 deni·

140 1746 202 1813 qoe
221 1727 368 1793 amabitis
391 1725 444 1792 itta
462 1735 495 1792 et
512 1727 740 1793 candidissima
764 1726 983 1813 Xenophontis
1005 1729 1110 1814 pietas
1130 1750 1211 1817 erga
1230 1732 1318 1801 beu.

139 1852 220 1918 quae
252 1834 284 1897 in
310 1832 443 1897 militari
468 1833 536 1897 viro
564 1831 657 1898 facile
686 1835 718 1897 iu
745 1833 1007 1918 superstitionem
1033 1834 1209 1919 quamdam
1238 1857 1316 1905 exre·

138 1936 204 2013 dit,
229 1947 264 2002 ut
287 1938 320 2002 in
345 1938 413 2023 ipso
438 1937 648 2025 Xenophonte
677 1936 834 2003 videmus.
883 1936 944 2003 Sed
976 1958 1037 2003 nou
1065 1938 1151 2006 idem
1174 1943 1316 2021 animus,

138 2060 200 2105 non
226 2041 336 2108 eadem
362 2063 454 2109 rnreus
472 2052 522 2109 est
547 2045 580 2108 in
600 2042 719 2109 tabibus
740 2062 873 2118 eorum,
898 2044 1006 2129 quiin
1028 2062 1159 2111 summo
1185 2048 1252 2113 otio
1274 2068 1316 2116 sc·

136 2148 208 2212 curi
239 2149 338 2213 uitam
363 2158 482 2232 agunt,
507 2158 539 2215 et
568 2168 697 2223 eorum,
722 2148 778 2233 qui
808 2146 951 2232 quotidie
970 2146 1010 2214 de
1034 2151 1143 2215 anima
1169 2160 1203 2218 et
1221 2151 1316 2219 saluto

136 2251 302 2318 dimicant.
351 2252 451 2319 Nemo
481 2255 540 2320 buc
568 2252 684 2319 melius
713 2253 813 2318 sensit
842 2263 874 2318 ct
903 2254 1081 2339 eiegautius
1109 2255 1193 2322 dixit
1224 2278 1313 2345 quaro

135 2359 205 2443 ipse
234 2357 408 2443 Xenophon
439 2361 472 2424 iu
496 2357 711 2445 Hipparcbico
732 2358 786 2422 lb'.
813 2363 849 2424 8:
873 2361 900 2425 εἰ
924 2361 956 2426 δέ
978 2385 1027 2434 τις
1050 2364 1142 2426 τοῦτο
1168 2363 1314 2447 θαυμάζει

134 2460 180 2528 ὅτι
203 2463 357 2536 πολλάκις
375 2464 559 2545 γέγραπται
584 2467 619 2531 τὸ
639 2466 693 2530 σὺν
716 2465 770 2544 θεῷ
791 2465 939 2545 πράττειν
959 2462 994 2531 εὖ
1014 2464 1069 2535 isca
1092 2463 1138 2533 ὅτι
1163 2469 1206 2544 ἣν
1234 2486 1314 2537 πολ·

133 2568 249 2641 λοέκις
274 2570 516 2652 κινδυνεύσῃ
539 2566 629 2644 ἦττον
651 2574 740 2635 τοῦτο
765 2569 984 2649 θαυμάσεται,
1008 2581 1041 2636 cb
1065 2592 1148 2658 quac
1170 2574 1263 2660 plura
1284 2577 1312 2641 in

133 2672 266 2739 eandem
300 2677 491 2740 sententiam
525 2675 569 2741 ibi
604 2675 730 2742 scribit.
781 2674 877 2740 Plane
914 2676 1135 2762 Xenophontei
1171 2680 1314 2747 candoris

133 2786 183 2844 cst
218 2778 301 2865 quod
333 2779 454 2864 iegitur
477 2781 561 2847 xttt.
596 2787 625 2845 5.
675 2780 764 2845 »Rex
799 2781 1046 2867 Spartanorum,
1082 2784 1214 2869 inquit,
1245 2786 1314 2854 ὅταν

133 2886 263 2962 θύηται,
297 2886 346 2950 ἀεὶ
371 2885 505 2968 ἄρχεται
538 2888 646 2952 τούτου
668 2892 723 2952 τοῦ
758 2885 846 2967 ἔργον
881 2886 926 2952 ἔπι
961 2894 1109 2969 κνεφαῖος
1145 2909 1313 2973 προλαμ-

131 2989 278 3068 βάνειν
298 2992 541 3070 βουλόμενος
566 2994 631 3066 τὴν
654 2997 719 3056 ποῦ
744 2994 829 3056 θεοῦ
853 2991 1033 3070 εὔνοιαν,
1058 3004 1229 3081 postquam
1251 3018 1312 3065 rem

131 3093 273 3160 divinam
299 3094 450 3163 fecissent
480 3098 683 3184 praesentius
706 3117 775 3163 esse
807 3097 941 3163 deorum
976 3099 1133 3167 auxilium
1164 3103 1314 3171 candidae

130 3202 257 3267 animae
281 3203 504 3287 opinabantur.

177 3306 262 3371 Haec
286 3309 388 3391 igitur
422 3311 527 3374 omnia
554 3318 611 3374 aut
638 3306 824 3394 redarguito
846 3309 985 3394 aliquis,
1009 3320 1089 3391 aut,
1120 3315 1149 3379 si
1174 3315 1314 3383 refellere

132 3430 194 3476 non
222 3413 360 3495 poterit,
393 3424 584 3499 argumenta
617 3414 695 3481 baec
725 3435 796 3480 osse
829 3424 860 3480 et
893 3413 1013 3480 indicia
1049 3436 1180 3484 mecum
1212 3423 1315 3488 existi·

131 3525 239 3592 mato,
263 3527 459 3603 quapropter
484 3524 501 3596 ἡ
524 3528 584 3586 τῶν
607 3522 760 3587 Λακώνων
783 3522 927 3586 πολιτεία
960 3521 1162 3608 Xenophonti
1195 3531 1317 3595 auctori

133 3641 193 3685 non
218 3623 260 3687 sit
285 3623 461 3707 eripienda.
510 3624 602 3691 Nunc
625 3646 663 3691 cx
689 3625 743 3691 iiio
767 3624 849 3691 libro
871 3625 984 3692 menda
1005 3627 1162 3713 quaenam
1189 3642 1222 3698 et
1242 3636 1318 3701 scri·

132 3735 246 3812 pturae
278 3728 357 3793 vitia
390 3728 497 3795 eluere
528 3731 709 3815 aggrediar.
759 3731 793 3796 iu
830 3750 895 3816 rep.
928 3730 1041 3798 Laced.
1067 3731 1091 3797 l.
1117 3740 1149 3801 5.
1185 3746 1318 3821 Λυκοῦρ-

131 3856 209 3911 γον,
242 3834 368 3918 iuquit,
400 3835 452 3900 καὶ
484 3835 632 3916 θαυμάζω
663 3837 715 3901 καὶ
753 3838 795 3909 εἷς
826 3838 870 3902 τοὶ
899 3837 1029 3919 ἔσχατα
1067 3840 1190 3929 [μάλα]
1226 3848 1320 3927 σοφὸν

132 3940 280 4015 ἠγοῦμαι.
329 3940 510 4020 Quomodo,
535 3961 670 4027 quaeso,
694 3941 787 4020 noina
809 3944 960 4028 coniungi
985 3946 1091 4030 potuit
1112 3966 1187 4012 cum
1213 3951 1320 4018 serbis

132 4046 174 4115 εἷς
196 4045 239 4108 τοι
263 4043 414 4125 ἔνχαπαῖ
463 4046 556 4112 Aliud
583 4055 631 4111 ost
662 4048 747 4112 cuitu
780 4048 874 4126 μοὶλα
902 4051 997 4131 σοφὸν
1023 4047 1124 4129 εἶναι,
1155 4052 1245 4120 atiud
1270 4082 1319 4124 co·

132 4149 210 4229 φίας
234 4151 277 4221 εἰς
301 4152 336 4216 τὸ
360 4151 495 4234 ἔσχατον
520 4153 730 4228 ἐληλακέναι,
765 4174 847 4239 quae
871 4175 922 4220 res
947 4155 1068 4221 nubam
1100 4163 1318 4230 accessionem

132 4264 187 4319 aut
220 4255 386 4351 cumulum
423 4258 577 4324 admittit.
632 4259 745 4345 ltaque
779 4260 948 4327 rrnoiesturn
982 4262 1076 4341 μάλα
1106 4267 1319 4336 resecandum

131 4378 200 4425 esso
223 4380 346 4429 censeo.
396 4366 497 4447 Σοφος
519 4366 562 4439 εἷς
590 4366 634 4432 τὰ
658 4365 786 4447 ἔσχατα
812 4387 892 4433 nove
914 4365 1039 4436 dictum
1064 4378 1132 4437 est:
1166 4373 1321 4442 usitatius
