2940 5010
701 288 759 348 tsi

141 470 230 533 κοῦσι
259 463 347 530 κακοὶ
379 472 471 536 ταῖς
498 462 687 543 πατρίσιν
715 458 904 541 ἀλεξκτῆρες
932 456 1031 539 εἶναι,
1060 470 1092 527 et
1117 462 1228 529 tnttltis
1255 463 1328 529 aliis

141 568 235 637 locis.

189 673 226 741 ln
250 693 322 763 cap.
343 672 394 739 Vl.
421 677 438 759 §
467 677 519 739 10.
552 674 569 749 ἦ
593 670 732 753 γεωργίαι
755 668 812 747 ἔξω
835 676 893 736 τῶν
914 670 1071 753 έρυμάτων
1093 673 1136 738 rol
1167 675 1328 753 ἐπιτήδειοι

140 778 271 863 Φύουσύ
298 780 407 846 τεκαὶ
438 778 594 863 τρέφουσα
618 777 708 849 τοὺς
736 775 1022 859 ἐργαζομένους
1048 777 1164 844 vitium
1187 788 1237 847 est
1260 801 1328 846 ma·

143 884 301 953 nilestum
325 893 357 951 et
388 884 548 952 medicina
574 892 674 950 certa.
721 881 841 970 Nernpe
867 880 977 948 eodem
1005 879 1110 961 redit,
1134 891 1171 950 ut
1198 885 1330 973 opinor,

144 990 337 1069 τάπιτύδειά
359 1015 417 1057 τινι
437 989 562 1074 Φύουσα
592 996 624 1054 el
655 987 812 1072 τρέφουσά
832 1009 922 1054 τινα;
955 994 1004 1053 est
1032 987 1118 1054 enim
1141 991 1330 1068 τάπιτήδεια

143 1096 238 1181 Φύσιν
273 1095 459 1183 planissime
494 1093 580 1161 idem
612 1103 710 1180 atque
738 1096 852 1178 τροφὴν
885 1092 1045 1175 παρέχειν.
1094 1091 1156 1162 Sed
1191 1095 1330 1163 absurde

143 1198 268 1269 dicitnr
300 1201 501 1288 agricultura
533 1206 709 1286 utrumque
746 1198 807 1266 lroc
840 1197 945 1265 lacere
979 1197 1037 1277 ἔξω
1067 1205 1127 1265 τῶν
1158 1199 1329 1283 ε’ρυμάτοιν.

145 1304 297 1375 Solebant
323 1305 516 1393 diligenter,
549 1304 664 1383 credo,
694 1306 779 1371 intra
811 1304 936 1371 moenia
960 1303 1160 1372 frumentum
1184 1326 1331 1393 compor-

142 1420 226 1480 tare.
276 1410 337 1479 Sed
359 1411 436 1499 quid
462 1410 581 1499 plura?
618 1409 862 1477 Emendandum
895 1418 962 1478 est:
995 1411 1183 1487 τάπιτήδεια
1206 1409 1332 1494 Φύοσσά

142 1542 180 1585 τε
203 1517 257 1583 καὶ
282 1517 440 1601 τρέφουσα
462 1525 546 1592 τοῖς
575 1515 885 1599 ἐργαζομένοις.
934 1514 1060 1601 Inspice
1082 1515 1163 1581 mihi
1184 1515 1222 1582 V.
1248 1522 1279 1584 5.
1312 1521 1329 1594 ἡ

142 1632 188 1701 γῆ
210 1622 278 1707 lde
308 1622 415 1690 πολλοὶ
438 1624 482 1689 τά
503 1624 562 1703 μέν
585 1622 676 1703 Φύει,
699 1622 743 1688 τά
770 1621 802 1687 δέ
825 1620 953 1705 τρέψειε
979 1640 1093 1708 nempe
1124 1624 1260 1706 τρέφει
1289 1624 1332 1689 rol

143 1728 296 1813 πρόβατα
318 1738 381 1802 τοῖς
411 1728 574 1811 ἀνθρώποις
603 1734 634 1794 el
655 1727 702 1791 sic
730 1746 857 1814 quoqne
880 1727 921 1792 iis
944 1728 1058 1809 τροφὴν
1084 1727 1235 1811 παρέχει,
1259 1727 1332 1795 vide

143 1832 258 1915 modo,
282 1854 363 1921 quae
386 1833 454 1901 illic
477 1842 669 1920 sequuntur.
1335 1834 1337 1838 ’

190 1938 228 2006 lu
252 1958 322 2027 cap.
344 1939 396 2006 vl.
422 1940 515 2025 511.
546 1935 731 2005 miseriaci
758 1937 908 2017 μοιδοκῶ
942 1937 1033 2015 ἡδέως
1057 1938 1189 2021 έκάτερα
1210 1940 1331 2007 ἀκούειν

144 2070 217 2123 σου,
248 2044 348 2113 stulte
384 2043 447 2111 sibi
476 2043 555 2110 haec
583 2044 693 2109 ortdire
723 2040 851 2107 videtur
882 2062 900 2108 e
926 2040 1080 2120 Socrate,
1116 2047 1173 2131 qui
1197 2044 1332 2112 verbum

143 2150 271 2219 nullum
306 2149 399 2217 lacit:
436 2148 491 2216 sed
525 2150 666 2216 lubenter
698 2169 731 2214 se
759 2145 836 2213 lroec
866 2147 1048 2216 auditurum
1081 2148 1201 2217 dixisse
1237 2149 1330 2217 lacilc

144 2266 246 2345 patet.

189 2362 303 2448 ltaque
325 2359 508 2448 Stephanus
529 2357 671 2425 duodeno
695 2356 888 2445 reponebat,
912 2358 996 2444 quod
1021 2378 1039 2425 a
1063 2359 1260 2430 Schneidero
1280 2383 1331 2432 re-

142 2474 296 2557 ceptum,
330 2466 489 2554 pessime:
525 2483 665 2551 narrrquc
697 2483 785 2530 mera
815 2463 980 2531 barbaries
1014 2474 1064 2532 est
1098 2469 1239 2536 ἀκούσειν
1271 2490 1331 2558 pro

141 2572 340 2639 ἀκούσεσθαι.
375 2569 607 2656 Cornigendum
629 2579 679 2635 est
696 2569 787 2646 ἡδέως
813 2569 877 2658 (ἀν)
902 2570 1036 2654 ἑκάτερα
1057 2572 1196 2653 ἀκούειν,
1220 2595 1330 2662 quem·

143 2676 318 2745 admodum
343 2676 434 2753 ἡδέως
458 2676 498 2742 ἀν
529 2675 669 2753 ἀκούοιμι
694 2682 726 2740 et
755 2675 829 2742 sim.
854 2696 948 2764 saepe
976 2676 1228 2747 Atheniensibus
1253 2693 1331 2748 sunt

143 2783 176 2851 iu
201 2803 268 2851 ore.
315 2780 441 2869 inspice
471 2780 565 2847 ntedn
589 2779 657 2845 Vll.
683 2784 713 2846 9.
747 2784 840 2848 ταῦτ’
868 2781 908 2848 ἀν
941 2782 1017 2861 ἣδιόν
1051 2809 1104 2852 σου
1132 2786 1329 2868 διηγουμένου

142 2889 341 2968 ἀκούοιμι.

187 2994 351 3061 Futurum
384 2992 503 3059 ἀκούσω
528 3011 586 3078 pro
610 2992 782 3071 ἀκούσομαι
815 3012 934 3080 ponere
960 2994 1041 3061 solet
1061 2997 1176 3063 vitiosa
1204 2999 1330 3084 sequio-

141 3120 217 3170 rum
246 3101 399 3177 συνήθεια.
447 3098 620 3185 Dionysius
653 3096 966 3178 Halicarnassensis,
996 3103 1050 3187 qui
1084 3110 1187 3169 scatet
1220 3103 1330 3171 istius-

142 3206 230 3275 modi
254 3203 440 3283 erroribus,
471 3204 602 3289 scripsit
624 3204 813 3277 ἀκούσοντας
838 3226 897 3291 pro
928 3208 1147 3288 ἀκουσομένους
1173 3210 1205 3275 in
1228 3212 1265 3277 Α.
1289 3213 1327 3279 R.

142 3312 182 3379 V.
206 3314 262 3381 ut.
286 3329 317 3398 p.
335 3314 402 3377 980
426 3310 463 3375 lt.
488 3308 629 3387 σύνύκμα
648 3310 841 3390 ληψομένους
865 3312 917 3376 καὶ
940 3307 962 3377 ἀ
985 3313 1034 3378 δεῖ
1054 3312 1202 3394 πράτπειν
1222 3318 1328 3386 ἀκού·
1450 3338 1456 3351 ’

139 3441 297 3491 σσντας.
345 3414 546 3501 Quamquam
573 3415 604 3478 in
637 3415 759 3501 optimo
783 3436 910 3501 quoquc
942 3419 1098 3503 scriptore
1129 3423 1262 3508 antiqno
1286 3423 1330 3491 le·

139 3521 247 3613 gendo
266 3530 298 3589 et
322 3519 529 3587 diiudicando
554 3528 691 3587 aetatem
716 3523 914 3588 contriverat
937 3523 1111 3612 Dionysius
1132 3534 1238 3595 tamen
1260 3531 1328 3618 ipsc

140 3628 343 3719 negligenter
374 3625 546 3692 admodum
571 3634 603 3691 ct
631 3627 745 3693 vitiose
768 3626 899 3693 scribit:
932 3630 1028 3695 otiam
1053 3633 1245 3700 ἀπολαύσειν
1270 3657 1329 3723 pro

140 3734 377 3803 ἀπελαύνεσθαι
403 3730 483 3798 solet
507 3751 647 3818 ponere,
675 3730 747 3799 vide
768 3733 802 3798 in
825 3733 996 3800 lleiskiana
1019 3734 1161 3804 editione
1185 3758 1214 3824 p.
1242 3747 1326 3808 1044

139 3852 174 3911 ct
198 3846 298 3909 nost.
345 3838 500 3926 Sequitur
528 3839 560 3902 in
592 3836 703 3903 eaderu
733 3858 767 3904 rc
802 3838 932 3905 Veteres
961 3860 1032 3927 pag.
1055 3846 1153 3908 2024.
1202 3842 1263 3911 Sed
1286 3847 1326 3913 dc

139 3947 212 4015 cius
236 3944 433 4033 negligentia
457 3943 535 4010 alias
556 3942 695 4030 plurima
717 3963 874 4030 exponere
895 3946 928 4011 in
952 3947 1060 4012 arrimo
1083 3956 1151 4014 est:
1177 3970 1262 4019 nunc
1284 3952 1325 4020 ad

139 4052 389 4123 Oeconomicum
415 4058 568 4116 revertor.

185 4158 223 4227 ln
254 4178 325 4245 cap.
347 4157 414 4224 Vll.
441 4161 472 4221 b.
503 4157 564 4223 οὐδ’
588 4154 627 4221 ἄν
663 4155 728 4243 [γε]
765 4160 815 4222 νῦν
839 4194 875 4205 -
907 4158 998 4239 ἑώρας
1031 4157 1164 4226 dolenda
1195 4171 1244 4229 est
1278 4185 1328 4230 ro-

142 4265 214 4343 cula
244 4290 307 4347 γε,
343 4284 439 4350 quum
474 4264 634 4331 sententia
667 4262 728 4329 loci
761 4282 892 4349 prorsus
924 4264 1070 4351 respuit,
1104 4275 1135 4333 et
1168 4269 1195 4333 si
1227 4290 1326 4356 quam
