2940 5010
698 248 762 313 320

141 426 319 494 δεικνύντος
351 424 444 491 lones
473 419 622 487 dioehaut
645 420 739 496 ούδεύς
768 421 823 488 sod
847 423 879 487 in
906 420 1022 509 plurali
1048 422 1197 503 ούδοομού,
1220 422 1330 504 μιιδεύς

141 532 250 598 sedin
276 529 392 618 plurali
423 526 584 607 μινδοομιύ,
615 536 648 593 et
670 527 939 613 quemadmodum
972 528 1105 611 ούδιιριύς
1128 527 1328 610 standands

140 639 173 703 in
202 635 358 722 singulari
386 652 521 700 numero
544 650 638 699 nemo
668 652 822 720 umquam
848 633 925 719 legit
953 636 1030 722 quia
1056 637 1151 703 lones
1175 633 1275 709 ούδεύς
1296 642 1329 703 et

139 743 247 823 μνδεύς
269 740 345 807 solis
371 738 564 816 utehantur,
588 738 636 804 sie
663 757 767 825 neque
798 738 914 813 ούδύνες
939 738 987 805 rel
1008 740 1136 820 μνδύννς
1162 740 1257 807 lones
1281 738 1329 805 di·

139 856 257 913 xerunt
273 862 446 933 umquam,
470 861 573 929 neque
593 844 717 930 uspiam
741 864 779 911 ea
792 842 894 911 lorma
913 854 1078 932 comparet
1098 854 1327 933 praeterquam

141 954 173 1019 in
196 951 255 1018 hoe
278 971 342 1017 uno
361 949 430 1016 loeo
451 957 613 1036 corrupto.
661 948 805 1029 ούδομού
826 968 923 1036 quam
953 969 1049 1038 saepe
1073 948 1159 1038 apud
1187 948 1329 1017 llerodo·

142 1068 212 1125 tum
240 1057 365 1144 legatur
391 1063 502 1121 notum
532 1061 583 1121 est
614 1053 773 1121 omnihus.
828 1054 990 1122 Proferam
1024 1074 1125 1123 uuum
1150 1054 1261 1123 loaum
1291 1062 1329 1121 ut

139 1162 243 1229 ohiter
276 1159 443 1228 emendem
472 1159 538 1225 Vll.
565 1164 640 1227 145.
672 1160 716 1225 τοὶ
746 1160 779 1225 δὲ
811 1160 945 1235 Γύλωνος
980 1164 1161 1244 πρύγμοοπιι
1189 1158 1328 1241 μεγάλοι

140 1267 269 1347 ἐλέγετο
292 1263 369 1333 εἶναι
401 1265 540 1344 ούδοιριύιν
566 1268 753 1340 Ἑλληνικῶν
775 1271 834 1331 τῶν
856 1270 890 1333 ού
914 1268 1029 1332 πολλὸν
1053 1266 1149 1349 μύζει.
1195 1264 1327 1353 Corrige

140 1374 280 1452 ούδιομύν
310 1368 386 1439 ύτον
413 1373 446 1437 ού
470 1379 545 1435 noto
568 1389 650 1436 usu:
686 1370 956 1457 quemadmodum
991 1372 1078 1438 enim
1109 1372 1229 1445 adieris
1257 1368 1327 1439 ύτον

140 1481 173 1545 ού
198 1498 292 1565 saepe
320 1477 458 1562 legitur,
487 1476 535 1541 sie
558 1476 591 1540 in
616 1475 731 1562 plurali
759 1494 894 1542 numero
922 1476 1029 1543 loniee
1055 1474 1231 1544 dieeudum
1255 1494 1327 1543 esse

140 1592 273 1671 apparet
303 1582 443 1661 ούδιομύν
476 1578 574 1647 ύτων
603 1582 647 1648 ού.
695 1580 842 1646 Ridicule
864 1599 901 1646 ea
932 1579 1083 1667 loquendi
1115 1580 1220 1649 forma
1251 1600 1325 1649 eum

140 1690 428 1775 interpretamento
450 1687 570 1752 eoaluit
593 1688 627 1752 iu
651 1684 793 1751 Platonis
813 1686 987 1771 Protagora
1010 1707 1042 1774 p.
1061 1692 1126 1754 517
1149 1685 1184 1753 ll.
1209 1688 1325 1761 ιύδινδς

140 1790 209 1860 ὅτου
239 1796 273 1857 ού
305 1792 460 1879 [πούιτιοι]
488 1790 526 1857 ἂν
555 1793 638 1871 ὑμῶν
666 1792 735 1857 ιιοιύ’
768 1792 890 1867 ἧλιιιύοιν
920 1795 1024 1875 πατὴρ
1055 1792 1128 1868 sinn.
1174 1790 1262 1859 Num
1290 1798 1328 1859 tu

141 1908 236 1985 putas
263 1899 359 1972 οὐδεὶς
382 1894 444 1970 ύτις
468 1900 502 1964 ού
525 1894 649 1964 πύντον
682 1906 770 1963 reete
801 1896 866 1962 diei
887 1896 1004 1983 posse?
1050 1899 1164 1984 ltaque
1191 1898 1226 1963 iu
1258 1896 1328 1963 loeo

141 2003 319 2070 llarodoteo
346 2003 462 2076 οὐδένες
494 2000 554 2084 ἄρος
585 2002 685 2076 δύντες
720 2003 873 2067 vitiosum
908 2021 976 2069 esse
1010 2011 1109 2092 patet.
1166 2001 1329 2089 Equidem

141 2107 377 2174 emendandum
403 2128 473 2173 osso
504 2127 617 2175 eerrseo
646 2109 730 2175 οὐδὲν
759 2106 820 2190 ἄρον
850 2107 961 2182 ἐύντες.
1008 2108 1329 2195 Frequentissimum

142 2226 192 2283 est
215 2218 297 2282 οὐδὲν
321 2210 416 2289 sisar,
440 2214 475 2279 τὸ
498 2214 592 2292 μηδὲν
615 2210 693 2279 εἶνοιι
714 2232 771 2298 pro
796 2212 912 2287 ούδενδι
936 2211 1022 2290 ἄξιον
1045 2209 1142 2280 siner:
1174 2232 1330 2301 compara

141 2320 279 2386 laeetunr
307 2319 448 2383 Platonis
479 2318 584 2384 loeum
610 2318 642 2382 iu
667 2318 743 2403 llep.
767 2316 850 2383 Vlll.
875 2339 905 2404 p.
927 2322 993 2385 556
1017 2320 1053 2385 ll.
1084 2315 1191 2401 ἄνδρες
1214 2318 1330 2398 sindre-

139 2427 184 2508 ριύ
205 2426 279 2489 εἰσιν
303 2424 396 2489 ούδύν.
445 2423 564 2489 Eadem
586 2422 704 2489 locutio
724 2420 810 2487 aliud
830 2422 988 2509 glossema
1009 2424 1132 2511 peperit
1154 2421 1241 2510 apud
1263 2422 1331 2491 loo-

140 2540 262 2598 cratem
287 2527 327 2594 ll.
353 2532 371 2614 §
393 2532 446 2593 oa.
480 2529 495 2594 ὃ
527 2529 622 2607 μηδὲν
652 2528 691 2592 ὢν
721 2528 816 2601 οιύτὸς
849 2528 1027 2619 [χρήσιμος]
1061 2530 1124 2596 οὐδ’
1154 2528 1194 2595 ἂν
1226 2528 1330 2596 ἄλλον

137 2636 284 2720 φρόνιμοι
307 2634 468 2709 ποιήσειεν.

184 2741 221 2806 In
250 2736 371 2805 Hellen.
395 2737 462 2803 Vll.
487 2757 527 2802 tv.
557 2744 607 2804 17.
638 2740 721 2804 οὐδὲν
752 2737 834 2805 ἄλλο
869 2739 1075 2829 [πράξοντες]
1103 2741 1122 2817 i
1152 2740 1329 2825 dpdraursc

138 2849 239 2913 οιύτῶν
262 2846 318 2918 τὴν
341 2843 464 2926 χύριιν,
487 2850 519 2908 et
541 2842 662 2909 Graece
685 2850 717 2909 et
744 2843 857 2910 Latine
881 2848 937 2931 qui
967 2847 1160 2932 exquisitius
1189 2846 1330 2935 loquun-

139 2962 195 3018 tur
218 2952 251 3015 in
274 2948 394 3015 talihus
416 2948 566 3029 προύττειν
590 2948 638 3014 vel
669 2958 764 3015 ποιεῖν
786 2958 819 3016 et
840 2971 934 3037 opere
960 2949 1009 3017 vel
1041 2954 1147 3039 suem
1168 2952 1330 3020 omittunt

138 3068 170 3123 ot
192 3056 301 3123 dicore
322 3054 425 3120 solent
444 3054 526 3120 οὐδὲν
550 3050 625 3120 ἄλλ’
645 3055 663 3132 ἢ
687 3055 877 3137 δρύσοιντες,
900 3063 932 3122 et
954 3058 988 3124 τύ
1006 3058 1033 3123 δ’
1055 3056 1137 3124 ἄλλο
1156 3058 1175 3135 ll
1194 3096 1261 3138 -,
1284 3058 1330 3125 si-

139 3165 206 3228 eutl
234 3162 345 3226 Latine
368 3157 449 3223 nihil
471 3158 560 3224 alind
581 3182 676 3247 quom
699 3169 731 3226 ot
755 3160 831 3247 quid
852 3161 940 3225 aliud
960 3182 1073 3248 quom:
1099 3163 1223 3249 inspiee
1246 3162 1330 3231 Gro-

139 3268 270 3332 novinm
292 3262 332 3329 ad
355 3263 422 3328 hin.
446 3263 557 3329 xxxi.
579 3268 632 3330 24.
659 3275 691 3332 et
711 3264 948 3331 Drakenborch.
972 3266 1012 3333 ad
1034 3267 1180 3335 XXXlV.
1205 3272 1246 3347 2,
1270 3266 1329 3336 uhi

138 3370 261 3436 videhis
285 3387 380 3454 quam
406 3388 500 3454 saepe
531 3368 621 3434 scioli
652 3392 745 3456 opere
768 3381 800 3437 et
821 3376 925 3459 secere
948 3372 1183 3458 interpolarint.
1231 3372 1330 3462 Apud

140 3476 352 3543 Athenienses
375 3473 562 3559 saepissime
581 3476 735 3543 occurrit.
784 3476 872 3542 Plato
895 3476 928 3540 in
952 3476 1085 3545 llenone
1108 3500 1140 3565 p.
1157 3483 1201 3547 80
1223 3480 1263 3545 Α.
1286 3480 1330 3547 σὺ

137 3582 220 3648 οὐδὲν
243 3579 325 3645 ἄλλο
348 3579 366 3655 ἦ
388 3578 483 3652 οιύτύς
507 3602 543 3644 τε
574 3581 699 3661 ἀπορεῖς
730 3578 877 3654 καὶτοὺς
908 3580 1025 3656 ἄλλους
1054 3593 1151 3658 ποιεῖς
1179 3586 1329 3667 daupein,

138 3696 171 3753 et
200 3687 232 3751 in
261 3683 467 3773 Euthp'demo
498 3705 528 3772 p.
551 3688 616 3751 277
640 3686 676 3751 u.
708 3687 762 3751 ούιι
785 3685 921 3753 οἱσύούνει
945 3684 1002 3754 οἷον
1027 3698 1160 3757 ποιεῖτον
1181 3690 1225 3755 τὼ
1249 3687 1327 3768 Edeta

137 3792 206 3874 περὶ
229 3790 275 3857 ού.
299 3828 345 3841 -
367 3789 450 3857 ούδδν
481 3786 563 3855 ἄλλο
591 3792 609 3867 ἢ
640 3791 801 3873 χορεύετον
834 3792 901 3873 περ)
933 3796 967 3859 οὲ
997 3796 1048 3861 nel
1080 3790 1139 3862 oleo
1166 3797 1329 3879 ὀρχεῖσθον

137 3897 305 3980 ποιύζοντε,
334 3904 367 3963 et
391 3895 509 3981 passim
543 3894 629 3961 allhi.
678 3895 883 3985 Thucydides
908 3898 962 3964 lll.
988 3904 1040 3966 59.
1076 3902 1110 3967 τί
1136 3900 1220 3967 ἄλλο
1242 3898 1329 3969 ούτοι

138 4006 156 4082 ἢ
180 4002 413 4084 ἐπεβούλευσαν
443 4007 474 4066 el
499 4000 553 4067 lll.
580 4003 632 4065 58.
656 4002 690 4067 r!
710 4000 789 4069 ἄλλο
812 4040 858 4051 -
881 4004 899 4079 ἢ
921 4004 1052 4083 ούτύμιος
1083 4012 1180 4089 γερῶν
1210 4004 1252 4073 ὧν
1275 4012 1330 4076 νῦν

138 4110 260 4192 ἴσχοντι
294 4107 526 4189 heremidam:
552 4104 726 4191 Xenophon
747 4108 861 4197 Cyrop.
884 4109 909 4176 l.
934 4129 975 4175 tr.
1001 4114 1053 4177 24.
1086 4114 1170 4181 οὐδὲν
1195 4112 1281 4183 ἄλλο
1309 4118 1330 4193 ἢ

137 4216 207 4290 τοὺς
229 4212 436 4288 πεπωκότος
460 4210 664 4293 περιελαύνων
684 4212 813 4290 ε’ύεοῖτο,
838 4224 871 4281 ot
892 4214 1004 4284 multis
1024 4216 1097 4285 aliis
1120 4218 1210 4289 loeis.
