2940 5010
619 44 683 105 «141

103 234 193 301 pone.
240 215 385 282 Primum
421 216 453 279 in
482 215 534 281 lV.
562 218 613 280 12.
649 222 668 303 p
696 218 728 278 2.
764 215 925 279 Φαίνονται
959 212 992 279 tt
1026 212 1054 276 oi
1089 208 1249 292 Κιμμέρια

77 322 288 400 υεύχοντες
329 322 359 394 ἐς
390 321 446 395 τήν
477 322 583 396 Ἀσίην
617 320 688 394 τοὺς
728 320 851 394 Σκύθας
891 318 945 385 καί
978 318 1034 393 τήν
1067 313 1252 397 χερσέννρσον

69 427 251 505 κτίσαντες,
276 428 306 491 ἒν
329 436 368 508 τῇ
393 431 443 491 νῦν
468 429 589 501 Σινώπη
623 426 712 498 τέλος
735 424 856 499 Ἕλλας
880 424 1004 491 iterem.
1049 418 1119 487 Neu
1143 418 1256 486 minue

71 530 222 598 vitiosum
247 540 295 597 ost
318 532 512 615 φεύγοντες,
537 552 574 598 ac
601 533 627 597 si
657 532 730 616 quis
760 531 793 595 in
819 550 887 617 sqq.
921 528 1076 610 κτίζοντες
1101 544 1161 611 pro
1189 522 1257 591 ασί-

72 661 184 709 σαντες
213 636 308 703 uellet
341 635 455 721 legere.
503 636 615 723 ltaque
637 636 793 719 φυγόντες
823 656 959 723 repone,
983 640 1016 699 et
1037 630 1071 695 in
1105 628 1171 697 line
1192 628 1255 697 loci

69 742 234 818 οίκηται
264 762 322 830 pro
343 742 477 821 οίκιςαι,
500 742 583 809 conf.
607 743 630 809 l.
657 745 731 808 195.
779 740 869 808 Alter
897 741 987 808 locus
1008 744 1059 804 est
1081 733 1152 801 Vll.
1178 738 1254 803 14⁰.

69 848 101 913 in
125 846 274 914 oraculo:

152 954 207 1019 Ὦ
230 953 352 1032 μέλεοι,
375 955 408 1019 τί
429 954 579 1028 κύθησθε,
602 954 698 1018 λιτίιν
722 955 842 1035 φεῦγ’
866 951 995 1034 έσχατα
1016 945 1114 1028 γαίης

163 1058 294 1137 δύματα
316 1061 369 1125 καί
394 1060 498 1135 τέλιος
520 1058 705 1140 τροχοειδέος
729 1055 809 1139 ἄκρα
833 1057 961 1139 κοίρηνα.

115 1161 150 1230 Si
173 1163 206 1228 in
227 1164 392 1249 superiore
415 1164 484 1232 loco
505 1165 660 1249 φυγόντες
681 1164 737 1238 τήν
759 1164 866 1239 Ἀσίην
890 1182 948 1250 pro
969 1164 1129 1248 φυχέντες
1147 1168 1180 1243 ές
1197 1168 1253 1245 τήν

69 1270 176 1342 ’λσίην
206 1268 368 1353 legeretur
395 1270 506 1337 eadem
530 1276 614 1336 esset
643 1269 814 1355 utriusque
843 1268 905 1333 loci
934 1266 1131 1341 absurditas.
1178 1274 1252 1343 l’er·

67 1374 217 1459 spicuum
241 1383 290 1440 est
313 1374 414 1459 igitur
433 1376 466 1440 in
490 1374 577 1440 hunc
600 1372 731 1440 modum
765 1373 929 1440 emendari
955 1384 1123 1461 oportere:
1155 1380 1252 1447 λιτύν

67 1480 167 1561 φήμ’
193 1480 229 1554 ές
253 1479 380 1562 ἔσχατα
399 1480 494 1559 γαίης
514 1482 657 1558 θύματα.
690 1476 752 1544 Sed
775 1478 815 1545 ad
830 1478 1071 1567 Xenophontem
1094 1492 1248 1551 revertor.

68 1584 104 1650 lu
127 1584 146 1667 ἓ
169 1589 220 1652 19.
244 1605 302 1671 pro
324 1589 351 1651 οί
373 1586 517 1667 μὲνγὰρ
540 1587 593 1667 ἐφ’
616 1584 717 1650 ἵσταν
747 1585 918 1666 κρέμανται
946 1586 1177 1672 corrigendum
1202 1598 1250 1657 etl

66 1694 129 1773 ἀφ’
158 1690 281 1769 inroras,
311 1690 581 1777 quemadmodum
615 1688 735 1755 dicitur
757 1691 818 1771 αφ’
838 1688 942 1755 innon
971 1690 1139 1773 μάχεσθαι
1148 1743 1159 1774 ,
1188 1712 1250 1761 neu

66 1798 119 1878 ἐφ’
147 1794 259 1863 ieron.
306 1798 475 1864 Praeterea
496 1795 697 1882 perapposite
717 1795 750 1859 in
771 1813 840 1860 rem
862 1813 954 1860 suem
975 1795 1152 1884 Xenoplron
1173 1818 1251 1867 usne

66 1910 118 1967 est
140 1901 236 1969 verbo
265 1904 458 1984 κρέμασθαι,
491 1900 648 1967 lubricam
669 1908 702 1967 et
730 1898 912 1965 instabilem
941 1898 1051 1967 sedem
1075 1904 1173 1971 νοτίου
1197 1903 1250 1973 de·

66 2008 221 2093 pingens,
246 2007 329 2074 unde
358 2011 431 2094 quis
465 2006 556 2072 lncile
579 2024 732 2091 praeceps
759 2004 830 2069 dari
862 2005 973 2091 possit.
1021 2006 1165 2075 Verbum
1195 2028 1250 2077 au·

68 2121 132 2179 tem
152 2113 321 2194 κρέμασθαι
344 2121 458 2199 suapte
479 2121 593 2177 namra
617 2110 681 2176 ατί
700 2108 749 2175 vel
769 2111 805 2175 ἐκ
818 2110 973 2196 requirit,
993 2120 1025 2178 ct
1042 2114 1097 2179 έτί
1115 2114 1251 2201 respuit.

66 2217 341 2298 Quemadmodum
363 2218 449 2281 enim
479 2218 648 2297 κρέμασθαι
671 2216 735 2283 cirri
758 2214 925 2280 ταττοίλου
951 2214 1002 2281 uel
1023 2217 1059 2282 ἐκ
1083 2218 1252 2287 παττάλου

66 2320 215 2388 dicebant
236 2329 268 2387 et
290 2321 431 2397 similia,
455 2331 486 2388 et
510 2320 665 2387 Demades
694 2318 776 2384 dixit
808 2318 945 2386 Graecos
966 2322 1030 2387 ατί
1052 2330 1173 2405 σαπροῦ
1196 2326 1250 2392 καί

65 2432 202 2493 παλαιοῦ
233 2429 360 2505 ςήμονος
394 2426 506 2515 (λέγων
536 2426 588 2492 τίν
619 2423 836 2511 Ἀντίπατρον)
869 2428 1035 2507 ἠρτῆσθαι,
1067 2434 1150 2497 teste
1178 2430 1250 2499 Plu·

65 2531 177 2597 tarclro
200 2533 232 2597 in
258 2530 419 2598 Demostlr.
451 2552 520 2616 cap.
543 2530 674 2607 XXXX,
699 2531 746 2596 sic
768 2532 829 2614 αφ’
861 2530 1159 2614 insumptuosus
1184 2536 1251 2605 Xe·

64 2636 189 2725 noplron
217 2636 320 2712 dixit,
352 2645 387 2702 ul
422 2635 578 2720 Virgilius
610 2635 784 2721 pendentes
816 2636 854 2700 dc
879 2657 958 2723 repe
989 2638 1138 2725 capellas.
1195 2640 1249 2707 Vi·

1401 1408 1433 1465 ὅ

1387 1598 1468 1671 τιν’

1387 1916 1452 1959 aa

1387 2012 1464 2067 1¹4

66 2744 102 2809 tii
131 2752 318 2830 suspectum
353 2740 431 2807 mihi
465 2747 536 2817 est,
567 2738 650 2825 quod
681 2741 713 2805 in
747 2738 971 2826 Aristophanis
1004 2742 1097 2810 Pluto
1128 2744 1250 2833 legitur
1370 2785 1398 2800 -

60 2869 107 2915 vs.
130 2853 206 2916 312.

196 2957 248 3021 sio
271 2955 406 3035 Λαρτίου
431 2950 613 3031 μιμούμενοι
637 2958 695 3018 τῶν
718 2952 832 3034 θρχεαν
854 2958 1036 3033 κρεμῶμεν,

61 3080 137 3125 nam
155 3078 287 3144 prorsus
309 3058 487 3125 necessaria
511 3058 705 3142 praepositio
731 3067 801 3136 est,
825 3078 925 3145 quare
951 3061 1167 3129 correxerim:
1195 3088 1249 3145 μι-

1364 2324 1446 2377 s,

1445 2433 1463 2466 Ι

1363 2596 1467 2717 [A

1399 2759 1448 2786 s

60 3165 204 3244 μούμενοι
224 3165 254 3229 ’κ
276 3170 334 3229 τῶν
355 3163 478 3244 ὄρχεων.
514 3161 671 3246 Diogenes
691 3163 839 3229 Laertius
856 3163 909 3231 Vl.
926 3170 979 3231 51.
1003 3166 1143 3241 οἰκούσας
1166 3170 1248 3235 ποτέ
1373 3188 1378 3209 ·

62 3270 89 3357 (ί
121 3266 283 3351 Διογένης)
317 3264 363 3333 ύτι
396 3269 539 3348 Διδύμων
567 3269 582 3332 ὃ
615 3269 725 3349 μοιχὸς
762 3272 961 3352 συνελήφθη,
995 3268 1123 3349 ἄξιος,
1156 3270 1248 3357 ἔφη,

58 3376 102 3439 έκ
136 3377 201 3439 τοῦ
238 3373 423 3451 ένέματος
465 3374 692 3456 κρέμασθαι.
750 3371 957 3458 Negligeuler
993 3385 1025 3442 et
1068 3376 1251 3466 improprie

59 3478 207 3545 Laertius
239 3476 403 3562 loquitur,
436 3487 471 3545 ut
499 3476 596 3553 solet,
631 3495 688 3562 pro
719 3479 831 3560 μοιχὸς
854 3482 976 3563 ἐλήφθη
1008 3480 1057 3547 vel
1087 3486 1248 3567 μοιχεύων

58 3585 201 3667 ἐλήφθη,
225 3590 257 3649 et
280 3582 410 3649 scurrili
433 3586 502 3649 ioco
525 3581 732 3670 philosophus
754 3602 811 3669 pro
833 3586 867 3650 ἐκ
886 3593 946 3652 τῶν
965 3586 1116 3666 διδύμου,
1138 3586 1173 3653 id
1197 3596 1249 3656 est

58 3691 93 3755 ἐκ
119 3696 178 3755 τῶν
200 3688 334 3771 έρχευν,
358 3688 474 3755 maluit
496 3691 530 3755 ἐκ
554 3691 607 3754 τοῦ
629 3687 777 3766 ένέματος
800 3688 920 3757 dicere.

102 3795 138 3861 ln
163 3793 272 3860 eadem
297 3796 315 3874 θ’
338 3795 456 3873 miror,
485 3792 644 3881 quomodo
667 3790 751 3858 docti
781 3792 926 3863 homines
949 3818 1149 3886 concoquere
1170 3818 1247 3887 pos·

55 3901 122 3966 sint
141 3898 220 3964 haec
240 3897 351 3965 verba:
375 3898 427 3965 ἑνί
449 3899 481 3965 δὲ
505 3899 602 3981 μένῳ
624 3898 804 3981 προέχουσιν
826 3904 852 3967 oi
873 3905 982 3979 ίοττεῖς
1009 3907 1139 3985 ήμοῖς·
1161 3906 1245 3989 φεύ·

53 4001 121 4084 χειν
151 4006 256 4077 αὐτοῖς
285 4004 502 4089 οίσφαλέςερύν
535 4006 598 4074 έςιν
619 4006 637 4081 ή
662 4008 745 4084 ήμῖν.
794 4005 879 4073 uteri
911 4011 998 4075 enim
1024 4008 1113 4075 nullo
1145 4010 1246 4079 modo

55 4118 159 4197 potest
183 4116 218 4175 nt
242 4110 422 4192 προέχουσιν
443 4114 527 4191 ἧμαι
556 4109 713 4177 Graecum
738 4112 791 4178 sit.
838 4112 995 4183 Graecum
1021 4125 1071 4182 est
1094 4114 1246 4201 προέχου-

1385 3321 1435 3350 l

1380 3816 1445 3903 V·

1382 3962 1390 4007 l

1382 4090 1423 4115 ψ

1383 4180 1394 4225 l
