2940 5010
703 262 765 323 166

326 442 378 506 οὐκ
403 438 492 512 ἔται,
516 436 684 517 κενὲβριιον
705 432 781 501 ὅταν
804 435 894 517 θύτης
915 459 965 511 τι,
990 444 1099 503 καλεῖν
1120 460 1176 516 με.

142 544 255 612 Risum
277 552 382 611 movet
406 541 573 623 κενέβρειον
593 541 692 609 tuero:
717 538 949 607 eiusdemmodi
970 550 1020 607 est
1042 540 1128 627 quod
1152 541 1238 628 apud
1260 542 1300 611 lli

140 650 258 718 roclem
283 647 495 732 οχολαςιιιῖς,
527 646 669 735 lepidum
700 654 818 732 capul,
849 664 988 732 coquum
1020 645 1133 715 iubet:
1164 644 1300 729 ἕυλῖνμ

139 754 214 839 δρνιν
235 753 432 838 ἀπόσφαξον.
480 752 598 819 Natum
622 760 671 820 est
695 752 757 819 ἔσθ’
785 747 807 834 ᾧ
835 770 875 817 ex
901 760 1049 828 ΕΣΘΩ,
1080 750 1168 839 quod
1199 755 1300 823 sanias

139 880 228 927 mum
253 880 322 928 esse
347 858 506 946 intelliges
527 859 553 925 si
580 877 704 924 mecum
730 857 953 943 rescripserisr

321 969 375 1032 οὐκ
398 964 472 1032 iria
496 965 684 1046 κενέβρειον,
706 961 782 1030 ὅταν
803 962 894 1045 θύτης
917 987 948 1030 τι
970 962 1062 1031 κάλει
1087 988 1141 1043 με.

184 1069 270 1137 Nihil
291 1070 476 1137 offensionis
501 1067 596 1136 hahet
619 1068 721 1137 lorma
746 1067 911 1154 antiquior
933 1067 1009 1137 loia
1034 1088 1092 1155 pro
1113 1068 1202 1136 lotio
1229 1068 1299 1155 posit

139 1178 173 1243 in
196 1175 356 1266 dactylico
389 1195 503 1254 versu,
538 1175 594 1261 qui
627 1183 683 1241 aut
708 1194 727 1241 e
752 1183 860 1240 vetere
887 1182 980 1259 poeta
1011 1182 1143 1241 sumtus
1170 1181 1240 1251 est,
1268 1192 1300 1241 an

139 1283 190 1372 (ut
212 1281 356 1370 plerique
384 1280 563 1348 hexametri
591 1280 624 1345 in
648 1278 829 1367 Comoedia)
859 1276 899 1345 ad
923 1279 1079 1347 carminis
1106 1278 1199 1366 Epici
1224 1297 1300 1347 exon

137 1387 227 1475 plum
259 1385 481 1453 adumbratus.
528 1385 590 1452 Sed
617 1405 658 1451 ne
689 1385 722 1450 in
747 1386 884 1452 senariis
913 1383 1043 1472 quidem
1067 1385 1188 1452 Comici
1212 1384 1300 1472 pariari

49 1491 51 1495 ’
138 1491 251 1558 lormis
273 1490 348 1558 icto
370 1499 403 1560 ct
423 1492 478 1557 ἔδω
503 1489 716 1558 abstinebant.
764 1489 901 1558 Alcaeus
923 1489 1039 1558 htheu.
1066 1510 1098 1577 p.
1119 1494 1186 1558 516
1210 1491 1242 1559 G.

364 1597 419 1664 ἔδοι
444 1599 471 1664 δ’
491 1596 627 1674 ἐμαυτὸν
650 1594 751 1679 ὅστις
772 1597 960 1670 noeaoeane.

137 1711 170 1770 et
193 1702 390 1791 Philippides
416 1699 533 1770 Athen.
559 1722 590 1788 p.
611 1706 688 1769 250.
711 1703 747 1768 h.

363 1805 439 1875 ὅταν
458 1808 681 1890 ἀπορουμένους
704 1808 762 1888 μὲν
781 1808 951 1889 ἀνθρώπους
975 1806 1028 1872 ho

363 1913 555 1996 ἐλευθέρους,
578 1913 736 1992 μαςιγῖοις
757 1914 784 1979 δ’
803 1913 854 1978 ἐτ’
878 1914 1011 1994 ἀργυροῦ

363 2020 488 2101 τῖναιιος
512 2017 644 2097 ἄγοντος
664 2022 747 2099 μνῖὶν
772 2018 901 2100 τοῖριχον
921 2018 1017 2085 dolore

363 2124 442 2190 δυοῖν
458 2125 580 2202 ὀβολοῖν
603 2123 745 2198 ἔσθοντας
769 2124 786 2200 ἢ
812 2122 994 2205 τρουβῖλου.

181 2228 350 2295 Caeterum
375 2229 459 2316 quod
492 2227 698 2314 Aristophani
734 2228 939 2294 restituimus
965 2229 1020 2295 οὐκ
1051 2226 1127 2295 ἔνθα
1159 2227 1300 2308 multipes

136 2354 195 2422 per
218 2354 251 2400 se
283 2336 386 2421 ipsum
421 2341 487 2398 tam
512 2328 694 2419 appositum
721 2340 771 2399 est
794 2339 827 2398 et
851 2330 1003 2409 evidens,
1036 2340 1072 2400 ut
1097 2331 1231 2399 verbum
1260 2348 1300 2401 an

136 2439 222 2526 plius
244 2437 361 2504 addere
385 2438 512 2504 nonsit
535 2457 624 2526 opus.
1268 2432 1271 2441 '

182 2544 266 2610 Bane
294 2543 534 2609 constituerunt
564 2542 649 2615 docti
681 2540 828 2609 homines
857 2542 995 2609 facetum
1029 2542 1300 2631 iristophaniss

137 2649 265 2715 uarium
293 2648 377 2735 apud
402 2647 562 2716 Pollucem
585 2648 636 2715 Vl.
660 2653 714 2717 51.
836 2690 842 2701 ·

363 2755 416 2820 τὸν
438 2760 570 2837 Πειραιοῖ
593 2755 626 2822 ll
649 2756 695 2835 μη
716 2753 893 2832 norwico
915 2751 1031 2833 dyeia.

135 2857 222 2949 quod
253 2856 377 2924 dictum
406 2868 455 2926 est
484 2858 843 2943 ulimmerianum
878 2856 1149 2945 quemadmodum
1184 2861 1300 2931 rustici

137 2965 191 3032 illa
213 2963 299 3052 apud
323 2963 580 3053 Theophrastum
604 2966 724 3053 rogitat
748 2965 781 3031 iu
813 2963 963 3031 charact.
988 2983 1058 3051 cap.
1079 2963 1124 3031 lv
1146 2966 1174 3033 ιῖ
1197 2967 1300 3049 crim

136 3073 151 3138 ὃ
177 3072 449 3151 domicianum
475 3070 567 3151 ἄγει,
591 3079 624 3140 el
651 3071 795 3141 exactae
821 3068 913 3149 ἄγειν
935 3069 968 3135 iu
996 3067 1144 3137 Nubibus
1176 3090 1224 3139 ra.
1248 3074 1300 3141 eat

136 3177 174 3245 ln
203 3174 295 3244 codd.
318 3185 368 3243 est
398 3179 451 3245 τδν
483 3180 624 3261 caeparia
650 3196 759 3245 errore
786 3185 853 3242 tam
885 3172 1075 3262 pervulgato
1096 3194 1195 3261 quam
1224 3194 1300 3247 meu

137 3281 242 3360 lesto,
275 3289 438 3348 ettamen
463 3293 590 3370 praeter
613 3290 724 3370 poetas
750 3301 862 3348 omues
885 3281 1030 3348 omniurn
1058 3278 1218 3349 editiones
1243 3278 1300 3349 aba

136 3386 201 3454 det.
247 3385 334 3454 Nihil
358 3396 462 3473 potest
488 3407 558 3455 esse
579 3388 702 3455 certius
725 3406 821 3474 quam
853 3383 1011 3474 quidquid
1037 3385 1070 3453 ia
1090 3385 1214 3464 -αιεύς,
1246 3386 1300 3457 -eri

136 3500 169 3560 et
198 3492 278 3566 -osde
311 3501 403 3559 exeat
435 3501 588 3580 perpetuo
622 3493 654 3558 in
689 3492 819 3559 casibus
855 3491 994 3578 obliquis
1031 3489 1181 3561 contrabi
1213 3490 1300 3559 solen

136 3596 259 3663 Passim
285 3594 319 3662 id
340 3604 464 3665 ueteres
485 3596 632 3683 magistri
651 3597 816 3665 inculcant
837 3595 892 3664 sed
913 3596 1076 3683 praevalet
1095 3594 1200 3665 futilis
1218 3604 1300 3667 auch

135 3703 217 3769 ritus
246 3701 424 3780 librorum,
459 3701 636 3788 inquibus
663 3711 778 3789 regnat
809 3703 925 3769 vitiosa
958 3703 1145 3790 aequiorum
1172 3705 1300 3782 ουνηιοιι

136 3809 320 3876 lentiscat
354 3807 542 3896 Apollonius
569 3808 638 3890 περὶ
668 3811 829 3889 meorum·
854 3828 886 3896 p.
911 3811 974 3875 lau
1004 3808 1038 3877 b.
1085 3808 1224 3877 Ἀττικοὶ
1256 3812 1300 3881 Ei

135 3916 235 3995 βοᾶς
271 3914 364 3998 peri.
412 3912 529 3981 Editur
552 3919 660 3980 tamen
694 3915 836 3995 Εὐβοέας
868 3912 954 4002 apud
983 3933 1106 3983 omnes.
1153 3911 1300 3983 Suidasi

135 4019 251 4102 ’λτρῖα
282 4039 321 4087 οι
355 4019 465 4087 nescio
497 4038 563 4106 qno
592 4018 784 4107 descripsit:
818 4019 981 4109 (Ἀττικοὶ)
1010 4021 1070 4095 τὰς
1099 4018 1165 4089 atri
1193 4027 1256 4089 τῶν
1282 4026 1300 4088 ιζ

134 4127 200 4202 ιιύς
219 4126 399 4201 αῖτιατιιιοδς
420 4125 558 4206 καθαρὸς
581 4131 751 4207 συναιροῦσι
775 4130 874 4208 xvii,
896 4130 1058 4203 Μηλιᾶ,
1080 4129 1229 4193 Σουνιοῖ.
1277 4124 1300 4195 S

135 4231 225 4301 milia
264 4230 358 4298 multi
397 4230 453 4297 alii
490 4229 685 4309 admouent,
720 4231 839 4319 quihus
871 4252 965 4300 nemo
999 4229 1172 4301 auscultat.
1231 4229 1300 4318 hpu

135 4357 247 4405 omnes
269 4357 362 4425 saepe
390 4336 477 4423 leges
498 4337 664 4418 Μηλιέας,
692 4338 900 4415 Πλαταιέας,
934 4337 1114 4416 Θεσπιέας,
1143 4336 1300 4413 ‘astartae
