2940 5010
712 253 777 315 oou

144 448 185 495 an
214 429 247 495 οὐ
277 426 342 509 γὰρ
368 425 633 502 directorum
669 423 738 491 siti
787 423 944 490 Similiter
978 444 1009 513 p.
1034 427 1097 493 eet
1123 423 1162 495 b.
1197 432 1329 495 retain

142 534 196 601 καί
216 534 356 614 όνόματιι
379 532 432 598 καί
456 531 584 613 ῥήματα
605 527 712 608 ἔξωθεν
733 529 1004 612 περιαμπέχοντιιι
1029 529 1172 613 Σατύρου
1187 528 1238 598 ἄν
1260 555 1329 599 τινα

144 639 269 720 θβριςοῦ
304 636 412 719 δορόι,
442 637 497 722 qui
531 635 695 703 Platonem
736 633 815 703 benc
850 637 940 703 novit
970 638 1080 703 statim
1115 635 1331 724 amplectetur

143 744 283 826 Σατύρου
305 745 349 822 δή
374 766 444 809 τινα
468 739 714 824 repensando.

188 847 343 915 Notabilis
361 847 508 915 lectionis
534 846 750 933 discrepantia
768 847 804 911 in
829 845 921 913 libris
944 855 990 912 est
1014 845 1081 911 Vll.
1103 866 1145 912 rr.
1169 851 1232 926 17,
1256 866 1328 915 uum

142 961 272 1039 praeter
296 963 362 1021 tres
384 954 522 1040 optimos
543 951 695 1019 exhibent
718 970 848 1019 omnes:
881 951 936 1017 ίῖιν
960 953 1004 1031 μὴ
1025 952 1148 1032 βεβαιῶ
1171 953 1231 1029 τὴν
1251 958 1329 1037 πρᾶ-

142 1057 190 1138 ξιν
221 1061 329 1143 αὐτῷ,
364 1060 418 1143 ἐφ’
451 1056 470 1141 ᾖ
500 1056 829 1140 ἔδωροδοιιοείρινρν.
878 1058 1040 1124 Tenemus
1075 1057 1126 1123 ἐπ’
1160 1059 1330 1143 αὖτοφόρω

144 1164 281 1243 sciolos,
305 1165 360 1251 qui
384 1164 551 1251 antiquam
577 1163 773 1249 scripturam
797 1162 986 1245 ἐδωροδόκουν
1016 1163 1064 1229 sic
1088 1161 1328 1251 depravarunt,

144 1271 297 1356 quoniam
331 1270 392 1356 ipsi
426 1270 594 1350 δωροδοκεῖν
626 1265 776 1334 dicebant
807 1287 866 1354 pro
903 1266 1042 1350 δεκόζειν
1080 1268 1149 1335 sive
1186 1270 1330 1353 χροίριιιοι

144 1373 327 1456 διαφθείρειν
358 1383 390 1441 ιιι
420 1373 506 1439 locos
538 1374 714 1449 Veterum,
746 1372 802 1439 ubi
825 1374 995 1454 δωροδοκεῖν
1018 1372 1224 1458 significabat
1254 1375 1331 1457 διῖριι

144 1480 291 1561 δέχεσθαι
313 1500 376 1546 non
400 1480 510 1546 διδόναι
534 1479 612 1560 δῶρα
637 1477 840 1545 mirabantur
863 1480 1028 1566 primum,
1051 1479 1169 1548 deiude
1190 1480 1329 1569 interpo-

143 1583 272 1666 labant,
296 1585 336 1653 de
355 1604 418 1672 qua
440 1604 475 1651 re
499 1583 601 1649 multa
623 1584 779 1671 inpriore
802 1594 894 1671 parte
917 1586 1111 1651 notavimus

192 1688 400 1758 Ostendimus
431 1689 595 1774 sequiores
617 1708 728 1756 omncs
752 1691 839 1776 turpi
863 1708 973 1756 errore
1000 1690 1135 1756 verbum
1163 1691 1330 1773 δωροδοκεῖν

144 1815 305 1883 usurpare
334 1817 392 1884 pro
424 1798 566 1878 χρήμασι
590 1794 790 1877 διαφθείρειν,
816 1793 901 1860 unde
929 1793 1123 1863 factumest
1147 1805 1184 1863 ut
1213 1796 1330 1879 δωροδο·

146 1905 265 1969 κεῖσθαι
289 1901 476 1969 dicerentur
492 1901 518 1966 oi
539 1902 681 1981 χρήμασι
706 1900 958 1983 διαφθειρόμενοι.
992 1900 1149 1967 Diodorus
1169 1900 1236 1968 Sic.
1249 1900 1329 1968 xt't.

147 2012 201 2074 55.
233 2009 285 2075 καί
317 2007 443 2088 ponec
473 2008 544 2080 τοὺς
579 2006 787 2087 προεςιριιόοας
819 2006 1068 2088 ἐδωροδόκει,
1102 2025 1204 2092 eoque
1236 2024 1330 2073 sensu

145 2113 197 2180 διόι
220 2122 276 2191 τῆς
300 2114 554 2196 δωροδοκίας,
579 2111 757 2197 tarpiendo,
780 2111 901 2197 legitur
920 2111 1003 2177 XVl.
1028 2117 1091 2188 bl,
1123 2119 1156 2178 et
1179 2110 1265 2178 xlx.
1292 2116 1330 2179 te

145 2218 271 2293 τούτους
293 2227 400 2285 πεῖσαι
424 2219 442 2295 ἢ
466 2217 679 2298 δωροδοκεῖν
698 2218 826 2296 ἀγεννὲς
849 2220 967 2297 ἡγεῖτο.
1015 2218 1253 2299 Δωροδοκεῖσθαι
1277 2234 1332 2304 pro

145 2322 373 2406 διαφθείρεσθαι
403 2325 564 2406 χρήμασιν
597 2329 629 2388 et
654 2321 729 2387 attbi
763 2321 882 2408 legitur
906 2330 938 2388 et
970 2322 1055 2409 apud
1091 2322 1260 2411 Polybium
1283 2321 1332 2387 Vl.

147 2432 201 2496 56.
228 2429 327 2518 (παρὰ
348 2431 380 2496 δὲ
403 2438 467 2503 τοῖς
487 2426 660 2515 Ῥωμαίοις)
685 2428 767 2494 οὐδὲν
791 2429 916 2510 αἴσχιον
938 2432 993 2494 τοῦ
1019 2429 1333 2511 δωροδοκεῒοόοιι.

148 2532 201 2600 Sic
226 2535 327 2619 igitur
355 2533 475 2600 lactum
499 2542 565 2609 est,
587 2543 625 2599 ut
649 2532 734 2619 quod
747 2532 823 2598 olim
843 2534 1013 2614 δωροδοκεῖν
1036 2532 1206 2599 dicebatur
1226 2542 1334 2619 posteo

147 2637 310 2704 diceretur
334 2641 578 2721 δωροδοκεῖοόαι,
608 2647 641 2703 et
664 2636 934 2724 deprehendimus
967 2637 1112 2704 indoctos
1135 2647 1334 2705 correctores

148 2744 180 2808 in
208 2764 243 2810 re
270 2743 463 2825 manifesta,
498 2743 551 2810 nbi
574 2743 809 2826 ε’δωροδοκοθμκν
830 2765 889 2830 pro
912 2743 1102 2823 ἐδωροδόκουν
1124 2744 1334 2830 conspicitur.

192 2849 229 2916 lu
253 2849 270 2930 §
294 2856 334 2917 to
364 2852 453 2918 οέλῖιίι
477 2854 594 2916 οιοῖιῖιοῦ
617 2874 668 2929 μοι
691 2850 764 2916 δοκῶ
789 2851 850 2916 δεῖν
869 2849 912 2915 roi
940 2849 1075 2930 ὑμέτεροι
1098 2847 1184 2929 ἔχειν
1208 2847 1335 2923 editur,

146 2954 202 3021 sed
227 2976 289 3022 non
313 2967 360 3023 est
384 2956 462 3022 haee
485 2974 562 3021 sana
587 2956 699 3021 oratio.
747 2963 833 3022 Δοκεῖ
856 2980 907 3035 μοι
931 2954 971 3020 ab
996 2952 1181 3020 huiusmodi
1206 2955 1335 3039 negotio

146 3080 280 3148 prorsus
302 3062 474 3137 abhorret,
498 3080 581 3148 quae
604 3061 700 3126 verba
722 3070 790 3126 tum
814 3061 943 3127 demum
967 3068 1054 3126 recte
1085 3065 1254 3147 ponuntur
1281 3056 1335 3124 ubi

147 3167 219 3254 quis
243 3168 365 3254 opinari
392 3189 426 3234 se
451 3165 571 3252 aliquid
596 3165 675 3232 dicit
699 3177 756 3233 aut
780 3167 953 3252 suspicari,
978 3167 1024 3231 ita
1050 3172 1083 3229 ut
1106 3183 1179 3229 eum
1205 3183 1243 3230 ea
1268 3163 1336 3250 opi-

146 3273 201 3338 nio
226 3280 282 3338 aut
309 3273 450 3362 suspicio
479 3271 587 3338 tallere
620 3271 730 3358 possit.
779 3272 914 3337 Ponitur
937 3272 1035 3337 etiarn
1063 3269 1185 3335 ironice
1214 3269 1336 3356 siquis

146 3376 231 3462 quod
263 3387 351 3445 certo
385 3379 466 3443 sciat
491 3375 570 3443 nolit
601 3383 688 3443 certo
719 3376 802 3443 scire
825 3376 938 3443 videri.
986 3375 1072 3442 Nihil
1105 3372 1221 3438 borum
1247 3373 1340 3441 cadit

147 3482 180 3547 in
210 3481 297 3548 bunc
327 3483 443 3548 locum.
496 3481 618 3548 bonurn
649 3480 770 3547 lactum
802 3482 888 3568 quod
921 3484 1035 3569 optimi
1066 3479 1197 3575 Codices
1227 3477 1337 3547 lerunt

145 3606 249 3673 opem.
296 3587 457 3673 Egregius
480 3585 562 3652 liber
585 3586 623 3652 ll.
647 3595 678 3652 et
700 3586 736 3652 F.
761 3588 916 3653 omittunt
940 3612 992 3666 μοι
1021 3590 1113 3662 δοκῶ,
1138 3587 1248 3671 itaque
1271 3605 1336 3651 uno

146 3691 300 3759 uocabulo
332 3700 477 3757 correcto
518 3691 601 3758 hanc
636 3711 706 3758 esse
742 3692 964 3780 Xenophontis
1000 3711 1132 3760 manum
1171 3690 1334 3758 arbitror:

144 3798 236 3865 ἀλλὰ
267 3802 384 3864 πολλοῦ
414 3798 482 3863 δέω
511 3799 554 3863 τοὶ
584 3797 719 3879 ὑμέτερα
750 3798 857 3881 ἔχειν,
891 3818 948 3885 pro
971 3799 1061 3865 ἀλλὰ
1084 3802 1202 3865 πολλοῦ
1236 3798 1334 3864 δεῖν.

147 3903 305 3970 Similiter
332 3903 387 3970 δέω
408 3906 439 3968 in
469 3904 517 3970 δεῖ
541 3902 659 3970 abiisse
688 3903 816 3969 ridetur
837 3904 869 3968 in
894 3903 1036 3971 Platonis
1063 3901 1216 3989 Apologia
1238 3922 1270 3989 p.
1292 3906 1334 3969 ὅθί

146 4009 184 4076 Ι).
208 4009 407 4091 κατιργοροίιρν
429 4009 468 4077 διν
492 4009 629 4088 ἐμαυτοῦ
654 4011 692 4083 ὥς
716 4011 798 4084 θεοὺς
822 4011 855 4074 οὐ
879 4011 1000 4094 νομίζω.
1024 4011 1114 4076 botri
1136 4013 1256 4074 πολλοῦ
1275 4009 1346 4075 δεῖ

145 4113 240 4190 οὕτως
266 4115 362 4198 ἔχειν.
395 4114 504 4196 νομίζω
537 4140 572 4181 τε
600 4115 664 4198 γὰρ
696 4118 735 4189 ὡς
764 4116 860 4192 οὐδείς
884 4124 943 4183 τῶν
974 4115 1175 4199 κατηγόρων,
1207 4117 1338 4201 quoties

146 4220 235 4295 hune
256 4220 363 4288 locum
394 4221 501 4308 relego
529 4225 646 4288 πολλοῦ
678 4222 748 4288 δέω
782 4221 875 4300 οὕτως
904 4223 990 4307 ἔχειν
1022 4241 1097 4289 vera
1126 4219 1207 4288 mibi
1239 4218 1338 4289 lectio

147 4347 217 4393 esse
239 4326 378 4394 uidetur.
