2940 5010
694 294 759 358 teo

137 473 348 542 ostendimus.
396 467 542 537 Solebam
575 468 651 534 olim
676 471 708 533 in
734 468 811 535 llore
832 488 870 535 ac
892 466 1007 535 robore
1037 470 1157 537 aetatis
1178 476 1319 537 maturas

137 582 279 667 virgines
301 586 334 644 et
353 574 515 641 laboribus
538 571 706 640 induratas
724 574 757 639 in
781 572 1026 641 matrimonium
1052 596 1189 663 ταραο,
1211 584 1244 643 et
1265 594 1320 663 pn·

136 688 250 754 denter
274 683 426 749 furtivam
451 680 608 746 Venerem
633 681 731 746 etiam
756 699 829 745 curn
857 698 956 747 uxore
978 698 1152 757 exercere.
1184 689 1217 749 et
1240 700 1320 768 quae

136 794 198 859 alia
222 785 442 857 huiuscemodi
468 804 505 850 ex
528 793 648 852 reuicta
672 786 866 872 antiquitate
889 783 1038 853 lubenter
1049 784 1203 873 spartani
1212 784 1320 873 bospi-

135 898 223 963 tibus
246 896 315 961 suis
338 889 524 958 narrabant.
572 890 633 957 Sed
659 889 736 957 baec
759 891 835 956 olim
861 890 970 958 luere:
1003 892 1077 957 viro
1108 891 1319 980 Xenophonte

133 1006 168 1071 αἱ
192 1002 369 1080 έπέκλνροι,
394 1017 493 1082 quum
515 995 785 1081 locupletissimae
806 1006 913 1063 essent
923 1046 939 1073 ‚.
954 1016 1051 1084 saepe
1069 998 1170 1064 etiam
1190 996 1320 1063 senibus

134 1110 168 1174 ia
193 1104 434 1173 matrimonium
468 1100 647 1177 dabantur,
677 1108 751 1167 eta
782 1101 862 1168 siris
890 1101 1065 1188 diligenter
1086 1102 1318 1179 merebantur,

135 1212 190 1280 scd
213 1210 357 1285 trustra,
381 1207 420 1273 ob
445 1207 605 1291 insignem
631 1205 859 1292 plerarumque
882 1208 1061 1294 nequitiam
1088 1214 1122 1273 et
1150 1205 1321 1295 impudici·

133 1322 225 1386 tiam.
272 1312 355 1395 Quid
380 1311 580 1398 Xenophon?
617 1311 788 1378 Veteribus
811 1332 893 1379 nova
915 1311 1127 1379 admiscebat
1146 1330 1188 1379 ea
1212 1320 1320 1379 narrat

135 1424 167 1489 in
193 1419 311 1508 quibus
334 1416 464 1483 difficile
485 1426 533 1483 est
556 1419 659 1483 risum
684 1426 805 1484 tenere.
852 1416 959 1484 burae
989 1416 1077 1503 leges
1100 1425 1181 1484 sunt
1213 1417 1322 1485 adrer-

132 1547 189 1594 sus
210 1521 348 1591 caelibes
371 1522 473 1602 latae,
496 1532 528 1588 et
553 1542 673 1608 menae
691 1542 805 1608 graves
827 1530 906 1589 sarit
925 1529 958 1589 et
978 1522 1199 1591 contumeliae
1221 1526 1318 1592 etian

133 1632 308 1721 graviores.
356 1627 440 1694 llaec
465 1629 595 1713 antiqua
620 1638 706 1694 suut.
756 1626 845 1693 »Non
863 1627 967 1713 placet
991 1648 1123 1695 onorem
1145 1630 1322 1697 duces-eso

133 1760 169 1805 re
190 1736 305 1803 onorio
326 1733 471 1799 oblrorrct
492 1735 641 1799 animes:
665 1752 780 1821 quom
802 1733 859 1798 tibi
891 1733 1005 1799 liberor
1025 1755 1065 1799 ee
1089 1732 1197 1801 alieno
1227 1754 1322 1803 υαοοι

134 1848 273 1932 formosa
297 1850 327 1907 el
359 1839 515 1928 foecunda
537 1841 629 1906 πιθὼν
651 1842 704 1905 τὸν
729 1838 880 1921 ἔχοντα.”
927 1839 996 1905 Non
1027 1846 1106 1905 sunt
1137 1838 1220 1907 bace
1244 1840 1321 1907 nnll-

135 1970 198 2038 qua
225 1967 283 2014 ncc
310 1942 501 2035 Lycurgos:
527 1965 589 2010 uon
615 1954 663 2011 est
690 1944 833 2011 ciusdem
869 1943 924 2010 illa
950 1942 1061 2011 iubere
1085 1953 1118 2012 et
1143 1945 1226 2013 baec
1254 1966 1323 2015 eon

134 2056 258 2123 cedere.
307 2050 441 2137 Impune
465 2052 567 2136 igitur
591 2050 677 2133 leges
707 2051 805 2116 nimis
828 2048 928 2116 durae
952 2050 1087 2117 mutatis
1110 2050 1261 2117 moribus
1285 2048 1323 2117 ab

135 2160 285 2228 ornnibus
309 2155 565 2242 rregligebantur.
615 2155 749 2221 Uxorem
783 2154 903 2221 ducere
933 2153 1082 2222 noluerat
1113 2156 1322 2245 Dercylidas:

136 2264 364 2354 exprobratum
388 2263 416 2328 ei
437 2270 485 2327 est
511 2260 608 2349 (rtur.
636 2261 711 2347 Lpo.
737 2259 808 2348 15):
834 2259 915 2325 solet
938 2260 983 2327 ita
1006 2260 1098 2339 lieri,
1128 2262 1323 2348 Epaminon·

136 2372 195 2438 dae
218 2368 442 2455 exprobratum
476 2365 559 2431 idem
590 2374 638 2432 est
671 2364 847 2450 nrnltisqne
868 2365 961 2443 aliis,
996 2365 1053 2431 scd
1080 2365 1161 2433 nibil
1183 2366 1225 2433 ob
1255 2386 1323 2435 eant

136 2497 205 2545 rom
231 2474 340 2539 darum
375 2473 460 2558 oepit
492 2479 548 2537 aut
574 2469 740 2537 dedecoris
776 2469 985 2559 Dercylide,
1022 2490 1118 2559 quem
1148 2470 1323 2560 Xenopbon

137 2580 366 2671 probauerit,
392 2585 427 2642 ut
450 2578 571 2663 opinor.
622 2576 806 2640 Priscorum
828 2574 937 2660 legum
955 2574 1109 2643 duritiem
1130 2576 1218 2645 lerre
1242 2580 1324 2645 ciret

138 2709 200 2755 non
226 2690 389 2771 pulcrant:
427 2684 536 2767 itaque
566 2683 610 2759 nb
644 2680 804 2760 δυνάμενοι
837 2690 994 2762 καρτερεῖν
1021 2683 1122 2765 λάθρα
1150 2683 1205 2749 τδν
1240 2682 1325 2763 νόμον

137 2788 412 2871 ἀποδιδράσκοντες
445 2788 603 2853 ἀπέλαυον
635 2794 693 2850 τιῖν
721 2794 905 2864 σωματικῶν
931 2790 1059 2865 ἡδονῶν,
1091 2796 1174 2855 leste
1204 2790 1325 2855 Aristo·

137 2898 200 2966 telo
224 2895 315 2963 l‘ulit.
338 2894 377 2959 ll.
403 2899 434 2959 6.
464 2899 633 2958 stratura
656 2890 876 2958 lroudnumet
901 2912 962 2958 usu
984 2892 1211 2961 confirmante.
1261 2894 1324 2961 lant

139 3002 281 3069 vidimus
304 2997 350 3066 dre
374 3002 433 3064 τῶν
457 3004 609 3076 γυναικῶν
632 2996 666 3073 ἦν
686 3005 743 3071 τῆς
764 2996 869 3072 nolana
891 2998 996 3079 χώρας
1022 3005 1082 3064 τῶν
1105 3000 1201 3066 πέντε
1230 3006 1325 3081 μεροῖν

138 3111 181 3176 τὰ
204 3108 265 3175 δύο.
314 3104 500 3171 Aristoteles
524 3100 633 3168 eodem
662 3102 729 3167 loco
761 3102 825 3167 Pol.
847 3101 886 3167 ll.
912 3106 943 3166 6.
976 3102 1056 3169 baec
1079 3102 1191 3170 addit:
1225 3104 1324 3171 νῦνδδ

140 3214 220 3293 έέεςι
245 3211 349 3278 δοῦναί
379 3236 413 3275 τε
442 3210 498 3283 τὴν
535 3207 696 3288 ἐπίκληρον
725 3204 782 3289 ὅτῳ
813 3206 853 3273 διν
886 3208 1064 3288 βούληται·
1099 3208 1160 3275 κᾶν
1192 3209 1328 3293 inridre

138 3323 184 3401 pb
207 3319 380 3396 διαθέμενος
403 3314 434 3380 ὃν
453 3314 493 3381 διν
517 3314 681 3396 καταλίπῃ
704 3315 884 3395 κληρονόμον
907 3312 993 3387 οὗτος
1015 3310 1037 3396 ᾧ
1060 3313 1099 3379 ἂν
1119 3314 1192 3397 θέλοι
1216 3318 1327 3383 δι’δυοι.

140 3427 173 3494 Si
199 3443 262 3511 qna
285 3430 370 3489 esset
394 3421 613 3485 controversia
645 3420 748 3503 Reges
778 3421 839 3505 ipsi
871 3418 1082 3497 iudicabant,
1115 3428 1201 3486 teste
1233 3420 1328 3487 liern-

141 3532 214 3598 doto
238 3529 290 3595 Vl.
318 3533 382 3603 57,
407 3546 424 3592 a
449 3544 512 3609 qun
537 3522 639 3608 llogcs
661 3523 816 3589 dicuntur
837 3524 971 3607 δικάζειν
993 3527 1232 3608 πατρούχου
1254 3550 1328 3609 παρ·

141 3638 222 3704 έένου
249 3636 339 3716 πέρι,
364 3634 395 3705 ἐς
427 3632 479 3696 τδν
504 3630 638 3696 ἱκνέεται
667 3630 772 3711 ἔχειν,
796 3632 832 3705 ἢν
855 3633 958 3711 μήτερ
984 3631 998 3695 ὁ
1023 3634 1127 3710 πατὴρ
1149 3634 1252 3708 αὐτὴν
1277 3634 1329 3711 έν·

139 3746 262 3824 γνοῖεν,
296 3738 350 3805 ubi
374 3755 426 3801 nro
457 3734 598 3801 nondum
622 3735 763 3821 poenitet
789 3754 845 3819 pro
869 3736 1072 3816 πατρούχου,
1105 3736 1191 3820 quod
1214 3736 1328 3804 absur-

138 3849 217 3915 dum
241 3854 313 3922 cst,
336 3842 518 3929 reposuisse
541 3842 733 3921 παμούχου,
757 3839 789 3904 id
815 3850 864 3906 est
888 3842 1062 3921 ἐπικλήρου.
1109 3840 1238 3923 Quibus
1261 3862 1328 3909 mn

140 3953 231 4020 ribus
260 3960 411 4037 putemus
443 3946 542 4013 luisse
579 3946 657 4011 istas
689 3944 816 4011 dotatas
846 3956 879 4011 ct
913 3947 1107 4033 impotentes
1139 3946 1329 4015 Lacaenas?

137 4056 319 4146 Respondet
343 4052 552 4121 Aristoteles:
577 4049 665 4131 ζῶσιν
689 4050 852 4125 decedens
884 4052 957 4133 πρὸς
984 4049 1118 4119 ἅπασαν
1149 4054 1328 4119 ἀκολασίαν

136 4167 189 4233 καὶ
213 4167 388 4245 τρυφερῶς,
419 4167 451 4226 el
476 4164 547 4244 posi
573 4175 695 4242 pauca:
730 4158 783 4223 καὶ
808 4157 881 4238 πρὸς
910 4158 962 4223 τὸν
993 4156 1131 4236 πόλεμον
1160 4158 1328 4239 βλαβερά·

135 4295 232 4336 ταται
263 4270 297 4335 at
316 4274 379 4333 τῶν
405 4266 558 4332 Λακώνιον
586 4270 733 4341 γυναῖκες
759 4261 847 4339 ἦσαν.
873 4263 1030 4339 ἐδήλωσαν
1051 4264 1083 4330 al
1107 4262 1159 4329 ἐπὶ
1184 4271 1242 4338 τῆς
1268 4269 1328 4329 τῶν

135 4377 281 4454 Θηβαίαν
304 4374 455 4453 ἐμβολῆς.
480 4371 627 4453 χρήσιμοι
662 4368 805 4449 μὲνγὰρ
829 4367 1033 4447 νύδὲνῆταν,
1064 4368 1166 4449 ὥσπερ
1198 4370 1231 4434 έν
1255 4376 1329 4443 ταῖς
