2940 5010
719 263 762 325 96

146 434 310 521 ruuitaque
335 432 406 499 alia.
455 434 650 505 erassantur
677 436 707 500 in
734 434 1003 524 poetisssquuque,
1027 431 1083 501 uhi
1103 436 1154 503 ἔτ’
1171 437 1325 521 ιιθτιφθρρ

145 539 439 628 deprehenduntur.
485 542 621 613 Photius
645 562 676 610 ν,
700 542 817 609 οθτθαν.
863 541 1000 615 Εθτολις
1023 539 1168 609 Πόλεσιν.
1198 542 1261 618 Ὃς
1277 545 1321 621 rin

145 649 175 713 ἐν
197 648 361 729 Μαραθῶνι
383 647 552 716 κατέλιπεν
579 653 652 730 ἡμῖν
671 647 788 715 οὐσίαν.
836 646 998 714 Pomanus
1016 645 1176 715 domarit:

325 748 357 827 ὃς
375 755 430 831 τὴν
452 742 617 840 Μαραθιένι
638 754 788 835 ιιατέλιφ’
813 752 886 832 ἡμῖν
905 751 1036 819 οὔτθαν.
1096 774 1100 781 ·

145 858 200 925 sed
230 859 361 945 impune
384 857 491 927 adhuc
519 867 696 948 peccarunt
720 859 753 925 in
782 855 1008 945 Aristophanis
1038 854 1222 944 fragmento
1248 856 1322 946 apud

146 964 260 1031 Athen.
283 962 340 1030 111.
363 968 437 1029 111.
459 965 496 1033 Α.

233 1069 285 1136 καὶ
309 1069 462 1149 κολλύραν
485 1080 564 1140 τοῖοι
590 1077 719 1155 τερῶτιν
740 1070 793 1138 διὰ
813 1072 883 1137 τούν
904 1065 1072 1151 trapetum
1088 1074 1253 1151 τριταῖον.

144 1195 218 1241 uam
252 1193 292 1240 ne
318 1172 476 1260 Berghiua
499 1176 629 1263 quidem
654 1177 763 1264 paruit
790 1173 944 1241 Elmsieio
964 1171 1006 1241 ad
1037 1172 1179 1241 Acharn.
1200 1193 1249 1241 va.
1267 1178 1323 1243 att

144 1280 325 1346 rectissime
351 1279 537 1348 emendanti
565 1282 618 1350 hir
638 1287 694 1349 τοῦ
721 1280 888 1363 Μαραθῶνι
915 1278 1078 1362 τροταθονι
1107 1296 1204 1348 nemo
1227 1286 1325 1347 tamen

144 1386 250 1471 capiet
269 1403 422 1471 umquam
442 1385 521 1473 quid
541 1387 586 1454 sit
601 1392 700 1470 τερῖον
718 1388 770 1455 aa
792 1386 828 1452 τθ
847 1391 991 1466 τροπαῖον
1009 1392 1043 1452 et
1067 1403 1162 1452 neme
1178 1402 1325 1473 umquam

143 1498 289 1557 veterum
320 1490 351 1555 ἔν
374 1493 540 1574 Μαραθῶνι
566 1492 659 1559 dixit.
713 1492 825 1579 ltaque
847 1487 999 1557 Aeschini
1022 1492 1143 1559 Adarin
1174 1488 1326 1559 reddeat

144 1595 263 1662 similia
284 1595 360 1661 vitia
382 1595 468 1683 apud
488 1596 568 1664 alios
591 1596 690 1665 simiii
712 1597 837 1665 ratione
858 1595 942 1663 totle.

189 1701 292 1767 Locus
313 1700 480 1768 Menandri
506 1711 540 1769 et
569 1702 610 1769 ah
635 1702 697 1770 aiio
718 1709 752 1769 et
779 1721 799 1768 a
827 1698 1005 1769 Scholiasta
1032 1699 1192 1790 Apollonii
1216 1698 1326 1769 anoth

144 1808 199 1874 ΙΙΙ.
229 1811 305 1873 294.
327 1805 478 1874 laudatus
501 1806 540 1875 ad
564 1803 851 1875 demonstrandum
873 1802 920 1873 ἔτι
947 1808 984 1874 τθ
1013 1805 1185 1889 ἔναγχος
1211 1806 1324 1875 τθθοτιιι

143 1913 195 1979 καὶ
220 1912 270 1979 ἔτι
291 1912 401 1994 χρόνον
425 1912 458 1978 in
480 1912 588 1980 verbis
608 1912 704 1993 ἔγημ’
721 1911 859 1994 ἔναγχος
879 1911 1030 1980 admonet
1053 1931 1106 1979 me
1127 1910 1190 1979 loci
1213 1912 1328 1981 minere

144 2019 307 2106 depravati
339 2018 373 2084 in
397 2018 542 2085 eratione
567 2016 721 2086 Dinarchi
749 2018 836 2085 κατα
863 2017 1086 2098 Δημοσθένους.
1121 2014 1224 2107 sat.
1248 2016 1328 2087 οθδθν

142 2123 228 2198 οὗτος
247 2126 398 2206 χρήσιμος
421 2125 498 2189 ἄλλ’
522 2123 540 2199 ἢ
560 2131 624 2198 τοῖς
647 2125 768 2207 ἔχθροθς
786 2122 873 2189 κατὰ
896 2131 953 2200 τῆς
975 2122 1094 2198 πόλεως
1119 2130 1256 2199 waiam
1273 2144 1327 2193 ιιι·

141 2232 295 2304 cassania
314 2230 420 2312 ἑτέροιο
441 2226 490 2295 οἵα
506 2230 556 2294 ἔνι’
576 2231 668 2309 αθγθς
685 2228 809 2308 ἔγένοτο
825 2226 877 2295 ὅτε
897 2226 1136 2307 hendecadem
1151 2230 1211 2309 μὲν
1228 2224 1327 2295 ὅταν·

142 2360 194 2410 τες
218 2333 467 2416 ἐξετρατευταν,
497 2334 623 2417 Ἀχαιοὶ
643 2336 676 2402 δὲ
698 2334 752 2400 καὶ
771 2336 886 2401 Ἠλεῖοι
908 2339 968 2401 τῶν
989 2331 1192 2416 πραγμάτοιν
1214 2334 1327 2401 ἔνιοινέ·

143 2465 229 2518 νονν,
258 2442 396 2522 θτῆρχον
420 2440 453 2506 δὲ
474 2437 552 2517 ξένοι
577 2441 700 2521 μύριοι,
732 2438 934 2523 Ἀλέξανδρος
961 2439 993 2506 δὲ
1015 2439 1048 2505 ἔν
1071 2438 1174 2515 Ἰνδοῖς
1199 2437 1237 2519 ἦν
1262 2438 1330 2511 πθ.

142 2545 244 2612 Nauci
263 2563 327 2609 non
351 2551 428 2610 sunt
450 2544 482 2609 in
508 2542 559 2610 his
581 2545 632 2611 ἔτ’
655 2544 765 2624 carta.
791 2553 825 2611 at
849 2544 949 2613 nihiio
970 2542 1086 2611 melius
1107 2544 1160 2611 ἔτ’
1176 2544 1334 2626 Ἄγιδος,

142 2650 226 2739 quud
247 2648 483 2736 Wesseiingius
501 2648 542 2715 ad
561 2648 653 2718 Iliad.
670 2650 734 2718 Sic.
750 2649 848 2717 xvir.
866 2653 910 2717 tta
931 2646 1152 2737 reponendum
1168 2670 1241 2719 esse
1254 2668 1327 2721 cen-

141 2756 229 2833 suit,
253 2773 431 2841 numquam
455 2754 541 2821 enim
564 2755 619 2822 ἔτθ
633 2779 713 2830 τινος
737 2753 859 2821 dicitur
876 2754 917 2823 de
936 2774 993 2832 aa,
1015 2755 1072 2842 qui
1095 2774 1171 2823 cunr
1190 2754 1331 2845 imperia

141 2870 191 2929 est
206 2859 247 2927 ad
264 2858 481 2926 definiendum
499 2878 637 2939 annum,
660 2881 724 2947 quo
745 2858 863 2927 bellum
881 2861 924 2927 sit
940 2868 1080 2947 gestum.
1114 2859 1226 2949 Neque
1241 2860 1333 2935 dont

141 2987 245 3055 neque
274 2964 408 3032 militiae
439 2966 490 3030 ἐπ’
514 2966 645 3044 Ἄγιδος
674 2973 762 3033 recte
790 2964 915 3032 dictum
946 2965 1028 3034 erit:
1063 2964 1166 3033 iihem
1192 2966 1328 3043 Graech
1368 3036 1372 3055 1

141 3092 252 3140 cerum
274 3077 419 3149 tantum,
443 3070 501 3156 qui
523 3072 680 3151 ἕτθνοριον
702 3072 805 3154 ιὶρχθν
826 3069 981 3156 gerebant
1001 3068 1174 3154 ιἰρχοντοι,
1197 3073 1329 3159 ipim}
1354 3068 1372 3164 ,ἶ

140 3177 366 3261 ἱερομνάμονος,
390 3176 628 3259 ςεφαννφθροιι,
652 3176 851 3257 τρντιένιδος,
875 3166 1360 3257 νοιθοροον,ο1ἰο)ι·ιιιιι,ιιιοιιιίιιι’,.Ι

139 3293 226 3352 recte
258 3302 333 3348 cum
353 3281 407 3348 ἔτθ
426 3281 670 3367 coniunguntur
690 3282 723 3347 in
744 3280 908 3349 historicis
927 3282 1057 3369 quidem
1080 3291 1114 3351 et
1135 3280 1331 3359 Oratorihnr.

140 3396 172 3456 et
203 3387 374 3465 omnihus,
401 3386 457 3473 qui
488 3387 572 3453 serio
599 3385 777 3473 loquuntur
804 3396 837 3454 et
858 3388 1004 3475 papiniani
1030 3388 1141 3476 lingua
1167 3374 1343 3459 utuntnrt'

140 3491 347 3581 quamohrem
362 3491 412 3557 ἔτ’
425 3490 556 3569 Ἄγιδος
578 3490 678 3558 nihiio
697 3492 809 3559 sanius
825 3502 874 3560 est
892 3513 991 3581 quam
1011 3495 1062 3561 ἔτ’
1076 3495 1180 3574 αἰγθς.
1227 3482 1342 3583 rqu'

140 3599 212 3665 darn
241 3598 274 3664 in
298 3604 486 3663 ΕΠΛΙΓΟΣ
514 3595 615 3663 latere
639 3597 787 3686 suspicor
809 3607 1013 3667 ΕΝΛΓΧΟΣ
1034 3599 1173 3685 ἔναγχος
1192 3609 1228 3671 et
1253 3606 1325 3671 erni

139 3706 252 3791 utique
274 3702 496 3770 recentissima
515 3701 612 3769 huius
631 3704 680 3770 rei
700 3704 873 3782 memoria,
896 3724 998 3791 quum
1019 3708 1053 3775 iu
1075 3704 1323 3777 Demosthenem

138 3809 314 3879 adversarii
344 3807 487 3896 undique
518 3807 675 3895 impetum
698 3808 854 3878 iecerunt.
898 3811 1014 3880 Paucis
1041 3821 1117 3883 ante
1140 3814 1237 3883 annis
1256 3820 1325 3885 tots·

137 3916 271 3983 Graecia
293 3920 445 3981 eventum
468 3912 567 3980 huius
587 3913 661 3981 helii
681 3916 778 3982 anxia
797 3926 1037 4007 exspectaverat
1053 3926 1086 3987 ct
1109 3921 1143 3988 iu
1163 3920 1335 3993 invidiam·
1365 3916 1372 3963 ¹

136 4023 235 4088 huius
254 4020 301 4087 rei
326 4018 488 4087 mentione
505 4018 607 4087 satius
625 4027 695 4087 erat
713 4021 820 4092 dicere
839 4022 888 4092 οἵα
905 4024 1042 4110 ἔναγχος
1059 4026 1200 4107 ἔγένετο,
1222 4044 1319 4117 qum
1341 4058 1344 4063 ·

137 4126 271 4214 Apidem
285 4127 460 4195 nominare.
485 4124 642 4208 Quoniam
663 4125 800 4213 ἔναγχος
825 4131 859 4197 in
883 4130 1128 4201 desuetudinem
1144 4131 1271 4221 abierat
1289 4142 1344 4229 etp,

138 4242 200 4309 τοῖς
221 4235 353 4309 ἰδιώταις
366 4240 437 4300 erat
459 4232 683 4317 incognitum,
706 4233 799 4303 tacite
822 4236 891 4305 fieri
904 4239 1009 4326 potuit
1021 4247 1058 4307 ut
1077 4238 1321 4329 depravaretur.
