2940 5010
665 315 727 377 765

112 489 225 556 lienum
256 495 328 576 post
357 486 389 552 id
421 486 541 554 lactum
573 506 643 554 esse
673 486 800 567 Ἀρχίου
834 485 892 564 μὲν
924 485 1083 562 Ἀθήνησιν
1114 483 1286 569 ἄρχοντος,

112 594 213 674 lyddae
236 595 268 662 δὲ
290 592 504 672 Ὀλυμπιοέθος
528 592 580 659 καὶ
613 594 760 667 ἕκατον-ἥς
794 590 855 658 ἔτει
883 591 983 674 τρθτςι.
1030 589 1097 658 Nisi
1122 589 1202 658 loric
1226 610 1283 679 ptt·

112 698 187 767 ubis
213 698 459 768 Demosthenem
484 697 657 764 nescivisse
680 718 743 784 quo
767 717 851 763 anno
873 696 1083 764 Athenienses
1109 716 1183 764 cum
1207 697 1284 764 Phi·

113 804 189 892 ippo
219 824 331 893 pacem
363 804 623 889 composuerint,
655 822 718 889 qua
741 803 917 890 composita
950 810 1021 889 post
1052 821 1179 868 menses
1201 821 1280 888 qoa-

112 928 177 977 uor
211 910 390 978 Phocenses
424 909 599 997 perierunt.
655 907 711 974 Vel
743 908 809 975 sola
849 907 1037 996 Pythioruur
1073 906 1216 985 mentio,
1248 908 1282 972 in

112 1014 218 1103 puibus
247 1023 372 1082 constat
407 1014 588 1100 Philippum
618 1014 781 1081 τάπινίκια
815 1012 1014 1092 celebrasse,
1048 1033 1117 1080 rem
1141 1011 1281 1078 coniicit.

112 1118 219 1186 lideor
249 1120 329 1185 mihi
363 1122 541 1205 perspicere
575 1117 652 1205 quid
684 1119 875 1184 Pausaniam
901 1119 932 1183 iu
957 1118 1048 1185 illum
1074 1115 1279 1185 manifestum

112 1243 241 1291 tuorem
271 1224 446 1312 impulerit.
492 1224 638 1290 Primum
661 1224 734 1290 belli
763 1244 883 1290 annum
911 1231 998 1291 recte
1028 1224 1132 1311 posuit
1162 1232 1278 1288 certam

112 1329 328 1397 historicorum
362 1329 456 1395 fidem
495 1337 627 1396 secutus
661 1331 858 1410 Ἡρακλείδου
888 1330 946 1409 μὲν
979 1328 1215 1410 πρυτανεύοντος
1249 1330 1280 1393 ἐν

112 1441 241 1520 λιλφοΐς
264 1435 317 1502 καὶ
345 1435 571 1514 Ἀγαθοκλέους
595 1435 754 1511 'Allienum
780 1433 927 1518 ἄρχοντος
954 1436 1019 1499 κτέ.
1067 1433 1181 1501 Sumla
1203 1434 1283 1501 haec

112 1548 177 1609 unt
207 1561 226 1608 e
255 1540 448 1607 Callisthene
483 1559 544 1605 aux
580 1539 766 1627 Demophilo
798 1549 854 1606 aut
877 1538 1089 1627 Cephisodoro
1122 1560 1185 1607 aux
1219 1539 1282 1606 alio

112 1664 162 1734 {uo
185 1645 394 1712 historiarum
418 1647 595 1731 scriptore,
619 1643 702 1730 apud
725 1664 819 1731 quem
849 1655 937 1712 certa
961 1655 1142 1730 temporum
1167 1645 1280 1712 notitia

112 1750 271 1838 liligentev
293 1760 377 1816 esset
398 1751 571 1816 memoriae
594 1747 729 1836 prodita.
779 1750 899 1816 Deinde
920 1750 1095 1816 Pausanias
1115 1749 1280 1837 vulgarem

112 1856 217 1923 'amam
243 1864 374 1921 secutus
404 1863 454 1921 est
477 1854 516 1921 ab
540 1853 728 1921 Oratoribus
750 1855 866 1921 Atticis
899 1866 1126 1942 propagatam,
1157 1874 1196 1922 ex
1216 1875 1280 1941 qua

126 1959 271 2040 -aedttepcoe
304 1959 475 2036 δεκέτης
507 1960 651 2038 γενέσθαι
688 1959 781 2045 vulgo
812 1959 1023 2029 credebatur:
1056 1968 1089 2026 el
1110 1959 1156 2026 ὅτι
1188 1961 1202 2025 θ
1227 1960 1279 2027 Φθ-

112 2088 209 2140 mcc
239 2064 334 2146 πέρας
357 2067 400 2147 τῷ
424 2066 551 2148 πολέμῳ
574 2066 702 2139 ἐπέθηκε
732 2067 775 2148 τῷ
807 2065 964 2149 δεκάτῳ
990 2066 1075 2146 μετθι
1098 2067 1155 2141 ‘riv
1177 2064 1277 2132 κατοί-

112 2176 190 2255 ιιψιν
213 2170 288 2237 ἔτει.
337 2169 419 2236 Hinc
440 2168 560 2236 lactum
581 2178 631 2236 est
655 2177 691 2235 ut
713 2170 865 2236 decimum
886 2170 926 2237 ab
951 2168 1122 2257 Agathocle
1144 2169 1277 2235 archon·

112 2295 159 2344 nm
184 2274 395 2362 Theophilum
421 2282 571 2362 poneret,
595 2292 695 2360 quum
724 2294 762 2341 ex
791 2274 852 2342 fide
877 2295 985 2342 rerum
1010 2283 1173 2361 gestarum
1205 2274 1280 2340 dun·

112 2381 248 2451 θιοὲιιινιιι
281 2380 432 2447 Archiam
465 2399 582 2467 ponere
615 2377 787 2445 debuisset.
835 2380 955 2467 Nempe
983 2379 1101 2466 duplex
1132 2376 1171 2445 de
1204 2377 1276 2445 helli

112 2486 187 2554 nitio
210 2485 296 2552 lama
319 2494 369 2552 est
400 2485 574 2550 memoriae
606 2482 750 2570 prodita,
787 2504 882 2570 quam
919 2484 1076 2551 [liodorus
1105 2491 1279 2569 utramque

112 2591 280 2668 nniunxit,
312 2591 487 2657 Pausanias
517 2590 650 2656 miscuit
676 2597 708 2654 et
732 2586 887 2656 conludii.
934 2589 1043 2657 Altera
1067 2589 1277 2656 historiarum

112 2697 268 2784 criptores
290 2703 390 2763 testes
413 2694 523 2762 habet:
548 2695 649 2762 altera
672 2695 814 2760 manavit
834 2714 874 2761 ex
893 2693 1065 2763 Oratorum
1089 2715 1276 2763 mouumen-

112 2803 145 2870 is.
191 2800 348 2888 Equidem
383 2800 547 2867 historicis
579 2799 674 2867 credo
705 2802 756 2866 ἐπ’
776 2801 1003 2879 Ἀγαθοκλέους
1029 2801 1102 2869 belli
1127 2803 1217 2868 initia
1243 2814 1280 2869 ct

112 2927 206 2975 nusas
227 2907 369 2994 primum
401 2925 471 2972 esse
505 2913 613 2971 natas:
650 2903 819 2972 (iratorum
854 2914 886 2972 et
916 2905 1022 2992 populi
1054 2893 1161 2992 opinio
1194 2907 1284 2974 trodo

112 3022 244 3100 nnccpta
273 3013 316 3077 sit
341 3031 359 3078 e
381 3009 599 3097 Xenophontis
621 3008 689 3077 loeo
712 3011 802 3077 tenui
838 3010 974 3097 quadam
1001 3013 1183 3098 suspicione
1210 3013 1284 3078 col--

113 3138 165 3208 go.
212 3116 330 3190 Credo,
357 3117 506 3202 inquam,
530 3115 717 3201 llemoplrilo
742 3117 808 3205 (cui
830 3115 959 3182 difficile
979 3127 1029 3182 est
1050 3137 1109 3182 noo
1132 3117 1274 3205 credere)

112 3248 138 3293 τι
166 3222 277 3307 ἤρξατο
309 3225 323 3289 θ
356 3223 492 3303 πθλεμος
516 3225 573 3288 ἀπ’
608 3222 835 3300 Ἀγαθοκλέους
866 3219 1014 3304 ἄρχοντος
1047 3224 1099 3288 καὶ
1130 3223 1281 3303 διέμεινεν

112 3354 145 3408 ιιι
164 3328 333 3405 ἕνδεκα,
360 3336 396 3393 ut
420 3328 586 3413 Philippus
608 3346 692 3393 anno
713 3327 891 3394 duodecimo
918 3347 1034 3413 poenas
1065 3327 1104 3393 de
1133 3327 1278 3394 sontibus

112 3436 247 3503 umserit
275 3432 511 3519 Phocidemque
544 3434 729 3499 vastaverit.
784 3432 972 3498 lnchoatum
1004 3441 1052 3498 est
1088 3431 1205 3498 bellum
1239 3454 1278 3499 ex

112 3541 276 3609 aratione
298 3560 378 3605 anno
403 3560 463 3604 υιιο
486 3539 674 3627 priusquam
695 3537 811 3604 sociale
835 3536 952 3604 bellum
975 3539 1186 3624 compositum
1212 3548 1277 3604 est:

112 3666 172 3713 ιικο
204 3666 265 3710 ooo
293 3645 479 3732 priusquam
515 3643 690 3732 Xenophon
723 3643 788 3725 περὶ
822 3644 919 3725 πόρον
951 3645 1093 3709 instituit
1124 3642 1275 3710 scribere.

112 3750 149 3817 llo
183 3768 266 3816 anno
298 3751 359 3838 (sie
389 3751 474 3816 eninr
510 3750 592 3832 σώζοι
617 3751 660 3816 τοὶ
690 3748 879 3837 φαινόμενα)
914 3749 1091 3815 Phocenses
1127 3749 1275 3834 templum

112 3865 295 3943 ccupnrunt,
322 3854 376 3921 sed
402 3856 563 3921 incertum
588 3874 650 3940 qua
680 3853 719 3920 de
746 3874 844 3920 causa
875 3856 949 3941 poio
973 3855 1104 3919 retinere
1138 3863 1192 3918 ont
1223 3874 1274 3918 ιιο·

112 3971 219 4030 amant
248 3970 302 4028 out
331 3981 391 4024 noo
419 3969 583 4047 potueruut
618 3968 687 4045 post
718 3959 844 4026 brevem
871 3960 1110 4045 occupationem
1136 3957 1276 4035 ἐξέλιπον

112 4068 237 4150 θθερθ.
285 4065 367 4132 Tum
398 4085 473 4131 vero
502 4063 645 4130 Thebani
669 4066 730 4151 ipsi
754 4069 791 4132 τὸ
808 4068 883 4148 ἱερὸν
906 4065 1170 4145 καταλαμβάνειν
1194 4065 1274 4131 ἕπει·

112 4180 192 4242 ivre.
248 4170 464 4239 Phocensibus
497 4172 619 4236 interea
655 4170 817 4257 ingentem
854 4172 988 4238 multam
1024 4171 1275 4258 Amphictyones

115 4280 262 4352 ixerunt;
287 4296 383 4364 quarn
416 4295 515 4363 quum
549 4273 636 4341 nullo
658 4286 752 4363 pacto
783 4276 906 4343 solvere
940 4285 1068 4363 possent
1099 4274 1273 4342 adrerum

112 4384 234 4452 mniuur
259 4382 513 4469 desperationem
539 4380 661 4450 redacti
689 4391 720 4448 ct
747 4383 879 4470 insuper
906 4403 1004 4469 quum
1035 4382 1171 4449 aliorum
1204 4389 1277 4466 tum

1319 4504 1422 4738 Ι
