<?xml version="1.0" encoding="UTF-8"?>
<!DOCTYPE html PUBLIC "-//W3C//DTD XHTML 1.0 Transitional//EN"
    "http://www.w3.org/TR/xhtml1/DTD/xhtml1-transitional.dtd">
<html xmlns="http://www.w3.org/1999/xhtml" xml:lang="en" lang="en">
 <head>
  <title>
</title>
<meta http-equiv="Content-Type" content="text/html;charset=utf-8" />
  <meta name='ocr-system' content='tesseract 3.04.00' />
  <meta name='ocr-capabilities' content='ocr_page ocr_carea ocr_par ocr_line ocrx_word'/>
</head>
<body>
  <div class='ocr_page' id='page_1' title='image "./novaelectionesq00cobegoog/novaelectionesq00cobegoog_0565.png"; bbox 0 0 2940 5010; ppageno 0'>
   <div class='ocr_carea' id='block_1_1' title="bbox 693 272 759 333">
    <p class='ocr_par' dir='ltr' id='par_1_1' title="bbox 693 272 759 333">
     <span class='ocr_line' id='line_1_1' title="bbox 693 272 759 333; baseline -0.015 0"><span class='ocrx_word' id='word_1_1' title='bbox 693 272 759 333; x_wconf 69' lang='lat'><strong>530</strong></span> 
     </span>
    </p>
   </div>
   <div class='ocr_carea' id='block_1_2' title="bbox 118 441 1321 4462">
    <p class='ocr_par' dir='ltr' id='par_1_2' title="bbox 118 441 1321 4462">
     <span class='ocr_line' id='line_1_2' title="bbox 134 441 1320 532; baseline 0.004 -23"><span class='ocrx_word' id='word_1_2' title='bbox 134 443 247 510; x_wconf 89' lang='lat' dir='ltr'><strong>tractis</strong></span> <span class='ocrx_word' id='word_1_3' title='bbox 280 441 384 508; x_wconf 82' lang='lat' dir='ltr'><strong>sicubi</strong></span> <span class='ocrx_word' id='word_1_4' title='bbox 419 443 451 507; x_wconf 92' lang='lat' dir='ltr'><strong>in</strong></span> <span class='ocrx_word' id='word_1_5' title='bbox 487 443 668 509; x_wconf 79' lang='lat' dir='ltr'><strong>Atticorum</strong></span> <span class='ocrx_word' id='word_1_6' title='bbox 697 444 835 531; x_wconf 82' lang='lat' dir='ltr'><strong>scriptis</strong></span> <span class='ocrx_word' id='word_1_7' title='bbox 867 451 1056 532; x_wconf 76' lang='lat' dir='ltr'><strong>comparent</strong></span> <span class='ocrx_word' id='word_1_8' title='bbox 1088 442 1183 513; x_wconf 90' lang='lat' dir='ltr'><strong>lacile</strong></span> <span class='ocrx_word' id='word_1_9' title='bbox 1211 456 1261 513; x_wconf 86' lang='lat' dir='ltr'><strong>est</strong></span> <span class='ocrx_word' id='word_1_10' title='bbox 1284 447 1320 515; x_wconf 81' lang='lat' dir='ltr'><strong>ai</strong></span> 
     </span>
     <span class='ocr_line' id='line_1_3' title="bbox 132 547 1317 640; baseline 0.004 -24"><span class='ocrx_word' id='word_1_11' title='bbox 132 548 378 635; x_wconf 81' lang='lat' dir='ltr'><strong>intelligendum</strong></span> <span class='ocrx_word' id='word_1_12' title='bbox 412 566 516 635; x_wconf 91' lang='lat' dir='ltr'><strong>neque</strong></span> <span class='ocrx_word' id='word_1_13' title='bbox 551 547 709 616; x_wconf 87' lang='lat' dir='ltr'><strong>debebant</strong></span> <span class='ocrx_word' id='word_1_14' title='bbox 733 548 881 616; x_wconf 83' lang='lat' dir='ltr'><strong>Editores</strong></span> <span class='ocrx_word' id='word_1_15' title='bbox 901 550 934 615; x_wconf 92' lang='lat' dir='ltr'><strong>in</strong></span> <span class='ocrx_word' id='word_1_16' title='bbox 958 549 1059 617; x_wconf 85' lang='lat' dir='ltr'><strong>bione</strong></span> <span class='ocrx_word' id='word_1_17' title='bbox 1091 547 1317 640; x_wconf 79' lang='lat' dir='ltr'><strong>Ghrysostonm</strong></span> 
     </span>
     <span class='ocr_line' id='line_1_4' title="bbox 133 650 1321 741; baseline 0.003 -18"><span class='ocrx_word' id='word_1_18' title='bbox 133 654 222 723; x_wconf 84' lang='lat' dir='ltr'><strong>Orat.</strong></span> <span class='ocrx_word' id='word_1_19' title='bbox 248 654 331 721; x_wconf 85' lang='lat' dir='ltr'><strong>XIV.</strong></span> <span class='ocrx_word' id='word_1_20' title='bbox 354 673 387 741; x_wconf 89' lang='lat' dir='ltr'><strong>p.</strong></span> <span class='ocrx_word' id='word_1_21' title='bbox 408 657 485 720; x_wconf 79' lang='lat'><strong>458.</strong></span> <span class='ocrx_word' id='word_1_22' title='bbox 517 654 671 729; x_wconf 71' lang='lat' dir='ltr'><strong>noandum</strong></span> <span class='ocrx_word' id='word_1_23' title='bbox 694 657 720 722; x_wconf 86' lang='lat' dir='ltr'><strong>ol</strong></span> <span class='ocrx_word' id='word_1_24' title='bbox 743 661 797 722; x_wconf 82' lang='grc' dir='ltr'><strong>τοῦ</strong></span> <span class='ocrx_word' id='word_1_25' title='bbox 822 650 977 731; x_wconf 79' lang='grc' dir='ltr'><strong>ιοσοῦιτοςΙ</strong></span> <span class='ocrx_word' id='word_1_26' title='bbox 998 655 1117 723; x_wconf 74' lang='lat' dir='ltr'><strong>cleirac</strong></span> <span class='ocrx_word' id='word_1_27' title='bbox 1142 658 1234 725; x_wconf 72' lang='grc' dir='ltr'><strong><em>αὐτοὶ</em></strong></span> <span class='ocrx_word' id='word_1_28' title='bbox 1257 684 1321 726; x_wconf 74' lang='lat' dir='ltr'><strong>sa·</strong></span> 
     </span>
     <span class='ocr_line' id='line_1_5' title="bbox 132 758 1320 851; baseline 0.001 -23"><span class='ocrx_word' id='word_1_29' title='bbox 132 763 299 828; x_wconf 75' lang='grc' dir='ltr'><strong>ειιδοῦει</strong></span> <span class='ocrx_word' id='word_1_30' title='bbox 331 761 384 827; x_wconf 72' lang='grc' dir='ltr'><strong>τοι</strong></span> <span class='ocrx_word' id='word_1_31' title='bbox 407 758 559 836; x_wconf 74' lang='grc' dir='ltr'><strong>δεσπότην</strong></span> <span class='ocrx_word' id='word_1_32' title='bbox 585 779 839 828; x_wconf 85' lang='lat' dir='ltr'><strong>commemorare</strong></span> <span class='ocrx_word' id='word_1_33' title='bbox 859 758 1022 828; x_wconf 81' lang='lat' dir='ltr'><strong>indoctam</strong></span> <span class='ocrx_word' id='word_1_34' title='bbox 1058 760 1186 829; x_wconf 79' lang='lat' dir='ltr'><strong>licislii</strong></span> <span class='ocrx_word' id='word_1_35' title='bbox 1223 764 1320 851; x_wconf 87' lang='lat' dir='ltr'><strong>suspi-</strong></span> 
     </span>
     <span class='ocr_line' id='line_1_6' title="bbox 131 865 1319 955; baseline 0.001 -21"><span class='ocrx_word' id='word_1_36' title='bbox 131 868 256 934; x_wconf 85' lang='lat' dir='ltr'><strong>cionem</strong></span> <span class='ocrx_word' id='word_1_37' title='bbox 280 866 475 932; x_wconf 68' lang='grc' dir='ltr'><strong><em>καταλέουσι.</em></strong></span> <span class='ocrx_word' id='word_1_38' title='bbox 522 866 633 933; x_wconf 85' lang='lat' dir='ltr'><strong>Dicam</strong></span> <span class='ocrx_word' id='word_1_39' title='bbox 660 885 746 933; x_wconf 88' lang='lat' dir='ltr'><strong>nunc</strong></span> <span class='ocrx_word' id='word_1_40' title='bbox 769 865 809 932; x_wconf 81' lang='lat' dir='ltr'><strong>tle</strong></span> <span class='ocrx_word' id='word_1_41' title='bbox 831 865 895 933; x_wconf 93' lang='lat' dir='ltr'><strong>alio</strong></span> <span class='ocrx_word' id='word_1_42' title='bbox 917 866 1056 953; x_wconf 83' lang='lat' dir='ltr'><strong>quodam</strong></span> <span class='ocrx_word' id='word_1_43' title='bbox 1082 868 1241 935; x_wconf 77' lang='lat' dir='ltr'><strong>uitiorum</strong></span> <span class='ocrx_word' id='word_1_44' title='bbox 1269 886 1319 955; x_wconf 76' lang='lat' dir='ltr'><strong>ge·</strong></span> 
     </span>
     <span class='ocr_line' id='line_1_7' title="bbox 131 969 1318 1060; baseline 0.003 -22"><span class='ocrx_word' id='word_1_45' title='bbox 131 993 208 1040; x_wconf 92' lang='lat' dir='ltr'><strong>nere</strong></span> <span class='ocrx_word' id='word_1_46' title='bbox 231 972 315 1060; x_wconf 77' lang='lat' dir='ltr'><strong>quotl</strong></span> <span class='ocrx_word' id='word_1_47' title='bbox 340 969 417 1037; x_wconf 91' lang='lat' dir='ltr'><strong>lmie</strong></span> <span class='ocrx_word' id='word_1_48' title='bbox 441 970 536 1038; x_wconf 87' lang='lat' dir='ltr'><strong>affine</strong></span> <span class='ocrx_word' id='word_1_49' title='bbox 567 983 634 1038; x_wconf 88' lang='lat' dir='ltr'><strong>est:</strong></span> <span class='ocrx_word' id='word_1_50' title='bbox 669 991 784 1059; x_wconf 91' lang='lat' dir='ltr'><strong>nempe</strong></span> <span class='ocrx_word' id='word_1_51' title='bbox 807 973 974 1060; x_wconf 89' lang='lat' dir='ltr'><strong>sequiores</strong></span> <span class='ocrx_word' id='word_1_52' title='bbox 996 991 1056 1059; x_wconf 87' lang='lat' dir='ltr'><strong>per</strong></span> <span class='ocrx_word' id='word_1_53' title='bbox 1083 973 1195 1040; x_wconf 85' lang='lat' dir='ltr'><strong>omnia</strong></span> <span class='ocrx_word' id='word_1_54' title='bbox 1219 973 1318 1042; x_wconf 81' lang='lat' dir='ltr'><strong>Xeno</strong></span> 
     </span>
     <span class='ocr_line' id='line_1_8' title="bbox 128 1075 1319 1166; baseline 0 -21"><span class='ocrx_word' id='word_1_55' title='bbox 128 1078 260 1166; x_wconf 88' lang='lat' dir='ltr'><strong>phontis</strong></span> <span class='ocrx_word' id='word_1_56' title='bbox 292 1077 412 1163; x_wconf 88' lang='lat' dir='ltr'><strong>scripta</strong></span> <span class='ocrx_word' id='word_1_57' title='bbox 436 1075 653 1144; x_wconf 89' lang='lat' dir='ltr'><strong>obscurarunt</strong></span> <span class='ocrx_word' id='word_1_58' title='bbox 680 1075 800 1144; x_wconf 89' lang='lat' dir='ltr'><strong>lormas</strong></span> <span class='ocrx_word' id='word_1_59' title='bbox 829 1078 1030 1164; x_wconf 75' lang='lat' dir='ltr'><strong>antiquiores</strong></span> <span class='ocrx_word' id='word_1_60' title='bbox 1059 1079 1094 1144; x_wconf 93' lang='lat' dir='ltr'><strong>in</strong></span> <span class='ocrx_word' id='word_1_61' title='bbox 1122 1087 1173 1154; x_wconf 67' lang='grc' dir='ltr'><strong>οῖς</strong></span> <span class='ocrx_word' id='word_1_62' title='bbox 1198 1087 1232 1145; x_wconf 91' lang='lat' dir='ltr'><strong>et</strong></span> <span class='ocrx_word' id='word_1_63' title='bbox 1256 1097 1319 1146; x_wconf 90' lang='lat' dir='ltr'><strong>sae·</strong></span> 
     </span>
     <span class='ocr_line' id='line_1_9' title="bbox 128 1181 1319 1272; baseline 0.002 -23"><span class='ocrx_word' id='word_1_64' title='bbox 128 1184 262 1272; x_wconf 88' lang='lat' dir='ltr'><strong>pissime</strong></span> <span class='ocrx_word' id='word_1_65' title='bbox 297 1184 497 1248; x_wconf 70' lang='lat' dir='ltr'><strong>accusativos</strong></span> <span class='ocrx_word' id='word_1_66' title='bbox 521 1184 554 1248; x_wconf 92' lang='lat' dir='ltr'><strong>in</strong></span> <span class='ocrx_word' id='word_1_67' title='bbox 574 1181 646 1258; x_wconf 74' lang='grc' dir='ltr'><strong><em>-έιις</em></strong></span> <span class='ocrx_word' id='word_1_68' title='bbox 678 1181 789 1250; x_wconf 87' lang='lat' dir='ltr'><strong>eadem</strong></span> <span class='ocrx_word' id='word_1_69' title='bbox 820 1181 890 1248; x_wconf 89' lang='lat' dir='ltr'><strong>labe</strong></span> <span class='ocrx_word' id='word_1_70' title='bbox 917 1182 1113 1251; x_wconf 80' lang='lat' dir='ltr'><strong>affecerunt:</strong></span> <span class='ocrx_word' id='word_1_71' title='bbox 1146 1196 1319 1271; x_wconf 87' lang='lat' dir='ltr'><strong>utramque</strong></span> 
     </span>
     <span class='ocr_line' id='line_1_10' title="bbox 129 1288 1320 1376; baseline 0.002 -22"><span class='ocrx_word' id='word_1_72' title='bbox 129 1289 215 1354; x_wconf 91' lang='lat' dir='ltr'><strong>enim</strong></span> <span class='ocrx_word' id='word_1_73' title='bbox 241 1288 502 1354; x_wconf 81' lang='lat' dir='ltr'><strong>terminationem</strong></span> <span class='ocrx_word' id='word_1_74' title='bbox 528 1290 560 1354; x_wconf 89' lang='lat' dir='ltr'><strong>in</strong></span> <span class='ocrx_word' id='word_1_75' title='bbox 583 1296 644 1362; x_wconf 77' lang='grc' dir='ltr'><strong>-εῖι</strong></span> <span class='ocrx_word' id='word_1_76' title='bbox 669 1288 772 1355; x_wconf 89' lang='lat' dir='ltr'><strong>solent</strong></span> <span class='ocrx_word' id='word_1_77' title='bbox 795 1307 1020 1376; x_wconf 86' lang='lat' dir='ltr'><strong>corrumpere,</strong></span> <span class='ocrx_word' id='word_1_78' title='bbox 1043 1291 1114 1362; x_wconf 74' lang='lat' dir='ltr'><strong>rebe</strong></span> <span class='ocrx_word' id='word_1_79' title='bbox 1149 1298 1255 1370; x_wconf 73' lang='grc' dir='ltr'><strong>γονεῖς</strong></span> <span class='ocrx_word' id='word_1_80' title='bbox 1275 1288 1320 1356; x_wconf 84' lang='lat' dir='ltr'><strong>‹li-</strong></span> 
     </span>
     <span class='ocr_line' id='line_1_11' title="bbox 130 1393 1319 1482; baseline 0.002 -21"><span class='ocrx_word' id='word_1_81' title='bbox 130 1404 241 1461; x_wconf 87' lang='lat' dir='ltr'><strong>centes</strong></span> <span class='ocrx_word' id='word_1_82' title='bbox 270 1402 303 1461; x_wconf 91' lang='lat' dir='ltr'><strong>et</strong></span> <span class='ocrx_word' id='word_1_83' title='bbox 325 1395 396 1468; x_wconf 80' lang='grc' dir='ltr'><strong><em>οοὺς</em></strong></span> <span class='ocrx_word' id='word_1_84' title='bbox 418 1401 540 1473; x_wconf 74' lang='grc' dir='ltr'><strong>νομεῖς,</strong></span> <span class='ocrx_word' id='word_1_85' title='bbox 572 1393 699 1480; x_wconf 90' lang='lat' dir='ltr'><strong>aliaque</strong></span> <span class='ocrx_word' id='word_1_86' title='bbox 731 1401 892 1461; x_wconf 82' lang='lat' dir='ltr'><strong>sexcenta.</strong></span> <span class='ocrx_word' id='word_1_87' title='bbox 943 1393 1120 1482; x_wconf 85' lang='lat' dir='ltr'><strong>Xenophon</strong></span> <span class='ocrx_word' id='word_1_88' title='bbox 1149 1397 1262 1475; x_wconf 86' lang='lat' dir='ltr'><strong>anim,</strong></span> <span class='ocrx_word' id='word_1_89' title='bbox 1284 1404 1319 1463; x_wconf 85' lang='lat' dir='ltr'><strong>ut</strong></span> 
     </span>
     <span class='ocr_line' id='line_1_12' title="bbox 128 1495 1318 1585; baseline 0.002 -20"><span class='ocrx_word' id='word_1_90' title='bbox 128 1498 190 1567; x_wconf 91' lang='lat' dir='ltr'><strong>hoc</strong></span> <span class='ocrx_word' id='word_1_91' title='bbox 218 1507 310 1578; x_wconf 89' lang='lat' dir='ltr'><strong>utar,</strong></span> <span class='ocrx_word' id='word_1_92' title='bbox 345 1519 408 1565; x_wconf 93' lang='lat' dir='ltr'><strong>non</strong></span> <span class='ocrx_word' id='word_1_93' title='bbox 443 1500 574 1585; x_wconf 90' lang='lat' dir='ltr'><strong>scripsit</strong></span> <span class='ocrx_word' id='word_1_94' title='bbox 606 1497 709 1566; x_wconf 79' lang='lat' dir='ltr'><strong>Anah.</strong></span> <span class='ocrx_word' id='word_1_95' title='bbox 734 1498 772 1565; x_wconf 87' lang='lat' dir='ltr'><strong>V.</strong></span> <span class='ocrx_word' id='word_1_96' title='bbox 797 1519 827 1565; x_wconf 85' lang='lat' dir='ltr'><strong>v.</strong></span> <span class='ocrx_word' id='word_1_97' title='bbox 861 1503 914 1567; x_wconf 76' lang='lat'><strong>13.</strong></span> <span class='ocrx_word' id='word_1_98' title='bbox 945 1495 969 1565; x_wconf 81' lang='grc' dir='ltr'><strong><em>ὦ</em></strong></span> <span class='ocrx_word' id='word_1_99' title='bbox 999 1498 1106 1583; x_wconf 74' lang='grc' dir='ltr'><em>ἄνδρες</em></span> <span class='ocrx_word' id='word_1_100' title='bbox 1142 1508 1318 1578; x_wconf 73' lang='grc' dir='ltr'><em>Σινωπεῖς,</em></span> 
     </span>
     <span class='ocr_line' id='line_1_13' title="bbox 127 1603 1318 1694; baseline 0.002 -23"><span class='ocrx_word' id='word_1_101' title='bbox 127 1603 184 1671; x_wconf 87' lang='lat' dir='ltr'><strong>sed</strong></span> <span class='ocrx_word' id='word_1_102' title='bbox 207 1614 371 1684; x_wconf 74' lang='grc' dir='ltr'><strong><em>Σιιοπῆι,</em></strong></span> <span class='ocrx_word' id='word_1_103' title='bbox 395 1604 435 1672; x_wconf 87' lang='lat' dir='ltr'><strong>ad</strong></span> <span class='ocrx_word' id='word_1_104' title='bbox 455 1624 526 1672; x_wconf 89' lang='lat' dir='ltr'><strong>eam</strong></span> <span class='ocrx_word' id='word_1_105' title='bbox 550 1605 730 1683; x_wconf 89' lang='lat' dir='ltr'><strong>rationem,</strong></span> <span class='ocrx_word' id='word_1_106' title='bbox 754 1623 851 1691; x_wconf 89' lang='lat' dir='ltr'><strong>quam</strong></span> <span class='ocrx_word' id='word_1_107' title='bbox 877 1605 909 1670; x_wconf 91' lang='lat' dir='ltr'><strong>in</strong></span> <span class='ocrx_word' id='word_1_108' title='bbox 934 1604 1150 1694; x_wconf 76' lang='lat' dir='ltr'><strong>Aristophane</strong></span> <span class='ocrx_word' id='word_1_109' title='bbox 1171 1613 1207 1673; x_wconf 91' lang='lat' dir='ltr'><strong>et</strong></span> <span class='ocrx_word' id='word_1_110' title='bbox 1232 1604 1318 1673; x_wconf 81' lang='lat' dir='ltr'><strong>&#39;lho-</strong></span> 
     </span>
     <span class='ocr_line' id='line_1_14' title="bbox 127 1708 1318 1798; baseline 0.003 -23"><span class='ocrx_word' id='word_1_111' title='bbox 127 1708 244 1798; x_wconf 82' lang='lat' dir='ltr'><strong>oydide</strong></span> <span class='ocrx_word' id='word_1_112' title='bbox 264 1718 297 1778; x_wconf 89' lang='lat' dir='ltr'><strong>et</strong></span> <span class='ocrx_word' id='word_1_113' title='bbox 320 1709 559 1798; x_wconf 87' lang='lat' dir='ltr'><strong>antiquioribus</strong></span> <span class='ocrx_word' id='word_1_114' title='bbox 581 1708 755 1796; x_wconf 82' lang='lat' dir='ltr'><strong>diligenter</strong></span> <span class='ocrx_word' id='word_1_115' title='bbox 773 1710 964 1778; x_wconf 85' lang='lat' dir='ltr'><strong>servandam</strong></span> <span class='ocrx_word' id='word_1_116' title='bbox 986 1731 1057 1779; x_wconf 90' lang='lat' dir='ltr'><strong>esse</strong></span> <span class='ocrx_word' id='word_1_117' title='bbox 1077 1730 1164 1778; x_wconf 91' lang='lat' dir='ltr'><strong>nune</strong></span> <span class='ocrx_word' id='word_1_118' title='bbox 1187 1710 1318 1798; x_wconf 85' lang='lat' dir='ltr'><strong>quidem</strong></span> 
     </span>
     <span class='ocr_line' id='line_1_15' title="bbox 127 1815 1318 1905; baseline 0.003 -23"><span class='ocrx_word' id='word_1_119' title='bbox 127 1817 208 1883; x_wconf 89' lang='lat' dir='ltr'><strong>satis</strong></span> <span class='ocrx_word' id='word_1_120' title='bbox 236 1824 362 1883; x_wconf 88' lang='lat' dir='ltr'><strong>constat</strong></span> <span class='ocrx_word' id='word_1_121' title='bbox 382 1817 469 1883; x_wconf 90' lang='lat' dir='ltr'><strong>inter</strong></span> <span class='ocrx_word' id='word_1_122' title='bbox 491 1835 619 1894; x_wconf 90' lang='lat' dir='ltr'><strong>omnes,</strong></span> <span class='ocrx_word' id='word_1_123' title='bbox 643 1815 700 1883; x_wconf 90' lang='lat' dir='ltr'><strong>sed</strong></span> <span class='ocrx_word' id='word_1_124' title='bbox 723 1817 757 1882; x_wconf 92' lang='lat' dir='ltr'><strong>in</strong></span> <span class='ocrx_word' id='word_1_125' title='bbox 782 1815 994 1903; x_wconf 83' lang='lat' dir='ltr'><strong>Xenophonte</strong></span> <span class='ocrx_word' id='word_1_126' title='bbox 1021 1837 1151 1905; x_wconf 91' lang='lat' dir='ltr'><strong>quoque</strong></span> <span class='ocrx_word' id='word_1_127' title='bbox 1176 1824 1211 1885; x_wconf 86' lang='lat' dir='ltr'><strong>et</strong></span> <span class='ocrx_word' id='word_1_128' title='bbox 1242 1815 1318 1886; x_wconf 83' lang='lat' dir='ltr'><strong>Ora·</strong></span> 
     </span>
     <span class='ocr_line' id='line_1_16' title="bbox 126 1920 1317 2013; baseline 0.004 -27"><span class='ocrx_word' id='word_1_129' title='bbox 126 1921 252 1997; x_wconf 87' lang='lat' dir='ltr'><strong>toribus</strong></span> <span class='ocrx_word' id='word_1_130' title='bbox 281 1920 416 1990; x_wconf 74' lang='lat' dir='ltr'><strong>medem</strong></span> <span class='ocrx_word' id='word_1_131' title='bbox 445 1921 556 1990; x_wconf 87' lang='lat' dir='ltr'><strong>eadem</strong></span> <span class='ocrx_word' id='word_1_132' title='bbox 588 1923 770 1989; x_wconf 84' lang='lat' dir='ltr'><strong>constantia</strong></span> <span class='ocrx_word' id='word_1_133' title='bbox 793 1922 916 1989; x_wconf 86' lang='lat' dir='ltr'><strong>servari</strong></span> <span class='ocrx_word' id='word_1_134' title='bbox 936 1931 1085 2009; x_wconf 88' lang='lat' dir='ltr'><strong>oportere</strong></span> <span class='ocrx_word' id='word_1_135' title='bbox 1106 1924 1219 1990; x_wconf 90' lang='lat' dir='ltr'><strong>nescio</strong></span> <span class='ocrx_word' id='word_1_136' title='bbox 1242 1943 1317 2013; x_wconf 83' lang='lat' dir='ltr'><strong>quo·</strong></span> 
     </span>
     <span class='ocr_line' id='line_1_17' title="bbox 126 2026 1317 2096; baseline 0.002 -2"><span class='ocrx_word' id='word_1_137' title='bbox 126 2027 221 2095; x_wconf 92' lang='lat' dir='ltr'><strong>modo</strong></span> <span class='ocrx_word' id='word_1_138' title='bbox 244 2027 354 2094; x_wconf 89' lang='lat' dir='ltr'><strong>nullus</strong></span> <span class='ocrx_word' id='word_1_139' title='bbox 379 2027 548 2095; x_wconf 84' lang='lat' dir='ltr'><strong>Editorum</strong></span> <span class='ocrx_word' id='word_1_140' title='bbox 574 2027 842 2095; x_wconf 85' lang='lat' dir='ltr'><strong>animadvertisse</strong></span> <span class='ocrx_word' id='word_1_141' title='bbox 868 2026 1009 2094; x_wconf 84' lang='lat' dir='ltr'><strong>videtur.</strong></span> <span class='ocrx_word' id='word_1_142' title='bbox 1058 2026 1190 2096; x_wconf 79' lang='lat' dir='ltr'><strong>Scilicet</strong></span> <span class='ocrx_word' id='word_1_143' title='bbox 1222 2027 1317 2096; x_wconf 89' lang='lat' dir='ltr'><strong>libro·</strong></span> 
     </span>
     <span class='ocr_line' id='line_1_18' title="bbox 127 2132 1317 2222; baseline 0.002 -23"><span class='ocrx_word' id='word_1_144' title='bbox 127 2153 199 2200; x_wconf 85' lang='lat' dir='ltr'><strong>num</strong></span> <span class='ocrx_word' id='word_1_145' title='bbox 232 2134 378 2200; x_wconf 91' lang='lat' dir='ltr'><strong>omnium</strong></span> <span class='ocrx_word' id='word_1_146' title='bbox 411 2153 588 2201; x_wconf 88' lang='lat' dir='ltr'><strong>consensus</strong></span> <span class='ocrx_word' id='word_1_147' title='bbox 620 2132 810 2221; x_wconf 91' lang='lat' dir='ltr'><strong>scrupulum</strong></span> <span class='ocrx_word' id='word_1_148' title='bbox 835 2133 960 2200; x_wconf 86' lang='lat' dir='ltr'><strong>inlicit:</strong></span> <span class='ocrx_word' id='word_1_149' title='bbox 996 2132 1053 2200; x_wconf 75' lang='lat' dir='ltr'><strong>scil</strong></span> <span class='ocrx_word' id='word_1_150' title='bbox 1084 2133 1208 2222; x_wconf 88' lang='lat' dir='ltr'><strong>ubique</strong></span> <span class='ocrx_word' id='word_1_151' title='bbox 1232 2133 1317 2201; x_wconf 81' lang='lat' dir='ltr'><strong>vitle-</strong></span> 
     </span>
     <span class='ocr_line' id='line_1_19' title="bbox 126 2238 1317 2327; baseline 0.002 -22"><span class='ocrx_word' id='word_1_152' title='bbox 126 2260 199 2306; x_wconf 92' lang='lat' dir='ltr'><strong>mus</strong></span> <span class='ocrx_word' id='word_1_153' title='bbox 221 2249 379 2327; x_wconf 90' lang='lat' dir='ltr'><strong>quantum</strong></span> <span class='ocrx_word' id='word_1_154' title='bbox 403 2238 466 2306; x_wconf 92' lang='lat' dir='ltr'><strong>sibi</strong></span> <span class='ocrx_word' id='word_1_155' title='bbox 495 2246 626 2305; x_wconf 88' lang='lat' dir='ltr'><strong>sumant</strong></span> <span class='ocrx_word' id='word_1_156' title='bbox 651 2241 816 2325; x_wconf 89' lang='lat' dir='ltr'><strong>sequiores</strong></span> <span class='ocrx_word' id='word_1_157' title='bbox 844 2239 879 2305; x_wconf 93' lang='lat' dir='ltr'><strong>in</strong></span> <span class='ocrx_word' id='word_1_158' title='bbox 903 2239 968 2317; x_wconf 88' lang='lat' dir='ltr'><strong>iis,</strong></span> <span class='ocrx_word' id='word_1_159' title='bbox 999 2258 1082 2326; x_wconf 89' lang='lat' dir='ltr'><strong>quae</strong></span> <span class='ocrx_word' id='word_1_160' title='bbox 1108 2239 1203 2327; x_wconf 85' lang='lat' dir='ltr'><strong>lapsu</strong></span> <span class='ocrx_word' id='word_1_161' title='bbox 1235 2249 1317 2307; x_wconf 90' lang='lat' dir='ltr'><strong>tem·</strong></span> 
     </span>
     <span class='ocr_line' id='line_1_20' title="bbox 125 2343 1317 2433; baseline 0.001 -22"><span class='ocrx_word' id='word_1_162' title='bbox 125 2348 213 2433; x_wconf 92' lang='lat' dir='ltr'><strong>poris</strong></span> <span class='ocrx_word' id='word_1_163' title='bbox 244 2345 380 2412; x_wconf 81' lang='lat' dir='ltr'><strong>lerinam</strong></span> <span class='ocrx_word' id='word_1_164' title='bbox 412 2352 631 2412; x_wconf 84' lang='lat' dir='ltr'><strong>mutaverunt.</strong></span> <span class='ocrx_word' id='word_1_165' title='bbox 686 2343 773 2410; x_wconf 90' lang='lat' dir='ltr'><strong>Nihil</strong></span> <span class='ocrx_word' id='word_1_166' title='bbox 805 2352 855 2410; x_wconf 92' lang='lat' dir='ltr'><strong>est</strong></span> <span class='ocrx_word' id='word_1_167' title='bbox 886 2343 919 2409; x_wconf 92' lang='lat' dir='ltr'><strong>in</strong></span> <span class='ocrx_word' id='word_1_168' title='bbox 954 2344 1016 2411; x_wconf 91' lang='lat' dir='ltr'><strong>hoc</strong></span> <span class='ocrx_word' id='word_1_169' title='bbox 1048 2364 1167 2432; x_wconf 81' lang='lat' dir='ltr'><strong>genere</strong></span> <span class='ocrx_word' id='word_1_170' title='bbox 1204 2344 1317 2413; x_wconf 87' lang='lat' dir='ltr'><strong>utilius</strong></span> 
     </span>
     <span class='ocr_line' id='line_1_21' title="bbox 123 2447 1317 2538; baseline 0 -21"><span class='ocrx_word' id='word_1_171' title='bbox 123 2471 222 2537; x_wconf 90' lang='lat' dir='ltr'><strong>quam</strong></span> <span class='ocrx_word' id='word_1_172' title='bbox 251 2451 430 2538; x_wconf 83' lang='lat' dir='ltr'><strong>pervetusti</strong></span> <span class='ocrx_word' id='word_1_173' title='bbox 458 2448 639 2517; x_wconf 90' lang='lat' dir='ltr'><strong>scribarum</strong></span> <span class='ocrx_word' id='word_1_174' title='bbox 665 2469 815 2528; x_wconf 84' lang='lat' dir='ltr'><strong>errores,</strong></span> <span class='ocrx_word' id='word_1_175' title='bbox 850 2447 1025 2536; x_wconf 90' lang='lat' dir='ltr'><strong>inquibus</strong></span> <span class='ocrx_word' id='word_1_176' title='bbox 1056 2452 1194 2538; x_wconf 88' lang='lat' dir='ltr'><strong>antiqua</strong></span> <span class='ocrx_word' id='word_1_177' title='bbox 1223 2451 1317 2521; x_wconf 84' lang='lat' dir='ltr'><strong>lectio</strong></span> 
     </span>
     <span class='ocr_line' id='line_1_22' title="bbox 125 2554 1316 2641; baseline 0.001 -19"><span class='ocrx_word' id='word_1_178' title='bbox 125 2566 195 2623; x_wconf 88' lang='lat' dir='ltr'><strong>tuto</strong></span> <span class='ocrx_word' id='word_1_179' title='bbox 218 2556 380 2623; x_wconf 80' lang='lat' dir='ltr'><strong>delitescit</strong></span> <span class='ocrx_word' id='word_1_180' title='bbox 402 2555 442 2622; x_wconf 91' lang='lat' dir='ltr'><strong>ab</strong></span> <span class='ocrx_word' id='word_1_181' title='bbox 466 2557 555 2622; x_wconf 91' lang='lat' dir='ltr'><strong>omni</strong></span> <span class='ocrx_word' id='word_1_182' title='bbox 578 2575 659 2620; x_wconf 86' lang='lat' dir='ltr'><strong>nova</strong></span> <span class='ocrx_word' id='word_1_183' title='bbox 684 2554 867 2641; x_wconf 85' lang='lat' dir='ltr'><strong>corruptela</strong></span> <span class='ocrx_word' id='word_1_184' title='bbox 892 2563 965 2622; x_wconf 88' lang='lat' dir='ltr'><strong>tuta</strong></span> <span class='ocrx_word' id='word_1_185' title='bbox 985 2555 1086 2623; x_wconf 84' lang='lat' dir='ltr'><strong>donec</strong></span> <span class='ocrx_word' id='word_1_186' title='bbox 1107 2558 1238 2623; x_wconf 85' lang='lat' dir='ltr'><strong>acutior</strong></span> <span class='ocrx_word' id='word_1_187' title='bbox 1260 2555 1316 2623; x_wconf 90' lang='lat' dir='ltr'><strong>ali·</strong></span> 
     </span>
     <span class='ocr_line' id='line_1_23' title="bbox 124 2659 1317 2748; baseline 0.003 -21"><span class='ocrx_word' id='word_1_188' title='bbox 124 2663 198 2748; x_wconf 92' lang='lat' dir='ltr'><strong>quis</strong></span> <span class='ocrx_word' id='word_1_189' title='bbox 227 2681 340 2727; x_wconf 88' lang='lat' dir='ltr'><strong>verum</strong></span> <span class='ocrx_word' id='word_1_190' title='bbox 371 2660 537 2728; x_wconf 81' lang='lat' dir='ltr'><strong>extundat.</strong></span> <span class='ocrx_word' id='word_1_191' title='bbox 585 2660 701 2747; x_wconf 87' lang='lat' dir='ltr'><strong>lleperi</strong></span> <span class='ocrx_word' id='word_1_192' title='bbox 730 2659 916 2727; x_wconf 86' lang='lat' dir='ltr'><strong>huiusmodi</strong></span> <span class='ocrx_word' id='word_1_193' title='bbox 950 2662 1067 2728; x_wconf 89' lang='lat' dir='ltr'><strong>vitium</strong></span> <span class='ocrx_word' id='word_1_194' title='bbox 1103 2662 1136 2727; x_wconf 90' lang='lat' dir='ltr'><strong>in</strong></span> <span class='ocrx_word' id='word_1_195' title='bbox 1169 2663 1317 2730; x_wconf 84' lang='lat' dir='ltr'><strong>oratione</strong></span> 
     </span>
     <span class='ocr_line' id='line_1_24' title="bbox 123 2766 1316 2853; baseline 0.003 -20"><span class='ocrx_word' id='word_1_196' title='bbox 123 2768 210 2833; x_wconf 73' lang='grc' dir='ltr'><strong><em>κοιτδι</em></strong></span> <span class='ocrx_word' id='word_1_197' title='bbox 240 2768 377 2850; x_wconf 80' lang='grc' dir='ltr'><strong><em>Νεοιίροις</em></strong></span> <span class='ocrx_word' id='word_1_198' title='bbox 414 2787 446 2853; x_wconf 92' lang='lat' dir='ltr'><strong>p.</strong></span> <span class='ocrx_word' id='word_1_199' title='bbox 477 2771 585 2842; x_wconf 78' lang='lat'>1557,</span> <span class='ocrx_word' id='word_1_200' title='bbox 621 2770 654 2833; x_wconf 88' lang='lat'><strong>8.</strong></span> <span class='ocrx_word' id='word_1_201' title='bbox 684 2769 859 2843; x_wconf 70' lang='grc' dir='ltr'><strong><em>πολυτελὴς</em></strong></span> <span class='ocrx_word' id='word_1_202' title='bbox 891 2769 917 2834; x_wconf 76' lang='grc' dir='ltr'><strong>δ’</strong></span> <span class='ocrx_word' id='word_1_203' title='bbox 948 2766 1004 2845; x_wconf 77' lang='grc' dir='ltr'><strong>ἦν,</strong></span> <span class='ocrx_word' id='word_1_204' title='bbox 1034 2768 1060 2833; x_wconf 87' lang='lat' dir='ltr'><strong>ol</strong></span> <span class='ocrx_word' id='word_1_205' title='bbox 1091 2776 1259 2850; x_wconf 70' lang='grc' dir='ltr'><strong>Μεγαρεῖς</strong></span> <span class='ocrx_word' id='word_1_206' title='bbox 1289 2769 1316 2836; x_wconf 78' lang='grc' dir='ltr'><strong>δ’</strong></span> 
     </span>
     <span class='ocr_line' id='line_1_25' title="bbox 123 2871 1315 2959; baseline 0.003 -21"><span class='ocrx_word' id='word_1_207' title='bbox 123 2875 310 2955; x_wconf 70' lang='grc' dir='ltr'><em>ἀνελεύθεροι</em></span> <span class='ocrx_word' id='word_1_208' title='bbox 342 2874 394 2939; x_wconf 79' lang='lat' dir='ltr'><strong>cel</strong></span> <span class='ocrx_word' id='word_1_209' title='bbox 418 2874 615 2956; x_wconf 71' lang='grc' dir='ltr'><strong>μικρολόγοι,</strong></span> <span class='ocrx_word' id='word_1_210' title='bbox 651 2872 705 2938; x_wconf 89' lang='lat' dir='ltr'><strong>ubi</strong></span> <span class='ocrx_word' id='word_1_211' title='bbox 733 2874 1031 2959; x_wconf 86' lang='lat' dir='ltr'><strong>praestantissimus</strong></span> <span class='ocrx_word' id='word_1_212' title='bbox 1064 2871 1147 2939; x_wconf 87' lang='lat' dir='ltr'><strong>liber</strong></span> <span class='ocrx_word' id='word_1_213' title='bbox 1180 2874 1215 2941; x_wconf 93' lang='lat' dir='ltr'><strong>S.</strong></span> <span class='ocrx_word' id='word_1_214' title='bbox 1239 2893 1315 2942; x_wconf 89' lang='lat' dir='ltr'><strong>cum</strong></span> 
     </span>
     <span class='ocr_line' id='line_1_26' title="bbox 122 2977 1314 3066; baseline 0.001 -22"><span class='ocrx_word' id='word_1_215' title='bbox 122 2978 248 3044; x_wconf 82' lang='lat' dir='ltr'><strong>ditobus</strong></span> <span class='ocrx_word' id='word_1_216' title='bbox 279 2979 439 3066; x_wconf 78' lang='lat' dir='ltr'><strong>perbonas</strong></span> <span class='ocrx_word' id='word_1_217' title='bbox 473 2989 566 3045; x_wconf 91' lang='lat' dir='ltr'><strong>notae</strong></span> <span class='ocrx_word' id='word_1_218' title='bbox 590 2979 623 3045; x_wconf 90' lang='lat' dir='ltr'><strong>B.</strong></span> <span class='ocrx_word' id='word_1_219' title='bbox 645 2979 681 3060; x_wconf 79' lang='lat' dir='ltr'><strong>Q.</strong></span> <span class='ocrx_word' id='word_1_220' title='bbox 706 2977 789 3044; x_wconf 90' lang='lat' dir='ltr'><strong>hanc</strong></span> <span class='ocrx_word' id='word_1_221' title='bbox 818 2980 1015 3065; x_wconf 89' lang='lat' dir='ltr'><strong>scripturam</strong></span> <span class='ocrx_word' id='word_1_222' title='bbox 1051 2977 1221 3046; x_wconf 85' lang='lat' dir='ltr'><strong>exhibent:</strong></span> <span class='ocrx_word' id='word_1_223' title='bbox 1256 2982 1314 3059; x_wconf 75' lang='grc' dir='ltr'><strong>μὲν</strong></span> 
     </span>
     <span class='ocr_line' id='line_1_27' title="bbox 122 3084 1315 3175; baseline 0.003 -26"><span class='ocrx_word' id='word_1_224' title='bbox 122 3085 186 3166; x_wconf 67' lang='grc' dir='ltr'><strong>γὰρ</strong></span> <span class='ocrx_word' id='word_1_225' title='bbox 210 3084 287 3161; x_wconf 71' lang='grc' dir='ltr'><strong>ἦσαν</strong></span> <span class='ocrx_word' id='word_1_226' title='bbox 318 3088 465 3168; x_wconf 79' lang='grc' dir='ltr'><strong>ἐλεύθεροι</strong></span> <span class='ocrx_word' id='word_1_227' title='bbox 489 3105 570 3172; x_wconf 89' lang='lat' dir='ltr'><strong>quae</strong></span> <span class='ocrx_word' id='word_1_228' title='bbox 605 3084 689 3151; x_wconf 90' lang='lat' dir='ltr'><strong>unde</strong></span> <span class='ocrx_word' id='word_1_229' title='bbox 721 3095 796 3151; x_wconf 88' lang='lat' dir='ltr'><strong>nata</strong></span> <span class='ocrx_word' id='word_1_230' title='bbox 820 3086 863 3149; x_wconf 85' lang='lat' dir='ltr'><strong>sit</strong></span> <span class='ocrx_word' id='word_1_231' title='bbox 895 3085 927 3150; x_wconf 92' lang='lat' dir='ltr'><strong>in</strong></span> <span class='ocrx_word' id='word_1_232' title='bbox 953 3086 1064 3172; x_wconf 87' lang='lat' dir='ltr'><strong>aprico</strong></span> <span class='ocrx_word' id='word_1_233' title='bbox 1085 3093 1145 3151; x_wconf 86' lang='lat' dir='ltr'><strong>est.</strong></span> <span class='ocrx_word' id='word_1_234' title='bbox 1192 3084 1315 3175; x_wconf 87' lang='lat' dir='ltr'><strong>Nempe</strong></span> 
     </span>
     <span class='ocr_line' id='line_1_28' title="bbox 119 3180 1314 3284; baseline 0 -20"><span class='ocrx_word' id='word_1_235' title='bbox 119 3180 632 3264; x_wconf 70' lang='lat' dir='ltr'><strong>marnensnuunenoeror</strong></span> <span class='ocrx_word' id='word_1_236' title='bbox 657 3195 689 3259; x_wconf 83' lang='lat' dir='ltr'><strong>il</strong></span> <span class='ocrx_word' id='word_1_237' title='bbox 713 3205 761 3261; x_wconf 85' lang='lat' dir='ltr'><strong>est</strong></span> <span class='ocrx_word' id='word_1_238' title='bbox 783 3204 936 3278; x_wconf 72' lang='grc' dir='ltr'><strong>Μεγοριῑι</strong></span> <span class='ocrx_word' id='word_1_239' title='bbox 961 3195 1014 3284; x_wconf 71' lang='grc' dir='ltr'>(δ’)</span> <span class='ocrx_word' id='word_1_240' title='bbox 1034 3198 1224 3278; x_wconf 66' lang='lat' dir='ltr'><strong>encastum</strong></span> <span class='ocrx_word' id='word_1_241' title='bbox 1242 3217 1314 3284; x_wconf 84' lang='lat' dir='ltr'><strong>per·</strong></span> 
     </span>
     <span class='ocr_line' id='line_1_29' title="bbox 123 3298 1313 3387; baseline -0.002 -17"><span class='ocrx_word' id='word_1_242' title='bbox 123 3304 216 3371; x_wconf 82' lang='lat' dir='ltr'><strong>facile</strong></span> <span class='ocrx_word' id='word_1_243' title='bbox 238 3306 269 3369; x_wconf 91' lang='lat' dir='ltr'><strong>in</strong></span> <span class='ocrx_word' id='word_1_244' title='bbox 290 3305 348 3383; x_wconf 81' lang='grc' dir='ltr'><strong>μὲι</strong></span> <span class='ocrx_word' id='word_1_245' title='bbox 367 3303 431 3383; x_wconf 67' lang='grc' dir='ltr'><strong>γὰρ</strong></span> <span class='ocrx_word' id='word_1_246' title='bbox 456 3298 533 3374; x_wconf 71' lang='lat' dir='ltr'><strong>icco</strong></span> <span class='ocrx_word' id='word_1_247' title='bbox 546 3302 692 3382; x_wconf 77' lang='grc' dir='ltr'><strong>ἐλεύθεροι</strong></span> <span class='ocrx_word' id='word_1_248' title='bbox 716 3299 806 3368; x_wconf 88' lang='lat' dir='ltr'><strong>abira</strong></span> <span class='ocrx_word' id='word_1_249' title='bbox 825 3302 947 3387; x_wconf 91' lang='lat' dir='ltr'><strong>potuit,</strong></span> <span class='ocrx_word' id='word_1_250' title='bbox 972 3303 1123 3386; x_wconf 91' lang='lat' dir='ltr'><strong>quoniam</strong></span> <span class='ocrx_word' id='word_1_251' title='bbox 1150 3302 1268 3370; x_wconf 86' lang='lat' dir='ltr'><strong>lineola</strong></span> <span class='ocrx_word' id='word_1_252' title='bbox 1280 3304 1313 3368; x_wconf 93' lang='lat' dir='ltr'><strong>in</strong></span> 
     </span>
     <span class='ocr_line' id='line_1_30' title="bbox 120 3400 1314 3500; baseline -0.004 -16"><span class='ocrx_word' id='word_1_253' title='bbox 120 3400 323 3484; x_wconf 66' lang='lat' dir='ltr'><strong>MfirAPHZ</strong></span> <span class='ocrx_word' id='word_1_254' title='bbox 348 3434 445 3500; x_wconf 90' lang='lat' dir='ltr'><strong>supra</strong></span> <span class='ocrx_word' id='word_1_255' title='bbox 473 3412 647 3477; x_wconf 85' lang='lat' dir='ltr'><strong>seomnlam</strong></span> <span class='ocrx_word' id='word_1_256' title='bbox 678 3410 805 3479; x_wconf 86' lang='lat' dir='ltr'><strong>literam</strong></span> <span class='ocrx_word' id='word_1_257' title='bbox 827 3411 947 3491; x_wconf 88' lang='lat' dir='ltr'><strong>ducta,</strong></span> <span class='ocrx_word' id='word_1_258' title='bbox 978 3433 1061 3500; x_wconf 87' lang='lat' dir='ltr'><strong>quae</strong></span> <span class='ocrx_word' id='word_1_259' title='bbox 1091 3431 1209 3479; x_wconf 91' lang='lat' dir='ltr'><strong>nomen</strong></span> <span class='ocrx_word' id='word_1_260' title='bbox 1240 3432 1314 3500; x_wconf 89' lang='lat' dir='ltr'><strong>pro·</strong></span> 
     </span>
     <span class='ocr_line' id='line_1_31' title="bbox 122 3516 1312 3611; baseline -0.003 -23"><span class='ocrx_word' id='word_1_261' title='bbox 122 3525 229 3611; x_wconf 88' lang='lat' dir='ltr'><strong>prium</strong></span> <span class='ocrx_word' id='word_1_262' title='bbox 262 3540 334 3585; x_wconf 90' lang='lat' dir='ltr'><strong>esse</strong></span> <span class='ocrx_word' id='word_1_263' title='bbox 362 3518 513 3596; x_wconf 89' lang='lat' dir='ltr'><strong>denotat,</strong></span> <span class='ocrx_word' id='word_1_264' title='bbox 546 3517 663 3584; x_wconf 87' lang='lat' dir='ltr'><strong>scribis</strong></span> <span class='ocrx_word' id='word_1_265' title='bbox 689 3519 755 3583; x_wconf 87' lang='lat' dir='ltr'><strong>visa</strong></span> <span class='ocrx_word' id='word_1_266' title='bbox 785 3528 834 3585; x_wconf 90' lang='lat' dir='ltr'><strong>cst</strong></span> <span class='ocrx_word' id='word_1_267' title='bbox 868 3520 917 3608; x_wconf 92' lang='lat' dir='ltr'><strong>(ut</strong></span> <span class='ocrx_word' id='word_1_268' title='bbox 943 3521 1062 3606; x_wconf 88' lang='lat' dir='ltr'><strong>passim</strong></span> <span class='ocrx_word' id='word_1_269' title='bbox 1090 3516 1214 3584; x_wconf 90' lang='lat' dir='ltr'><strong>lactum</strong></span> <span class='ocrx_word' id='word_1_270' title='bbox 1246 3517 1312 3606; x_wconf 89' lang='lat' dir='ltr'><strong>est)</strong></span> 
     </span>
     <span class='ocr_line' id='line_1_32' title="bbox 120 3622 1313 3710; baseline -0.003 -15"><span class='ocrx_word' id='word_1_271' title='bbox 120 3629 272 3695; x_wconf 88' lang='lat' dir='ltr'><strong>omissam</strong></span> <span class='ocrx_word' id='word_1_272' title='bbox 304 3625 431 3691; x_wconf 90' lang='lat' dir='ltr'><strong>literam</strong></span> <span class='ocrx_word' id='word_1_273' title='bbox 463 3650 478 3689; x_wconf 88' lang='grc' dir='ltr'><strong><em>ι</em></strong></span> <span class='ocrx_word' id='word_1_274' title='bbox 514 3622 707 3709; x_wconf 71' lang='lat' dir='ltr'><strong>significare.</strong></span> <span class='ocrx_word' id='word_1_275' title='bbox 754 3624 923 3691; x_wconf 89' lang='lat' dir='ltr'><strong>Neminem</strong></span> <span class='ocrx_word' id='word_1_276' title='bbox 958 3634 1069 3690; x_wconf 89' lang='lat' dir='ltr'><strong>autem</strong></span> <span class='ocrx_word' id='word_1_277' title='bbox 1092 3624 1218 3691; x_wconf 88' lang='lat' dir='ltr'><strong>nescire</strong></span> <span class='ocrx_word' id='word_1_278' title='bbox 1241 3625 1313 3710; x_wconf 88' lang='lat' dir='ltr'><strong>opi-</strong></span> 
     </span>
     <span class='ocr_line' id='line_1_33' title="bbox 122 3729 1312 3818; baseline -0.003 -17"><span class='ocrx_word' id='word_1_279' title='bbox 122 3755 181 3801; x_wconf 92' lang='lat' dir='ltr'><strong>nor</strong></span> <span class='ocrx_word' id='word_1_280' title='bbox 205 3735 237 3799; x_wconf 93' lang='lat' dir='ltr'><strong>in</strong></span> <span class='ocrx_word' id='word_1_281' title='bbox 257 3732 429 3799; x_wconf 83' lang='lat' dir='ltr'><strong>Codicihus</strong></span> <span class='ocrx_word' id='word_1_282' title='bbox 459 3729 561 3796; x_wconf 90' lang='lat' dir='ltr'><strong>solere</strong></span> <span class='ocrx_word' id='word_1_283' title='bbox 592 3729 777 3796; x_wconf 89' lang='lat' dir='ltr'><strong>nominibus</strong></span> <span class='ocrx_word' id='word_1_284' title='bbox 803 3732 942 3818; x_wconf 86' lang='lat' dir='ltr'><strong>propriis</strong></span> <span class='ocrx_word' id='word_1_285' title='bbox 975 3729 1124 3795; x_wconf 89' lang='lat' dir='ltr'><strong>lineolam</strong></span> <span class='ocrx_word' id='word_1_286' title='bbox 1149 3729 1312 3817; x_wconf 86' lang='lat' dir='ltr'><strong>superim-</strong></span> 
     </span>
     <span class='ocr_line' id='line_1_34' title="bbox 120 3834 1314 3929; baseline -0.004 -22"><span class='ocrx_word' id='word_1_287' title='bbox 120 3843 218 3929; x_wconf 91' lang='lat' dir='ltr'><strong>poni,</strong></span> <span class='ocrx_word' id='word_1_288' title='bbox 250 3837 450 3923; x_wconf 88' lang='lat' dir='ltr'><strong>eandemque</strong></span> <span class='ocrx_word' id='word_1_289' title='bbox 480 3838 514 3901; x_wconf 91' lang='lat' dir='ltr'><strong>in</strong></span> <span class='ocrx_word' id='word_1_290' title='bbox 547 3836 619 3901; x_wconf 90' lang='lat' dir='ltr'><strong>aliis</strong></span> <span class='ocrx_word' id='word_1_291' title='bbox 648 3836 761 3902; x_wconf 89' lang='lat' dir='ltr'><strong>literae</strong></span> <span class='ocrx_word' id='word_1_292' title='bbox 791 3862 806 3901; x_wconf 91' lang='grc' dir='ltr'><strong><em>ι</em></strong></span> <span class='ocrx_word' id='word_1_293' title='bbox 836 3838 973 3904; x_wconf 90' lang='lat' dir='ltr'><strong>omissae</strong></span> <span class='ocrx_word' id='word_1_294' title='bbox 1005 3835 1109 3900; x_wconf 85' lang='lat' dir='ltr'><strong>vicem</strong></span> <span class='ocrx_word' id='word_1_295' title='bbox 1138 3834 1314 3922; x_wconf 86' lang='lat' dir='ltr'><strong>supplere,</strong></span> 
     </span>
     <span class='ocr_line' id='line_1_35' title="bbox 119 3940 1312 4027; baseline -0.007 -12"><span class='ocrx_word' id='word_1_296' title='bbox 119 3950 195 4015; x_wconf 92' lang='lat' dir='ltr'><strong>olim</strong></span> <span class='ocrx_word' id='word_1_297' title='bbox 219 3946 252 4012; x_wconf 91' lang='lat' dir='ltr'><strong>in</strong></span> <span class='ocrx_word' id='word_1_298' title='bbox 277 3963 430 4011; x_wconf 81' lang='lat' dir='ltr'><strong>versuum</strong></span> <span class='ocrx_word' id='word_1_299' title='bbox 459 3943 549 4009; x_wconf 83' lang='lat' dir='ltr'><strong>exitu</strong></span> <span class='ocrx_word' id='word_1_300' title='bbox 572 3950 715 4017; x_wconf 88' lang='lat' dir='ltr'><strong>tantum,</strong></span> <span class='ocrx_word' id='word_1_301' title='bbox 741 3940 857 4008; x_wconf 89' lang='lat' dir='ltr'><strong>deinde</strong></span> <span class='ocrx_word' id='word_1_302' title='bbox 882 3941 1000 4027; x_wconf 90' lang='lat' dir='ltr'><strong>ubique</strong></span> <span class='ocrx_word' id='word_1_303' title='bbox 1025 3941 1058 4005; x_wconf 92' lang='lat' dir='ltr'><strong>in</strong></span> <span class='ocrx_word' id='word_1_304' title='bbox 1080 3941 1196 4027; x_wconf 83' lang='lat' dir='ltr'><strong>quovis</strong></span> <span class='ocrx_word' id='word_1_305' title='bbox 1217 3960 1312 4009; x_wconf 87' lang='lat' dir='ltr'><strong>voca·</strong></span> 
     </span>
     <span class='ocr_line' id='line_1_36' title="bbox 120 4046 1314 4137; baseline -0.007 -16"><span class='ocrx_word' id='word_1_306' title='bbox 120 4054 269 4121; x_wconf 90' lang='lat' dir='ltr'><strong>bulorum</strong></span> <span class='ocrx_word' id='word_1_307' title='bbox 306 4070 434 4137; x_wconf 78' lang='lat' dir='ltr'><strong>genere.</strong></span> <span class='ocrx_word' id='word_1_308' title='bbox 493 4049 576 4114; x_wconf 88' lang='lat' dir='ltr'><strong>Hinc</strong></span> <span class='ocrx_word' id='word_1_309' title='bbox 609 4046 730 4114; x_wconf 86' lang='lat' dir='ltr'><strong>lactum</strong></span> <span class='ocrx_word' id='word_1_310' title='bbox 762 4057 811 4114; x_wconf 91' lang='lat' dir='ltr'><strong>est</strong></span> <span class='ocrx_word' id='word_1_311' title='bbox 845 4058 880 4117; x_wconf 91' lang='lat' dir='ltr'><strong>ut</strong></span> <span class='ocrx_word' id='word_1_312' title='bbox 918 4048 1013 4113; x_wconf 88' lang='lat' dir='ltr'><strong>toties</strong></span> <span class='ocrx_word' id='word_1_313' title='bbox 1040 4071 1055 4109; x_wconf 88' lang='grc' dir='ltr'><strong>ιι</strong></span> <span class='ocrx_word' id='word_1_314' title='bbox 1087 4047 1314 4114; x_wconf 87' lang='lat' dir='ltr'><strong>necessarium</strong></span> 
     </span>
     <span class='ocr_line' id='line_1_37' title="bbox 120 4153 1311 4241; baseline -0.008 -14"><span class='ocrx_word' id='word_1_315' title='bbox 120 4157 324 4226; x_wconf 84' lang='lat' dir='ltr'><strong>interciderit</strong></span> <span class='ocrx_word' id='word_1_316' title='bbox 348 4175 449 4241; x_wconf 75' lang='lat' dir='ltr'><strong>[quum</strong></span> <span class='ocrx_word' id='word_1_317' title='bbox 477 4153 602 4220; x_wconf 90' lang='lat' dir='ltr'><strong>scribae</strong></span> <span class='ocrx_word' id='word_1_318' title='bbox 633 4164 765 4222; x_wconf 87' lang='lat' dir='ltr'><strong>tenuem</strong></span> <span class='ocrx_word' id='word_1_319' title='bbox 789 4153 938 4222; x_wconf 88' lang='lat' dir='ltr'><strong>lineolam</strong></span> <span class='ocrx_word' id='word_1_320' title='bbox 966 4162 999 4221; x_wconf 90' lang='lat' dir='ltr'><strong>et</strong></span> <span class='ocrx_word' id='word_1_321' title='bbox 1021 4155 1074 4217; x_wconf 83' lang='lat' dir='ltr'><strong>vix</strong></span> <span class='ocrx_word' id='word_1_322' title='bbox 1097 4161 1311 4238; x_wconf 87' lang='lat' dir='ltr'><strong>apparentem</strong></span> 
     </span>
     <span class='ocr_line' id='line_1_38' title="bbox 119 4252 1314 4361; baseline -0.003 -23"><span class='ocrx_word' id='word_1_323' title='bbox 119 4284 253 4361; x_wconf 81' lang='lat' dir='ltr'><strong>prorsus</strong></span> <span class='ocrx_word' id='word_1_324' title='bbox 276 4267 486 4354; x_wconf 78' lang='lat' dir='ltr'><strong>negligerent.</strong></span> <span class='ocrx_word' id='word_1_325' title='bbox 534 4266 616 4332; x_wconf 88' lang='lat' dir='ltr'><strong>Hinc</strong></span> <span class='ocrx_word' id='word_1_326' title='bbox 641 4269 699 4344; x_wconf 81' lang='grc' dir='ltr'><strong>μέν</strong></span> <span class='ocrx_word' id='word_1_327' title='bbox 724 4252 814 4359; x_wconf 54' lang='lat' dir='ltr'><strong>(nl-E)</strong></span> <span class='ocrx_word' id='word_1_328' title='bbox 840 4268 872 4332; x_wconf 93' lang='lat' dir='ltr'><strong>in</strong></span> <span class='ocrx_word' id='word_1_329' title='bbox 896 4291 938 4345; x_wconf 78' lang='grc' dir='ltr'><strong>με</strong></span> <span class='ocrx_word' id='word_1_330' title='bbox 963 4265 1060 4332; x_wconf 89' lang='lat' dir='ltr'><strong>toties</strong></span> <span class='ocrx_word' id='word_1_331' title='bbox 1085 4268 1165 4335; x_wconf 91' lang='lat' dir='ltr'><strong>abiit</strong></span> <span class='ocrx_word' id='word_1_332' title='bbox 1191 4278 1226 4336; x_wconf 86' lang='lat' dir='ltr'><strong>et</strong></span> <span class='ocrx_word' id='word_1_333' title='bbox 1255 4268 1314 4336; x_wconf 90' lang='lat' dir='ltr'><strong>alii</strong></span> 
     </span>
     <span class='ocr_line' id='line_1_39' title="bbox 118 4370 1314 4462; baseline -0.001 -17"><span class='ocrx_word' id='word_1_334' title='bbox 118 4398 244 4445; x_wconf 85' lang='lat' dir='ltr'><strong>errores</strong></span> <span class='ocrx_word' id='word_1_335' title='bbox 276 4370 527 4440; x_wconf 88' lang='lat' dir='ltr'><strong>innumerabiles</strong></span> <span class='ocrx_word' id='word_1_336' title='bbox 559 4375 792 4460; x_wconf 87' lang='lat' dir='ltr'><strong>suscipiuntur.</strong></span> <span class='ocrx_word' id='word_1_337' title='bbox 842 4372 933 4440; x_wconf 82' lang='lat' dir='ltr'><strong>Unde</strong></span> <span class='ocrx_word' id='word_1_338' title='bbox 958 4373 1045 4439; x_wconf 87' lang='lat' dir='ltr'><strong>nasci</strong></span> <span class='ocrx_word' id='word_1_339' title='bbox 1070 4377 1175 4460; x_wconf 89' lang='lat' dir='ltr'><strong>potnit</strong></span> <span class='ocrx_word' id='word_1_340' title='bbox 1201 4375 1314 4462; x_wconf 87' lang='lat' dir='ltr'><strong>inepta</strong></span> 
     </span>
    </p>
   </div>
   <div class='ocr_carea' id='block_1_3' title="bbox 0 0 1474 5010">
    <p class='ocr_par' dir='ltr' id='par_1_3' title="bbox 0 0 1474 5010">
     <span class='ocr_line' id='line_1_40' title="bbox 0 0 1474 5010; baseline 0 2"><span class='ocrx_word' id='word_1_341' title='bbox 0 0 1474 5010; x_wconf 95' lang='lat' dir='ltr'><strong> </strong></span> 
     </span>
    </p>
   </div>
  </div>
 </body>
</html>
