2940 5010
691 278 753 342 1Ξῦ

157 456 201 531 rit.
218 448 298 541 quod
319 448 436 519 Orator
457 449 586 518 dixerit.
633 449 719 528 Nihil
743 457 852 518 autem
875 458 943 517 crat
972 449 1106 518 Athenis
1133 452 1194 523 hac
1218 458 1317 526 victo·

156 560 191 629 rit
206 558 336 635 clarius,
360 576 457 644 quam
479 554 575 623 multi
604 564 794 647 supererant
822 556 877 642 qui
899 555 1070 638 vidissent,
1092 566 1125 626 et
1144 559 1225 627 nihil
1246 571 1317 630 crat

156 664 254 733 tetras
268 682 367 751 quam
385 662 471 729 seim
488 668 566 749 quot
585 663 716 749 utrique
738 659 872 729 naribus
889 661 1108 731 dimicassent.
1143 664 1206 734 Sed
1223 668 1317 755 quid·

153 770 331 861 tritheitae
361 768 409 837 rei
432 774 482 837 est
504 767 573 835 sive
594 786 633 835 ert
659 766 721 835 irdc
749 786 859 835 rerum
887 775 1053 855 gestarum
1080 770 1149 839 sive
1171 773 1211 840 ad
1235 773 1316 841 inri-

153 876 216 945 ditm
242 876 377 943 inimico
404 870 608 943 condendam
638 872 683 940 ita
716 871 817 951 dixit,
841 892 903 939 non
928 880 1034 962 potest
1061 873 1155 943 aliter
1173 882 1315 965 quamsi

153 978 359 1067 hu’ddnvai'cr
378 979 509 1047 dixisse.

153 1136 157 1143 -
182 1084 261 1171 deod
284 1085 475 1174 deuxippus
504 1082 620 1153 trion.
645 1104 675 1172 p.
701 1086 777 1152 404.
802 1082 835 1149 G.
858 1085 1007 1167 εὐφήμως
1036 1085 1162 1156 dixerat
1189 1089 1315 1159 scribae

153 1194 408 1281 interruperunt
428 1198 466 1258 ut
487 1208 576 1256 nuuc
599 1187 680 1256 nihil
703 1188 790 1257 dicat
812 1188 845 1254 in
871 1188 922 1255 iris
943 1190 1104 1259 versibus:

303 1294 381 1365 decc
402 1297 504 1376 trote
524 1292 543 1379 ἦ
565 1296 593 1363 δ’
615 1291 660 1362 δ’δ’
683 1292 803 1378 derare,
827 1294 928 1376 eorda
953 1302 1062 1381 φακῆν

302 1402 358 1469 καί
380 1401 417 1469 τί
439 1400 627 1484 περίδειπνον
649 1404 704 1467 τοῦ
726 1401 798 1481 βίου
820 1401 966 1483 λαμπρὸν
989 1403 1076 1471 ποιῶ.

151 1508 208 1575 ratio
227 1514 359 1597 apparet
381 1525 456 1576 eum
480 1505 588 1574 dicere
610 1503 749 1574 voluisse
769 1503 844 1573 ὅταν
862 1506 963 1586 ἐγγὺς
985 1504 1004 1589 ἦ
1026 1508 1062 1575 τί
1081 1512 1196 1592 χρεών,
1221 1513 1237 1579 d
1260 1514 1312 1581 dd-

150 1636 216 1691 rme
235 1620 269 1681 et
291 1611 353 1680 irae
374 1612 520 1698 εὐφυμίμ
538 1630 634 1679 usum
658 1608 798 1678 arbitror
821 1618 858 1678 ut
881 1610 999 1678 dixerit
1021 1609 1067 1681 ὅδ’
1089 1611 1199 1698 ἕτερος.

179 1718 209 1785 lu
230 1716 411 1807 Philippide
438 1717 523 1805 apud
557 1716 719 1783 Pollucem
741 1715 795 1783 tx.
823 1720 876 1783 50.
906 1712 982 1784 ὅταν
1013 1717 1083 1797 ἑξῆς
1111 1724 1313 1805 παραμώμιου

149 1822 314 1909 biretam
337 1822 545 1907 είοαριίξομαι
569 1822 615 1890 nil
639 1822 825 1908 proicimus
855 1822 991 1890 Beirlreri
1023 1825 1219 1895 coniecturis
1241 1828 1260 1895 ί
1279 1855 1310 1897 τι

148 1928 261 2017 bime
283 1929 489 2013 reaccende
512 1932 553 2009 α’,
575 1926 616 1995 ἂν
638 1928 784 2013 detuleras,
807 1946 889 2014 quas
911 1927 1090 1997 ticinelriue
1113 1931 1146 1998 itt
1166 1932 1311 2003 ordinem

150 2036 253 2125 ueepit
299 2033 461 2104 Emenda:

147 2180 154 2193 ·
196 2204 199 2211 ,
892 2137 967 2207 ὅταν
990 2139 1089 2225 efflue,

302 2251 523 2330 παραγώγιου,
546 2243 586 2314 ὧν
609 2244 649 2311 δυ
672 2244 802 2329 ἐκφέρῃ,
825 2251 854 2310 o'
877 2244 1096 2329 εἰσαροέξομοιι.

173 2350 289 2441 &qaue
310 2352 464 2441 garrulus
484 2360 517 2422 et
537 2348 751 2420 iactabundus
770 2349 856 2437 aprrd
875 2352 1029 2421 Batonem
1050 2350 1166 2422 Athen.
1187 2373 1218 2441 p.
1232 2358 1311 2427 det.

149 2452 227 2527 tiu
246 2466 376 2549 erepat:

605 2564 664 2638 τὰς
688 2561 803 2637 υυίιτοος
825 2564 858 2630 οὔ
878 2563 1081 2644 καθεύδομεν,

324 2671 386 2741 οὐδ’
409 2666 681 2753 οξιαγεγροίμμεβ,
704 2667 795 2735 erue
818 2668 931 2735 κοίεοοιι
953 2669 1089 2752 λύχνος,

147 2832 150 2841 .
201 2848 208 2861 ,
326 2774 380 2843 ’καί
403 2774 510 2855 βιβλί’
533 2776 564 2842 ἕν
584 2782 656 2849 ταῖς
675 2774 795 2857 χεροίυ.

146 2874 210 2963 tut
225 2882 271 2949 tit
289 2879 566 2963 ιίυαμεγμίμμεία
586 2877 651 2946 noli
674 2896 848 2966 quaerere,
871 2898 947 2946 uam
967 2878 1048 2945 nihil
1068 2881 1208 2968 reperies
1229 2887 1311 2953 sani.

147 2980 209 3065 Mt
232 2988 342 3075 potius
368 2986 449 3073 legis
478 3005 606 3053 meeum
630 2985 692 3051 οὐδ’
714 2985 965 3065 οὶυαοιεοιοούμεβ,
989 2992 1038 3052 est
1061 2987 1147 3054 enini
1168 2990 1312 3059 οένοιοιαύ·

145 3090 210 3159 uo
228 3093 263 3160 in
285 3110 350 3159 usu
371 3090 411 3159 de
435 3091 490 3168 iis,
521 3091 577 3177 qui
609 3108 805 3177 quamquam
838 3108 987 3156 somnum
1016 3108 1079 3156 nou
1111 3094 1243 3180 capiunt
1265 3117 1312 3164 re·

142 3194 295 3281 munt
314 3204 423 3263 tamen
442 3202 475 3263 et
491 3195 600 3282 quiete
617 3203 806 3263 recreantur
825 3203 858 3261 et
875 3193 995 3262 sessum
1012 3214 1131 3281 corpus
1147 3198 1314 3281 reficiunt,

144 3304 428 3389 tteoeiuaguatur
459 3318 701 3387 nonarumquam
730 3299 885 3367 καίεύδειυ
910 3308 943 3367 et
964 3301 1193 3371 οίυαπαιίεοίαι.
1237 3305 1312 3373 Per·

144 3400 243 3475 betam
273 3409 519 3476 ἑνοπεααῦοίαι
549 3406 670 3493 optime
699 3404 738 3472 de
761 3424 798 3471 eo
818 3405 957 3482 dicitur,
981 3405 1038 3491 qui
1062 3405 1246 3475 intermisso
1269 3410 1313 3478 ia·

144 3504 201 3581 itte
220 3512 330 3601 aliqua
351 3512 460 3600 quiete
483 3512 605 3579 fruitur
632 3509 672 3578 ad
696 3510 781 3577 vires
809 3508 1016 3588 reficiendas,
1040 3512 1311 3599 quemadmodum

139 3616 315 3707 ut'timplex
336 3619 505 3699 πέπαυμαι
528 3616 657 3702 saepius
677 3634 735 3702 pro
758 3616 879 3702 qrtt'etco
898 3616 1040 3704 ponitur.

140 3764 143 3773 ι
174 3720 296 3811 Epiuici
316 3722 407 3793 iocus
426 3722 511 3812 apud
530 3720 645 3789 Athea.
667 3741 697 3807 p.
719 3725 795 3788 452.
818 3721 851 3786 B.
874 3721 1044 3807 inprimis
1065 3724 1173 3791 verbis
1196 3728 1311 3795 vitium

143 3828 298 3896 minxit:

351 3933 402 4002 dor*
424 3934 562 4019 ἀλφίτου
585 3934 714 4001 πίνοντα
738 3938 791 4000 τοῦ
816 3933 914 4015 ίέρους
939 3934 1014 4001 ποτέ

352 4040 420 4109 tecto
444 4041 595 4107 Σέλευκοι
619 4039 709 4119 ἡδέος
733 4039 785 4106 τὸυ
808 4039 960 4118 βασιλέα.

144 4136 228 4212 dauci
256 4164 321 4213 uon
352 4154 402 4213 est
431 4145 482 4213 ἐπ’
506 4147 644 4229 ἀλφίτου
673 4146 787 4222 αίυειυ,
811 4142 868 4210 sed
897 4162 972 4209 vera
998 4142 1093 4210 lectio
1120 4166 1159 4212 ex
1190 4146 1314 4236 reliquo

144 4240 200 4315 bet
218 4252 288 4319 erui
312 4250 480 4319 commode
503 4253 631 4339 poterit.
667 4250 816 4319 Comicus
837 4252 982 4336 ineptum
1002 4247 1211 4320 historiarum
1234 4258 1313 4322 scri·

99 4414 107 4431 .
144 4358 248 4437 turem
272 4356 552 4447 iiueeiptoiemum
574 4359 694 4447 scriptu
714 4358 746 4424 in
772 4377 846 4424 eum
870 4353 976 4435 sabula
999 4352 1195 4429 ludificatur.
1231 4370 1316 4439 Μιμ-
