2940 5010
191 101 314 182 Τμσίην
335 100 485 165 nuntiatae
509 104 597 163 recte
619 95 739 183 tegitur
761 94 846 182 opud
872 93 1114 181 Xenophontem
1138 104 1171 163 ct
1190 95 1264 165 aliis
1285 96 1367 163 tn—

145 208 193 273 ois
216 215 247 272 et
273 208 304 270 in
329 202 450 271 Hellen.
470 201 507 269 V.
532 221 573 269 rr.
601 205 653 269 45.
683 201 737 269 ubi
768 200 997 269 scribendum:
1029 202 1154 281 trivam
1173 204 1207 269 ίν
1228 204 1367 273 ἐλπίδι..

145 315 257 395 τροπὴν
280 310 472 391 revererer
494 310 690 385 ποιήσεσθαι,
714 327 776 375 non
802 315 838 373 ut
867 305 1021 393 vulgetur
1050 300 1249 385 ποοθσσσθοιο.
1294 308 1367 378 ΙΙΙ

145 417 295 484 isocratis
316 424 397 481 orat.
418 413 488 481 xtt.
509 419 563 479 oo.
588 432 645 499 pro
669 414 836 481 verissima
859 413 1021 499 scriptura
1041 416 1219 491 ποιήσασαν
1240 415 1367 497 iorni-

144 525 252 609 inepte
274 541 313 589 cx
340 519 494 587 Urbinate
514 520 634 605 recepit
653 521 767 600 σρονοίν
787 519 980 585 norissimus
998 518 1127 597 Editor,
1150 520 1207 604 qui
1233 537 1367 605 quan-1

145 629 246 696 muita
271 627 404 694 ruinosa
435 625 567 691 [socrati
599 623 755 690 indixerit
784 625 855 689 sine
885 625 1010 693 ratione
1035 632 1069 693 et
1096 622 1219 691 iudicio
1239 624 1314 691 Uriri
1341 666 1367 681 -

144 735 229 801 natis
248 734 474 800 auctoritatem
495 728 658 816 sequendo
678 729 757 796 alias
779 728 956 797 ostendum.

190 842 258 906 tam
282 838 323 905 ad
342 835 529 924 Euripidem
550 844 694 903 revertor
713 836 746 900 in
768 833 932 902 simitiinra
955 834 1139 923 corruptela
1160 854 1255 923 opem
1275 854 1331 903 no»
1347 874 1367 889 -

144 955 245 1012 stram
271 950 509 1030 exspectantem
534 942 566 1006 in
594 939 772 1008 Heraclidis
795 943 881 1007 742:

640 1047 813 1127 σθμμοοχος
835 1044 936 1123 redd
959 1069 1010 1125 μοι

367 1158 523 1228 τοιοῦτος,
548 1148 606 1225 odos
630 1150 670 1218 θν
692 1152 807 1233 τροπὴν
830 1150 1004 1232 Εὐρυσθέως

366 1258 457 1332 θείην.

144 1366 197 1433 nid
219 1365 324 1445 θείμην
352 1362 571 1449 reponendum
595 1383 663 1430 esse
686 1360 849 1440 arbitror,
880 1362 960 1438 θείην
979 1360 1095 1429 scribis
1120 1360 1253 1441 deberi,
1276 1356 1367 1449 qui

143 1473 175 1538 in
201 1468 319 1537 tatibus
340 1477 405 1535 tam
431 1467 580 1536 socordes
602 1476 678 1535 sunt
699 1476 737 1535 ut
764 1488 810 1534 rs.
835 1472 932 1535 1017.
957 1465 1044 1536 fideti
1069 1464 1244 1535 concordia
1264 1486 1367 1535 orn·

143 1596 201 1646 nes
220 1576 318 1643 λιπὼν
342 1574 368 1641 t·
390 1574 473 1641 οὐδὲν
493 1575 622 1656 οἱχθοίην
643 1573 713 1653 βίον
741 1572 954 1641 dormitantes
974 1572 1123 1641 dederint
1141 1592 1202 1662 pro
1226 1566 1367 1657 rixis}-

141 1707 215 1761 μην.
262 1679 325 1761 Qui
356 1686 504 1765 poterant
527 1680 657 1759 οίχίοίην
680 1698 738 1765 pro
764 1679 921 1759 ἀχθοίμην
944 1679 1015 1746 sine
1041 1679 1227 1765 suspicione
1254 1676 1367 1747 scri·

143 1788 240 1861 bere,
272 1783 350 1872 quid
373 1804 428 1851 eos
453 1785 485 1849 in
507 1792 603 1850 ποιεῖν
627 1790 660 1848 et
682 1786 833 1865 nonciatur
859 1783 942 1851 maie
969 1782 1205 1853 confundendis
1226 1782 1367 1871 desig-

143 1894 269 1959 navisse
294 1889 410 1976 putes?
459 1888 503 1955 ne
531 1887 700 1975 permultis
722 1888 878 1975 exemplis
899 1907 1000 1955 unum
1032 1897 1065 1956 et
1091 1890 1231 1957 alterum
1262 1904 1367 1977 σος·

144 2016 254 2064 nosco:
280 1997 312 2059 in
338 1994 490 2060 isocratis
510 1994 660 2079 Euagora
682 1997 701 2081 §
721 1997 775 2059 26.
801 2013 913 2061 omnes
935 1993 1034 2059 libros
1058 1996 1164 2080 turpis
1183 1994 1367 2063 soloecis-

141 2122 216 2170 mus
237 2098 421 2167 obsidehat:
453 2100 478 2164 εί
498 2100 543 2177 μη
565 2101 704 2166 κοίκείνον
725 2100 858 2166 ἐκποδὼν
882 2100 1036 2178 ποονίσεοε,
1067 2118 1168 2185 quum
1195 2099 1367 2169 Urbinas

142 2225 255 2275 verum
278 2207 438 2281 σοοίοοονεο
467 2203 588 2270 attulit.
634 2204 670 2271 ln
694 2204 824 2293 Lysiam
854 2203 939 2271 idern
972 2203 1126 2272 mendum
1155 2206 1367 2293 irrepsern

143 2313 228 2381 ΧΙΙΙ.
254 2316 308 2378 nt.
342 2308 438 2375 ίδθηεο
459 2306 509 2375 οὖν
528 2309 660 2375 ἐκποδὼν
683 2319 846 2387 noricas
875 2311 927 2377 τὸν
949 2310 1142 2392 ’opiparam
1167 2310 1225 2378 ubi
1249 2312 1367 2391 οσονῦ-

141 2421 254 2486 σοοσθοον
275 2416 462 2481 restitntum
483 2424 555 2491 est,
580 2416 677 2482 etiam
702 2415 818 2482 meiius
839 2418 988 2484 σονεῖοθοιν
1010 2416 1215 2484 restituetur.
1253 2418 1367 2487 Con-

140 2525 244 2612 spirat
271 2528 380 2587 autem
414 2518 550 2587 Urbinas
577 2521 715 2587 eximius
739 2520 821 2587 liber
840 2541 916 2589 cunr
949 2522 1086 2589 cacteris
1112 2522 1145 2586 in
1181 2521 1363 2591 Busiride

140 2634 236 2719 §os
263 2628 295 2693 in
319 2627 432 2693 vitiosa
455 2626 638 2712 scriptura:
664 2628 697 2692 οὐ
721 2628 858 2704 πονήσεις
880 2634 933 2693 τοῦ
963 2634 1069 2695 λοιποῦ
1092 2627 1229 2709 πονηρὰς
1263 2631 1357 2697 ὑσο-

140 2736 254 2813 dicero,
285 2750 360 2799 nam
381 2732 436 2817 qui
458 2739 685 2817 argumentum
714 2734 816 2797 sumit
844 2731 971 2799 dicendi
1001 2742 1135 2800 ποοείονο
1165 2734 1314 2801 ὑπθθεσον
1331 2780 1346 2811 ,

141 2860 203 2909 non
223 2847 307 2907 πονεῖ
314 2888 323 2914 ,
346 2856 446 2924 quaro
466 2839 583 2914 σοοίσεν
603 2834 821 2904 scribendum.
870 2836 1063 2924 Saepissime
1080 2840 1235 2907 πονεῖσθαι
1256 2836 1340 2909 ὑσθ-

140 2951 219 3014 θεσνν
247 2941 332 3030 apud
363 2940 537 3008 Isocratem
560 2942 722 3009 occurrit:
753 2949 867 3028 quater
899 2943 931 3009 in
959 2942 1193 3011 Panotdenoioo
1221 2950 1242 3031 §
1266 2950 1332 3023 35,

140 3057 202 3126 os,
229 3052 292 3115 108
314 3054 348 3113 et
379 3052 463 3125 175,
497 3058 546 3114 ter
576 3047 608 3111 in
640 3046 784 3112 Antidori
815 3051 919 3137 558,
942 3050 986 3113 69
1009 3056 1042 3113 et
1066 3051 1154 3125 276,
1184 3058 1218 3116 et
1242 3050 1326 3119 atini.

142 3155 301 3222 Vitiosum
335 3158 386 3217 est
422 3151 455 3217 in
496 3151 635 3218 dnalrasi
663 3151 701 3217 V.
730 3173 783 3217 vn.
816 3158 872 3219 51.
909 3151 959 3219 ίνον
993 3154 1046 3219 κοί
1079 3156 1231 3239 ponceio
1269 3156 1325 3241 zan

139 3261 249 3341 ποονίση
277 3282 326 3332 σος
351 3276 409 3343 pm
436 3258 603 3334 σοονίσητοοί
625 3280 694 3333 τος,
726 3276 800 3323 naun
835 3258 997 3344 significat
1022 3258 1073 3325 ίνοο
1102 3260 1157 3325 καί
1188 3262 1255 3347 ίδίομ
1282 3286 1322 3335 rrr

136 3361 331 3449 φνλοίξησοον.
377 3360 545 3427 Contrario
564 3382 673 3428 errore
690 3361 722 3427 in
749 3360 871 3429 Hellen.
889 3364 942 3430 vt.
968 3386 995 3430 r.
1023 3369 1075 3431 18.
1108 3364 1250 3451 iegitur:
1273 3368 1321 3435 rud

138 3469 232 3543 οὕτως
255 3466 327 3548 ἅμα
349 3466 384 3533 ἔκ
405 3492 440 3532 τε
457 3473 510 3533 τοῦ
531 3473 617 3536 ςενοῦ
641 3467 736 3545 ἐξῆγε
754 3466 807 3532 cai
828 3470 1027 3552 ίσχνροσθροον
1048 3471 1096 3537 oid
1116 3473 1172 3547 τὴν
1191 3472 1323 3556 Φοίλοογ·

137 3600 185 3655 γον
217 3576 371 3649 ἐποιεῖτο,
407 3592 546 3659 nemque
578 3573 703 3655 ἰσχυρὸν
738 3581 834 3639 ποιεῖν
865 3574 1023 3641 Graecum
1056 3583 1105 3641 est
1137 3584 1170 3642 et
1201 3580 1322 3653 ἀσθενὲς

138 3688 234 3747 ποιεῖν
253 3688 287 3747 et
308 3677 427 3747 simiiia
446 3678 573 3753 onmia,
596 3676 651 3743 uiri
674 3687 769 3744 σονεῑν
784 3687 834 3745 est
855 3680 1006 3755 reddere,
1032 3699 1096 3765 quo
1116 3698 1214 3747 sensu
1234 3700 1325 3749 nemo

138 3804 293 3872 umquam
324 3792 470 3851 veterum
506 3802 581 3849 cum
610 3782 769 3850 adiectivo
801 3783 934 3851 verinum
965 3788 1116 3852 ποοεῑσίοοο
1146 3787 1324 3855 coniunxit.

137 3890 281 3957 Emenda
306 3890 409 3976 igitur
432 3886 631 3970 ίοχνροσίροον
648 3926 693 3938 —
707 3890 814 3958 ἐσοίεο.
861 3890 990 3957 Similes
1013 3891 1217 3979 corruptelae
1243 3894 1326 3961 inter

138 3994 307 4081 tegendum
341 4002 390 4059 snt
425 3994 545 4060 muttae
577 4005 769 4073 occurerent,
806 4018 944 4083 quarum
977 4016 1057 4064 nora
1085 3998 1233 4087 exempla
1267 3998 1326 4067 sitsi
