2940 5010
14 4510 120 4715 'X

716 284 759 351 26

141 463 224 532 ratio
244 460 342 528 acrba
364 460 411 527 sic
435 476 505 527 csse
527 456 738 528 describenda
757 457 876 546 arguit
923 457 1151 543 dinumeratas.
1174 470 1213 531 ut
1240 460 1341 533 multi

141 570 197 636 ulii
217 577 275 645 τῆς
293 567 393 648 μίοιις
413 565 590 649 κωμῳδίας,
613 584 671 654 par
693 566 797 633 risum
821 565 993 652 iocumque
1011 565 1183 655 'l'ragicam
1200 567 1340 639 dicandi

140 694 290 763 pompam
321 680 354 740 et
372 672 516 739 oratione
537 678 571 739 ct
594 672 740 739 numeris
763 672 924 744 imitatur.
969 671 1058 741 ldem
1081 683 1131 742 cat
1151 672 1277 764 eloquii
1303 678 1339 745 in

141 801 177 848 re
195 779 320 848 ludicra
341 774 491 866 splendor
513 784 546 844 ct
564 776 827 864 magnificentia,
857 776 941 846 idem
965 779 1053 845 nitor
1074 781 1196 848 senarii
1216 780 1262 849 ad
1289 798 1339 851 se·

141 886 282 953 veriores
303 882 389 970 leges
411 882 592 970 compositi.
647 881 709 965 Qui
736 883 769 949 in
796 882 973 972 Tragoedia
992 883 1044 952 vel
1067 884 1340 974 Tragicomocdia

142 991 284 1060 senarios
307 987 392 1056 lcrrc
414 996 551 1076 possunt
572 987 776 1057 istiusmodi:

319 1093 454 1177 τρίγλας
474 1094 591 1174 λίγεια.
626 1105 660 1161 Β.
684 1101 942 1180 γαλακτοχρῶτα
960 1099 1090 1173 navate
1112 1092 1144 1163 ίι

321 1201 457 1279 πήρννο’
479 1199 576 1282 ίχλοα
592 1200 727 1284 ρίριβος.

140 1302 309 1374 reiiaiendi
332 1311 408 1372 sunt
429 1302 554 1372 iudices
570 1324 799 1384 numerorum.
823 1325 964 1393 namque
979 1309 1087 1392 καφίρν
1105 1309 1200 1384 isaie
1224 1306 1338 1388 αίοίιρ·

140 1437 188 1481 οιν
210 1411 353 1494 ίχονοινε
381 1417 494 1478 contra
522 1411 580 1497 qui
607 1429 721 1479 aurona
746 1410 866 1479 notem
893 1412 964 1480 cina
990 1411 1147 1479 iudicium
1173 1412 1207 1479 in
1232 1432 1275 1483 ea
1299 1432 1337 1485 το

139 1525 213 1584 tuto
236 1521 423 1604 sequentur.
474 1514 599 1582 llorum
625 1516 803 1585 sententias
828 1517 939 1584 statim
964 1517 1133 1605 exquiram
1162 1517 1197 1585 in
1221 1536 1337 1597 onnam

140 1621 256 1689 dandis
274 1620 465 1708 fragmentis
484 1619 725 1710 compluribus,
748 1642 886 1710 quorum
911 1623 1039 1691 numeri
1063 1622 1169 1690 vitiosi
1192 1642 1268 1695 essa
1288 1627 1336 1695 ri·

139 1730 279 1808 dentur,
310 1727 367 1795 ubi
397 1727 489 1816 prius
509 1725 619 1794 dixero
647 1727 689 1796 dc
714 1727 871 1796 vocabulo
896 1728 1054 1816 Tragion,
1081 1729 1115 1794 in
1141 1747 1207 1816 quo
1236 1751 1337 1821 sarpa

139 1834 288 1905 Graeculi
310 1833 453 1922 imperiti
479 1831 683 1920 impingunt,
712 1832 799 1922 quod
828 1832 950 1921 legitur
978 1835 1013 1902 in
1040 1834 1101 1902 hoc
1128 1834 1336 1907 damianus

138 1961 286 2010 senario:

318 2041 371 2121 αίρ
393 2043 446 2112 ιιαί
466 2043 540 2111 teto
560 2048 673 2124 πιμῦοι
696 2043 862 2130 Φονιφίρον
885 2044 1002 2129 Κίριρν.

138 2154 262 2222 seilicet
290 2172 385 2220 nemo
407 2168 583 2238 umquam,
610 2148 667 2236 qui
695 2151 835 2223 απιιιιςί
859 2151 949 2231 assa
972 2157 1005 2218 et
1028 2169 1092 2217 non
1115 2173 1333 2240 rapacpayp·

136 2260 203 2339 δεῖ,
226 2263 363 2344 usurpat
379 2254 572 2323 vocabulum
588 2252 663 2332 ίοιί,
687 2254 777 2333 sedai
797 2254 864 2332 ίείρ
881 2255 1032 2324 dicebant
1047 2261 1202 2343 perpetua
1214 2274 1333 2331 omnes

138 2366 173 2430 in
196 2361 250 2429 illo
275 2380 441 2438 sermone,
471 2359 529 2446 qui
555 2377 619 2424 non
643 2378 744 2447 supra
766 2379 898 2427 macana
918 2360 1075 2448 adsurgit.
1121 2361 1333 2452 Quicumque

139 2469 173 2535 in
197 2465 362 2535 comoedia
389 2463 444 2532 ίειί
464 2463 546 2532 dicit
573 2462 698 2532 laccius
720 2464 859 2533 Homero
884 2474 940 2535 aut
968 2467 1085 2558 lyrico
1105 2475 1165 2533 aut
1187 2467 1332 2557 angios

136 2583 250 2664 poetac
280 2571 423 2661 priscam
451 2568 644 2638 vocabulum
673 2569 714 2638 ad
738 2571 851 2640 risum
867 2572 1061 2660 captandum
1086 2570 1241 2660 sublegit:
1273 2573 1331 2645 ait

136 2678 219 2747 nihil
245 2677 357 2745 subest
382 2674 542 2745 eiusmodi
572 2674 647 2743 libri
677 2684 710 2745 ot
736 2677 863 2747 scribas
890 2677 982 2746 nobis
1013 2677 1158 2746 fraudem
1187 2677 1330 2755 daciunt.

135 2783 348 2874 Lepidissime
385 2780 560 2851 llanandcr
596 2781 682 2872 apud
720 2782 931 2852 Plutarchum
970 2783 1009 2852 dc
1048 2782 1198 2853 audiend.
1239 2794 1330 2874 post.

134 2911 207 2980 pag.
232 2895 284 2959 19.
309 2890 347 2957 Α.

316 2993 384 3076 ίριοί
404 2993 462 3076 μὶν
484 2990 535 3063 οὖν
554 2992 664 3062 ἄειδε
687 2995 856 3076 τοιαύτην,
879 2995 965 3074 teat,

314 3101 480 3184 ίραοεῖαν,
501 3101 615 3183 ιίραίαν
637 3100 670 3167 δὲ
693 3100 746 3168 καί
770 3104 898 3179 πιίανίρν
921 3099 1016 3182 ἅμα,

314 3206 503 3285 mamacas,
522 3207 773 3285 ιίποιιλείονοαν,
797 3210 947 3277 αίτοῦοαν
968 3205 1095 3283 πνιινοί,

316 3311 444 3391 μηδίνοο
468 3312 604 3393 ἐρῶσαν,
626 3314 885 3395 προσποιουμένην
908 3315 935 3381 δ’
952 3315 1006 3382 ἀεί
1017 3363 1027 3382 .

135 3417 191 3485 scd
212 3416 325 3484 vitiosa
345 3418 379 3483 in
402 3414 615 3503 Aristophane
633 3437 684 3505 ap.
704 3417 813 3490 Sehol.
831 3418 965 3488 Theocr.
988 3419 1029 3487 11.
1053 3423 1095 3487 12
1118 3417 1254 3507 legitur:

316 3522 350 3589 πί
371 3521 425 3588 δαί
435 3542 443 3598 ;
466 3521 592 3589 κυνίδιον
613 3524 728 3593 λεπτὸν
746 3525 839 3610 ἐπρίιι
860 3535 901 3610 πῇ
924 3529 980 3612 dei

315 3629 359 3703 εἷς
380 3627 442 3703 τοὶς
464 3627 618 3711 πριίδονρς

134 3731 362 3821 quiquoniam
385 3752 489 3821 neque
508 3735 768 3825 suppleamque
789 3737 1035 3820 παραπραρρδιῖ
1052 3756 1114 3804 non
1139 3741 1244 3824 potest
1265 3736 1329 3807 ali·

134 3844 185 3905 ten
211 3857 308 3925 quam
330 3849 370 3924 τῇ
395 3841 450 3922 topi
473 3839 614 3920 dixisse,
645 3849 683 3909 ut
705 3853 794 3911 recta
814 3840 903 3930 apud
925 3842 1140 3930 Antiphanem
1164 3841 1348 3937 scriltitup·=

133 3942 249 4010 Athen.
274 3942 344 4010 x11.
369 3949 448 4015 555.
475 3944 508 4012 C.
539 3946 731 4028 ἀλείμματα
758 3946 765 4038 Ι
792 3948 880 4031 παρὰ
906 3957 962 4026 saia
995 3950 1060 4019 θεοῦ
1088 3949 1259 4030 λαβοῦσα,
1289 3956 1328 4019 ct

131 4047 213 4114 alios
232 4049 362 4135 passim.
384 4096 387 4101 -
408 4051 632 4140 llittographia
651 4051 728 4120 hinc
748 4061 824 4121 nata
842 4060 892 4121 est
911 4054 944 4121 in
963 4055 1128 4145 Posidippi
1147 4053 1216 4124 loco
1233 4054 1326 4144 apud
1363 4068 1367 4073 '

132 4152 248 4222 llthcn.
268 4154 323 4223 lll.
346 4160 423 4225 576.
448 4157 485 4224 ll.
1005 4218 1009 4225 .

312 4260 511 4345 διακονοῦμεν
534 4270 586 4331 νῦν
608 4263 749 4345 palaeae.
772 4267 808 4334 ri
824 4269 909 4349 ίῦμα
931 4269 1031 4349 βοῦς.

313 4369 328 4435 ί
351 4368 447 4446 atam
471 4370 646 4455 ίιιιφανίρρ,
669 4373 823 4459 ἐπιφανὴς
845 4374 860 4443 ί
884 4374 1082 4457 λαμβάνον.
