2940 5010
707 297 771 365 stt

140 474 366 557 γεγενημένον,
399 470 441 548 οἷς
474 474 505 540 δὲ
534 475 627 557 φίλος
656 477 831 544 τούνοοντύον
856 476 983 559 ἕχύρόν,
1015 478 1042 543 si
1069 477 1145 565 quis
1174 477 1238 545 loos
1263 480 1325 566 agit

141 582 234 649 laeile
264 582 379 648 sentiet
411 598 470 667 pro
493 578 558 657 ι’ἱιιει
592 582 774 649 necessario
806 582 928 669 requiri
953 580 1029 661 ἧκε,
1065 584 1119 651 oui
1151 582 1256 651 hostis
1279 606 1327 653 οι·

139 691 252 765 uisset,
275 688 305 754 ei
324 686 466 753 amicum
490 705 560 752 esse
589 685 722 754 fastum.
767 685 887 754 Eodem
910 686 1006 754 morlo
1024 684 1078 763 ἦιιι
1101 726 1149 739 -
1170 688 1240 767 ἥκει
1258 710 1328 759 eon·

140 795 209 862 lusa
235 801 312 860 sunt
339 812 373 880 p.
393 797 477 870 utt,
503 795 558 861 26.
606 793 725 861 Mirum
751 801 800 860 est
824 794 856 859 in
889 792 1009 862 talibus
1034 814 1097 861 non
1129 797 1255 865 sentire
1276 794 1327 863 lto

139 902 244 967 mines
276 898 407 976 doetus,
442 917 540 986 quam
574 899 618 965 sit
650 899 831 986 incongrua
864 907 1048 986 temporum
1076 901 1175 969 ratio.
1230 900 1329 989 llagis

141 1006 239 1073 etiam
273 1002 421 1071 mirabile
451 1014 499 1070 est
528 1004 561 1070 in
592 1004 707 1093 Lysiae
737 1001 827 1074 Orat.
850 1004 995 1072 xxvttt.
1019 1010 1051 1072 l.
1083 1009 1110 1074 sl
1142 1008 1220 1087 ύμῖν
1250 1018 1329 1091 opo·

138 1115 289 1194 σύβονλος
315 1111 539 1191 ἐπηγγέλλετο
563 1113 690 1193 τριήρεις
713 1109 795 1195 ἔχων
818 1110 1043 1178 ἐκπλεύσεσθαι
1069 1111 1198 1180 tamdiu
1219 1111 1329 1182 absur-

139 1218 217 1285 tlum
238 1217 460 1297 ἐπηγγέλλετο
482 1215 614 1283 tolerari
639 1216 801 1303 potuisse:
826 1218 853 1281 si
875 1215 966 1282 voltis
987 1216 1215 1306 Thrasybulus
1236 1218 1329 1308 polli-

139 1334 278 1403 ceretur,
302 1341 403 1410 quum
424 1322 466 1387 sit
487 1319 560 1388 luee
581 1321 702 1388 elarius
718 1320 880 1409 pollicitus
898 1331 978 1387 erret
997 1326 1142 1408 requiri,
1164 1326 1330 1407 ἐπηγγελ·

138 1455 192 1509 το,
205 1429 244 1496 de
259 1448 323 1516 quo
335 1447 481 1495 errorum
495 1446 612 1512 genere
626 1425 728 1493 multa
746 1446 845 1514 supra
858 1429 1102 1505 annotavimus,
1115 1430 1237 1516 quibus
1249 1428 1328 1499 otto

139 1556 257 1603 novum
281 1531 464 1620 exemplum
487 1532 734 1615 προσερριύπτετο
763 1553 821 1620 pro
850 1534 1059 1616 προσέρραπτο
1084 1534 1171 1621 apud
1196 1534 1328 1605 lloet'ill.

139 1645 205 1709 nu.
230 1661 259 1707 v.
284 1637 472 1714 Κιτονύκηε
497 1637 569 1705 ride
594 1648 625 1705 et
655 1639 699 1704 ilri
717 1638 863 1706 Piersou.
890 1659 922 1725 p.
944 1642 1021 1705 225.
1067 1639 1130 1708 Serl
1154 1659 1222 1707 non
1248 1662 1329 1709 sem·

137 1767 217 1834 per,
246 1747 381 1833 opinor,
410 1746 498 1811 inter
520 1743 691 1830 legendum
722 1743 782 1810 hoo
814 1745 959 1830 agimus,
994 1753 1027 1811 et
1058 1747 1086 1811 si
1116 1747 1324 1834 perspienu·

139 1863 185 1918 ost
218 1850 454 1939 quid,dieatur
487 1870 550 1916 non
582 1869 710 1935 semper
739 1847 937 1916 attendimus
965 1870 1005 1916 an
1038 1851 1082 1917 sit
1115 1853 1221 1919 oratio
1249 1851 1328 1920 beno

139 1959 281 2036 Graeca,
316 1956 402 2024 unde
425 1977 496 2024 eam
524 1957 717 2023 sententiam
749 1953 984 2040 collegerimus.
1031 1956 1068 2022 ln
1093 1958 1191 2025 truieo
1216 1956 1330 2026 codiee

139 2064 254 2153 Lysiae
284 2062 406 2149 legitur
435 2064 469 2128 in
505 2060 592 2129 Orat.
615 2059 728 2127 XXIV.
754 2063 785 2126 8.
819 2066 871 2125 νῦν
893 2063 921 2127 δ’
944 2063 1049 2138 ἐπειδη
1073 2062 1127 2129 κον)
1152 2073 1256 2146 γῆρας
1279 2065 1330 2131 ul

139 2173 216 2238 νύοοι
249 2170 302 2237 κού
334 2168 377 2236 τοὶ
407 2170 525 2242 τούτοις
561 2167 740 2250 ἐχόμενοι
771 2166 857 2232 κοοκοὶ
882 2169 1120 2248 προσγίγνεται.
1167 2168 1251 2253 Quis
1282 2178 1331 2238 esl

141 2278 196 2362 qui
228 2274 306 2341 haee
343 2273 438 2341 rerba
469 2294 531 2339 non
567 2274 677 2339 statim
710 2273 831 2359 optime
864 2273 1050 2359 intelligat?
1098 2274 1161 2341 Sed
1186 2278 1275 2343 inest
1297 2277 1328 2341 in

140 2381 191 2447 his
215 2381 368 2447 immanis
392 2380 617 2458 soloecismus,
643 2398 738 2464 quem
763 2378 928 2444 llelslrorus
950 2382 1069 2446 tacitus
1090 2381 1245 2460 sustulit,
1279 2380 1331 2449 alii

141 2494 344 2552 resonarunt.
392 2484 471 2566 Quis
494 2485 596 2550 nescit
616 2485 660 2550 τοὶ
691 2484 853 2557 τούτοις
884 2482 1023 2565 ἐχόμενοι
1054 2484 1119 2553 tliol
1149 2508 1213 2553 non
1241 2506 1331 2575 possa

140 2614 198 2680 pro
230 2594 273 2659 τοὶ
301 2592 453 2659 τούτων
486 2589 648 2671 ἑχόμενιιῗ
696 2590 764 2656 Νοο
790 2599 859 2655 erat
885 2600 991 2656 tamen
1016 2593 1131 2658 vitium
1158 2594 1191 2659 in
1214 2613 1330 2681 prono·

138 2701 227 2766 mine
249 2697 305 2764 sed
329 2699 363 2762 in
388 2696 576 2782 participio:
610 2705 645 2761 tu
671 2715 746 2761 reno
769 2714 883 2761 remea
906 2696 1042 2763 Belleri
1069 2698 1329 2767 emendationem

139 2808 192 2873 sot
227 2805 272 2871 τοὶ
306 2803 423 2876 τούτοις
456 2802 661 2882 ἑπόμενοι,
696 2810 734 2867 ut
768 2799 854 2887 apud
892 2802 1055 2869 Platonem
1091 2804 1132 2871 tle
1168 2805 1246 2892 [lep.
1276 2804 1330 2872 ΙΙΙ.

139 2935 170 3000 p.
189 2915 255 2978 406
279 2909 315 2976 D.
340 2908 462 2975 πιλίδιύ
483 2933 518 2974 τε
542 2909 611 2989 περὶ
634 2910 689 2983 την
714 2910 858 2990 κεφαλὴν
882 2910 1044 2989 περιτιθεὶς
1068 2911 1121 2975 καὶ
1141 2912 1186 2977 τὰ
1213 2913 1330 2985 τούτοις

141 3019 297 3099 ἑπόμενοι,
320 3025 353 3083 et
371 3013 458 3080 alibi.
507 3015 541 3080 ln
564 3014 706 3080 Platonis
729 3013 863 3079 Politico
887 3034 917 3100 p.
932 3019 994 3080 lli
1018 3016 1051 3080 ll.
1076 3016 1227 3098 ἐχόμενον
1251 3017 1332 3085 malo

141 3127 298 3211 seriptum
323 3130 371 3188 est
395 3141 454 3207 pro
486 3122 632 3200 ἑπόμενον
663 3121 695 3184 in
718 3119 838 3185 verbis:
864 3120 1011 3202 ἐχόμενον
1035 3122 1099 3203 γάρ
1122 3124 1168 3192 let
1194 3126 1238 3205 τῷ
1261 3126 1331 3199 τοὺς

140 3231 323 3314 πρεσβύτας
347 3228 398 3293 ἐπὶ
431 3229 488 3304 την
519 3231 573 3293 τοῦ
607 3226 715 3298 ποοιδὸς
746 3224 822 3292 Ιὲνοιι
852 3228 947 3308 Φύσιν
971 3228 1037 3293 uri.
1062 3236 1092 3294 el
1128 3238 1199 3313 pust
1230 3248 1332 3315 panea

141 3357 172 3422 p.
196 3339 258 3400 ⁶271
286 3333 322 3398 E.
357 3332 494 3409 ἑπόμενος
524 3332 638 3396 vitiose
668 3350 726 3416 pro
758 3330 897 3411 ἕχύμενοο
927 3333 960 3396 in
988 3330 1058 3398 ltls:
1093 3332 1184 3399 ἄλλοι
1216 3336 1243 3400 θ’
1274 3332 1332 3403 ύσσ

140 3450 195 3517 τῆς
219 3438 365 3511 τονοούτης
385 3437 431 3505 tet
456 3436 721 3515 κοοτοικοσμησεως
741 3437 897 3516 ἑπόμενοι,
922 3435 1003 3502 vidit
1025 3437 1196 3525 utrubique
1218 3460 1333 3507 verum

141 3544 195 3612 sed
222 3563 278 3630 per
297 3551 505 3608 transennam
532 3539 763 3608 Stallhaumius
783 3550 815 3607 et
835 3542 895 3608 sibi
919 3544 987 3629 ipse
1006 3542 1164 3609 diffidens.
1213 3544 1333 3626 Quam·

140 3645 335 3728 diuinorum
365 3647 510 3713 dativum
535 3656 566 3713 et
590 3646 707 3729 ἔχομιιι
728 3647 907 3732 genitivum
938 3649 1056 3718 haltere
1077 3649 1240 3717 constabit
1270 3670 1333 3717 uon

139 3753 343 3823 dubitabitur
367 3753 445 3840 quin
477 3761 614 3838 utraque
648 3754 806 3819 eorrectio
830 3755 873 3819 sit
904 3758 1096 3822 necessaria.
1144 3755 1258 3824 Oltiter
1282 3776 1334 3824 re·

139 3883 209 3929 ram
234 3860 403 3926 lectionem
429 3860 566 3924 restitue
590 3857 675 3945 aputl
710 3861 901 3925 Pausaniam
924 3861 961 3927 X.
989 3866 1042 3928 tt.
1068 3867 1098 3929 9.
1125 3863 1179 3930 ubi
1204 3862 1333 3931 erlitur:

139 3970 322 4050 γε’γροοπτοοι
346 3964 404 4043 μὲν
427 3964 627 4045 Ἀνδρομάχη
659 3966 746 4031 reli
778 3974 854 4039 ποοῖς
878 3968 905 4032 oi
936 3967 1101 4048 προέςηκεν
1132 3968 1336 4049 ἑλόμενος

139 4081 193 4141 τοῦ
217 4076 344 4153 μαστοῦ,
367 4069 423 4135 ulti
450 4071 649 4152 ἐχόμενος
672 4077 727 4136 τοῦ
752 4073 920 4151 ἱμοιτίον
951 4073 1134 4158 legendum.

184 4180 380 4264 Priusquam
410 4176 572 4242 Anahasiu
597 4175 637 4242 de
665 4175 815 4243 manibus
838 4176 994 4264 deponam
1019 4198 1059 4245 ex
1082 4180 1220 4246 caeteris
1251 4182 1334 4248 seri·

139 4287 204 4372 ptis
227 4281 467 4369 Xenophonteis
489 4282 660 4349 nonnullos
682 4282 768 4350 locos
799 4292 1000 4350 tractaturus
1024 4283 1114 4352 lubet
1137 4284 1261 4352 diuersi
1282 4306 1337 4374 ge·

141 4390 228 4456 noris
252 4390 471 4476 quaestionem
497 4398 528 4455 et
553 4391 803 4457 controversiam
829 4391 1011 4477 attingere,
1034 4410 1118 4477 quae
1138 4411 1240 4480 quum
1268 4415 1335 4462 non
