2940 5010
699 282 765 343 tate

141 456 301 539 μημίνος,
323 453 380 523 sed
399 452 607 522 vehementer
626 451 667 520 de
688 450 804 519 mendo
831 461 979 538 suspecta
998 453 1077 521 haee
1096 456 1259 544 scriptura
1278 470 1328 527 eet

141 572 176 637 et
210 560 408 651 perridicula
440 557 521 626 mihi
557 556 686 645 quidem
718 556 845 624 videtur
878 577 957 624 esse.
1011 558 1099 641 Quae
1134 572 1211 629 sunt
1239 566 1327 633 enim

140 668 230 737 θτλα
255 668 440 743 δεινότατα,
472 663 613 751 quaeso?
646 663 858 741 Ἐννοσίγαιος,
881 682 945 749 quo
968 663 1192 751 Hippocratem
1221 672 1327 737 novis·

142 776 266 843 simum
287 772 432 840 omnium
456 778 603 837 veterum
632 788 727 835 usum
753 788 822 835 esse
852 770 994 847 seimus,
1018 770 1096 837 nihii
1120 772 1207 839 uliud
1227 795 1326 862 qnam

143 880 246 955 δεννῶς
266 876 440 964 signifieat.
486 877 738 954 Ἐκταγλεῖσίαο
758 873 844 960 apud
867 882 978 961 poetas
1001 875 1163 961 signifieat
1181 880 1327 962 ὑτεοθαο-

143 986 269 1069 μείζονα.
324 985 370 1052 lie
401 983 502 1049 armis
533 980 748 1063 λαμπρότατα
781 987 837 1045 aut
876 979 982 1046 simite
1022 981 1100 1067 quid
1131 984 1164 1049 in
1203 986 1259 1052 taii
1293 1006 1329 1055 re

143 1099 236 1159 reete
257 1088 399 1167 dieitur,
433 1086 488 1154 sed
516 1086 595 1153 nihil
625 1094 768 1152 statuere
798 1083 874 1150 iicet
903 1085 936 1150 iu
958 1084 1050 1153 tibris
1072 1096 1137 1154 tam
1169 1090 1251 1158 maie
1275 1091 1329 1159 ha·

143 1194 225 1263 initis
251 1204 285 1263 et
312 1193 400 1262 omni
430 1190 619 1259 mendorum
653 1210 771 1278 genere
810 1190 996 1277 inquinatis.
1050 1192 1184 1279 Legitur
1217 1196 1241 1266 1.
1274 1203 1328 1267 23.

143 1300 215 1369 έτεί
242 1298 278 1369 εὖ
308 1296 365 1367 ote·
388 1299 492 1378 ἔγωγε
516 1295 561 1364 ὅτι
586 1298 612 1363 οί
636 1296 727 1373 ἡδέος
760 1297 908 1369 ἐσθίοντες
939 1298 992 1365 καί
1016 1284 1055 1365 σθ
1088 1324 1146 1366 τοο
1172 1298 1260 1370 οἶσθα
1282 1304 1328 1371 ὅτε

142 1408 230 1475 οὐδέν
260 1406 456 1489 προσδέονταί
490 1402 607 1469 τούτων
639 1404 699 1468 τῶν
728 1402 955 1485 σοφισμάτων,
978 1422 1061 1489 quae
1084 1414 1134 1473 esi
1166 1408 1228 1475 istu
1261 1429 1330 1476 sca·

145 1510 263 1581 britios
285 1511 441 1577 orationis
464 1510 593 1595 etquis
617 1507 656 1574 ab
682 1508 750 1595 ipso
773 1508 982 1595 Xenophonte
1005 1510 1099 1579 istem
1130 1516 1331 1601 compositio·

145 1638 224 1685 uem
243 1615 418 1705 proiectam
444 1634 515 1681 osse
544 1612 674 1680 credet?
722 1612 836 1679 Veram
866 1612 1036 1681 lectionem
1068 1620 1208 1685 servavit
1237 1622 1333 1690 Athe·

146 1742 250 1791 naeus
272 1743 304 1810 p.
331 1725 391 1788 121
419 1720 455 1787 E.
489 1721 557 1786 έτεί
579 1716 611 1785 σί
628 1743 669 1798 γε
702 1719 793 1795 ἡδέος
817 1721 964 1795 ἐσθίοντες
998 1722 1126 1811 (vitiose
1155 1725 1229 1792 Cod.
1263 1730 1333 1795 uui·

146 1850 208 1897 eus
227 1828 410 1895 Marcianus
432 1825 582 1913 ἔσθοντες)
617 1828 669 1892 καί
693 1826 732 1891 σύ
768 1849 826 1891 τον
846 1821 932 1891 οίσθα
961 1824 1008 1893 ὅτι
1031 1830 1114 1895 οὐδέν
1136 1824 1330 1913 τοοσθέοντοοο

146 1936 264 2003 τούτων
287 1940 347 2001 τῶν
378 1932 593 2016 σοφισμάτων.
642 1930 733 2017 npnd
768 1929 939 1997 stobaeum
962 1932 1069 1999 xilv,
1094 1940 1148 2010 54.
1181 1939 1333 2006 mendosa

147 2040 245 2109 ieetio
266 2048 315 2107 est
343 2038 478 2114 eadem,
503 2037 641 2124 quaein
671 2036 777 2102 editis.
826 2037 860 2102 in
891 2037 951 2112 iis,
985 2058 1067 2124 quae
1098 2043 1209 2109 statim
1240 2066 1332 2133 prae-

147 2146 287 2215 cedunt:
315 2142 398 2212 ἄλλο
420 2169 452 2210 το
480 2140 530 2209 οὖν
553 2144 626 2219 oiri,
657 2142 757 2227 ἔφηὸ
787 2143 904 2224 Ἰέοοον,
935 2148 1040 2211 ταῦτα
1068 2145 1141 2233 [rai]
1172 2150 1332 2233 ἐδέσματα

146 2248 225 2319 rim
247 2254 266 2330 ἢ
289 2260 440 2332 μσολοοκῆς
461 2252 513 2315 καί
536 2250 718 2324 ἀσθενούσης
750 2258 852 2331 τρνφῇ
876 2256 984 2331 ψυχῆς
1008 2251 1253 2335 &rodoniacum
1279 2258 1332 2326 ad.

147 2358 292 2424 monitus
316 2357 540 2442 unusquisque
570 2356 649 2421 satis
673 2356 789 2420 sentiet
813 2354 856 2420 τοί
880 2375 950 2420 esse
974 2358 1053 2422 vnto
1085 2368 1196 2428 natum
1226 2373 1259 2429 et
1290 2364 1331 2432 ie

145 2461 288 2551 gendum
311 2466 417 2529 ταῦτα
441 2462 603 2540 ἐδέσματα
624 2456 702 2527 εἶναι
728 2462 745 2538 ἢ
769 2498 812 2511 -·-
837 2462 1079 2541 έτνθνμημοοτοος
1112 2465 1240 2536 Poterat
1268 2471 1332 2537 alia

145 2566 251 2635 iorma
285 2568 439 2633 orationis
474 2587 553 2634 usus
589 2565 671 2632 idem
711 2567 758 2631 sic
791 2565 918 2634 dicere:
954 2571 1008 2634 οὐκ
1043 2570 1205 2649 ἐδέσματα
1239 2580 1332 2643 ταῦτ’

144 2674 230 2753 driu,
259 2676 337 2739 ἀλλ’
365 2673 601 2753 ἐπιθυμήματα.
650 2672 732 2738 Vera
765 2671 860 2739 ieetio
892 2682 941 2739 est
964 2675 996 2739 in
1026 2676 1141 2744 (iodioe
1170 2679 1332 2749 Marciano

144 2784 254 2847 ταῦτα
276 2780 438 2858 ἐδέσματα
460 2775 560 2855 εἶναι,
591 2777 645 2844 sed
675 2777 819 2864 neglecta
853 2776 893 2843 ab
925 2781 987 2857 iis,
1019 2783 1074 2866 qni
1107 2782 1254 2853 Codicem
1279 2809 1331 2855 ex·

143 2893 330 2951 eussernnt.
377 2884 470 2971 Apud
505 2883 677 2951 stobaeum
708 2883 844 2969 tegitur:
870 2922 914 2934 —
937 2884 989 2953 οίεν
1020 2893 1127 2954 ταῦτα
1161 2890 1331 2972 ζητήματα

143 2986 248 3069 τίνας,
271 2989 430 3067 absurde,
455 2990 509 3055 sed
534 2991 704 3071 ζητήματα
729 2988 913 3076 suppletum
932 3000 980 3057 est
1001 2996 1141 3059 aneseio
1166 3016 1246 3083 quo,
1271 3003 1328 3085 qni

144 3096 282 3163 heunas
313 3096 505 3182 antiquioris
535 3095 660 3161 Codicis
692 3115 820 3161 summa
851 3098 1033 3165 temeritate
1063 3108 1094 3164 et
1131 3101 1330 3188 impudentia

144 3201 298 3280 sarcivit,
333 3209 369 3268 ut
400 3201 461 3267 aiio
491 3201 559 3268 ioco
592 3202 763 3287 diiigenter
795 3202 1007 3271 ostendimus.
1056 3206 1117 3271 Pro
1140 3207 1157 3283 ἢ
1181 3219 1330 3288 μαλακῆς

146 3308 181 3375 in
214 3306 376 3373 diaroiano
403 3305 517 3373 Codice
550 3317 598 3373 ost
630 3309 860 3387 ημηδιακααηςι
894 3308 979 3394 antid
1001 3308 1172 3379 stotneum
1207 3316 1225 3393 ἢ
1259 3315 1330 3398 ἅμα

143 3420 263 3491 κακῆς,
287 3412 400 3479 ritiose
425 3422 610 3500 utriunque.
658 3411 719 3478 Sed
752 3413 840 3479 iuvat
870 3413 981 3480 ordine
1005 3414 1168 3503 dialogum
1200 3440 1330 3506 pereur.

144 3538 220 3587 rere
248 3525 279 3587 et
310 3519 422 3605 paucis
444 3518 530 3584 locos
563 3518 717 3606 quosdam
752 3526 809 3585 aut
843 3540 881 3585 ex
917 3518 1080 3587 Athenaeo
1112 3523 1331 3615 Stobaeoque‚

144 3632 204 3693 aut
227 3643 267 3691 ex
296 3625 481 3690 coniectura
512 3625 543 3688 in
570 3626 779 3709 integriorem
813 3635 933 3691 statum
966 3628 1146 3697 restituere.
1193 3634 1228 3699 in
1263 3637 1331 3723 ipso

143 3730 260 3800 limine
281 3730 413 3796 Codices
433 3729 652 3816 Xenophontei
675 3730 818 3797 mendosi
843 3739 937 3798 sunt:
962 3731 986 3796 t.
1008 3753 1029 3798 t.
1061 3736 1114 3801 καὶ
1139 3748 1214 3804 τοῖα
1237 3749 1329 3810 ταῦτ’

144 3836 210 3909 driu
232 3874 270 3887 -
301 3837 392 3903 beroia
415 3838 450 3912 δη
474 3837 535 3914 ἐγὼ
557 3837 682 3915 βέλτιον
712 3836 751 3903 ἂν
780 3839 888 3913 εἰδείην
915 3844 968 3905 σοῦ
1000 3837 1093 3916 οὕτως
1121 3842 1204 3920 θντος
1232 3856 1330 3931 σοφοῦ

144 3940 273 4023 &einim
307 3940 342 4007 iu
376 3940 428 4007 his
452 3951 511 4007 ΔΗ
535 3961 573 4007 ex
597 3951 658 4007 AN
683 3952 796 4009 natum
822 3953 871 4009 est
896 3952 928 4010 et
958 3944 1129 4015 obscurata
1154 3950 1202 4016 sio
1230 3955 1329 4038 porti-

144 4046 220 4115 euia
251 4066 352 4135 quum
377 4045 615 4113 desideraretur
638 4068 657 4113 a
683 4049 791 4115 neseio
826 4069 889 4135 quo
918 4060 1098 4119 correctore
1123 4056 1154 4119 in
1188 4055 1329 4129 alienum

144 4152 252 4221 iorum
277 4152 397 4219 inserte
422 4163 481 4219 est.
529 4153 711 4220 Gonuinum
738 4164 789 4221 est
812 4156 933 4240 igitur:
957 4158 1035 4224 o'aroi'
1058 4157 1097 4225 θον
1119 4160 1182 4239 ἐγὼ
1203 4164 1330 4243 βέλτιον

146 4259 257 4337 εἰδείην
279 4259 344 4325 xri.
370 4279 452 4345 quae
475 4258 570 4325 lertio
603 4259 735 4326 totidem
769 4261 887 4328 litteris
913 4262 996 4349 apud
1023 4263 1193 4334 Stobaeum
1219 4291 1332 4360 super·

147 4373 209 4435 est.
257 4364 374 4431 Notum
405 4374 453 4431 est
486 4366 611 4453 quinties
635 4376 695 4433 ΑΝ
719 4374 751 4435 et
776 4377 834 4433 ΔΗ
864 4368 1103 4438 coniundantur
1126 4381 1158 4440 et
1192 4376 1253 4463 ipsi
1280 4400 1332 4449 su·
