<?xml version="1.0" encoding="UTF-8"?>
<!DOCTYPE html PUBLIC "-//W3C//DTD XHTML 1.0 Transitional//EN"
    "http://www.w3.org/TR/xhtml1/DTD/xhtml1-transitional.dtd">
<html xmlns="http://www.w3.org/1999/xhtml" xml:lang="en" lang="en">
 <head>
  <title>
</title>
<meta http-equiv="Content-Type" content="text/html;charset=utf-8" />
  <meta name='ocr-system' content='tesseract 3.04.00' />
  <meta name='ocr-capabilities' content='ocr_page ocr_carea ocr_par ocr_line ocrx_word'/>
</head>
<body>
  <div class='ocr_page' id='page_1' title='image "./novaelectionesq00cobegoog/novaelectionesq00cobegoog_0338.png"; bbox 0 0 2940 5010; ppageno 0'>
   <div class='ocr_carea' id='block_1_1' title="bbox 629 321 689 384">
    <p class='ocr_par' dir='ltr' id='par_1_1' title="bbox 629 321 689 384">
     <span class='ocr_line' id='line_1_1' title="bbox 629 321 689 384; baseline 0.017 -1"><span class='ocrx_word' id='word_1_1' title='bbox 629 321 689 384; x_wconf 85' lang='lat'><strong>501</strong></span> 
     </span>
    </p>
   </div>
   <div class='ocr_carea' id='block_1_2' title="bbox 60 490 1272 4476">
    <p class='ocr_par' dir='ltr' id='par_1_2' title="bbox 60 490 1254 893">
     <span class='ocr_line' id='line_1_2' title="bbox 61 490 1254 583; baseline -0.003 -19"><span class='ocrx_word' id='word_1_2' title='bbox 61 500 119 563; x_wconf 82' lang='lat' dir='ltr'><strong>rue</strong></span> <span class='ocrx_word' id='word_1_3' title='bbox 143 492 225 582; x_wconf 83' lang='lat' dir='ltr'><strong>quin</strong></span> <span class='ocrx_word' id='word_1_4' title='bbox 248 490 429 560; x_wconf 75' lang='lat' dir='ltr'>adscribam</span> <span class='ocrx_word' id='word_1_5' title='bbox 460 490 566 557; x_wconf 83' lang='lat' dir='ltr'><strong>locutu</strong></span> <span class='ocrx_word' id='word_1_6' title='bbox 599 513 637 559; x_wconf 86' lang='lat' dir='ltr'><strong>ex</strong></span> <span class='ocrx_word' id='word_1_7' title='bbox 669 493 872 580; x_wconf 77' lang='lat' dir='ltr'><strong>Theognidea</strong></span> <span class='ocrx_word' id='word_1_8' title='bbox 905 491 1089 581; x_wconf 77' lang='lat' dir='ltr'><strong>farragine,</strong></span> <span class='ocrx_word' id='word_1_9' title='bbox 1124 496 1157 563; x_wconf 91' lang='lat' dir='ltr'><strong>in</strong></span> <span class='ocrx_word' id='word_1_10' title='bbox 1190 514 1254 583; x_wconf 85' lang='lat' dir='ltr'><strong>quo</strong></span> 
     </span>
     <span class='ocr_line' id='line_1_3' title="bbox 60 595 1156 687; baseline 0 -18"><span class='ocrx_word' id='word_1_11' title='bbox 60 596 257 670; x_wconf 80' lang='lat' dir='ltr'><strong>huiusmodi</strong></span> <span class='ocrx_word' id='word_1_12' title='bbox 279 617 389 665; x_wconf 89' lang='lat' dir='ltr'><strong>errore</strong></span> <span class='ocrx_word' id='word_1_13' title='bbox 411 595 577 664; x_wconf 88' lang='lat' dir='ltr'><strong>turbatum</strong></span> <span class='ocrx_word' id='word_1_14' title='bbox 600 608 660 665; x_wconf 86' lang='lat' dir='ltr'><strong>est.</strong></span> <span class='ocrx_word' id='word_1_15' title='bbox 708 599 838 666; x_wconf 80' lang='lat' dir='ltr'><strong>Dixerat</strong></span> <span class='ocrx_word' id='word_1_16' title='bbox 861 607 954 687; x_wconf 79' lang='lat' dir='ltr'><strong>poeta</strong></span> <span class='ocrx_word' id='word_1_17' title='bbox 976 620 1022 667; x_wconf 86' lang='lat' dir='ltr'><strong>vs.</strong></span> <span class='ocrx_word' id='word_1_18' title='bbox 1049 606 1156 669; x_wconf 71' lang='lat'>1155:</span> 
     </span>
     <span class='ocr_line' id='line_1_4' title="bbox 251 702 1068 786; baseline 0 -15"><span class='ocrx_word' id='word_1_19' title='bbox 251 702 297 781; x_wconf 80' lang='grc' dir='ltr'><strong>νίν</strong></span> <span class='ocrx_word' id='word_1_20' title='bbox 319 728 372 785; x_wconf 82' lang='grc' dir='ltr'><strong><em>μοι</em></strong></span> <span class='ocrx_word' id='word_1_21' title='bbox 394 708 578 770; x_wconf 81' lang='grc' dir='ltr'><strong><em>τλοντεῦντι</em></strong></span> <span class='ocrx_word' id='word_1_22' title='bbox 600 711 701 770; x_wconf 79' lang='grc' dir='ltr'><strong><em>κακῶν</em></strong></span> <span class='ocrx_word' id='word_1_23' title='bbox 723 704 879 786; x_wconf 76' lang='grc' dir='ltr'><strong><em>θτοθτιρθε</em></strong></span> <span class='ocrx_word' id='word_1_24' title='bbox 901 705 1068 786; x_wconf 81' lang='grc' dir='ltr'><strong><em>μεριμνίιιν</em></strong></span> 
     </span>
     <span class='ocr_line' id='line_1_5' title="bbox 327 808 978 893; baseline 0.005 -19"><span class='ocrx_word' id='word_1_25' title='bbox 327 809 411 891; x_wconf 84' lang='grc' dir='ltr'><strong><em>ζθιειν</em></strong></span> <span class='ocrx_word' id='word_1_26' title='bbox 433 808 607 889; x_wconf 66' lang='grc' dir='ltr'><strong>ἀβλαβέως</strong></span> <span class='ocrx_word' id='word_1_27' title='bbox 630 810 724 891; x_wconf 66' lang='grc' dir='ltr'><strong><em>μηδὲν</em></strong></span> <span class='ocrx_word' id='word_1_28' title='bbox 748 810 851 893; x_wconf 78' lang='grc' dir='ltr'><strong><em>ἔχοντι</em></strong></span> <span class='ocrx_word' id='word_1_29' title='bbox 874 811 978 879; x_wconf 85' lang='grc' dir='ltr'><strong><em>κααθν.</em></strong></span> 
     </span>
    </p>

    <p class='ocr_par' dir='ltr' id='par_1_3' title="bbox 60 914 1254 1106">
     <span class='ocr_line' id='line_1_6' title="bbox 62 914 1254 1004; baseline -0.003 -19"><span class='ocrx_word' id='word_1_30' title='bbox 62 917 179 985; x_wconf 73' lang='grc' dir='ltr'><strong><em>ποτοῖο</em></strong></span> <span class='ocrx_word' id='word_1_31' title='bbox 200 916 296 1004; x_wconf 81' lang='lat' dir='ltr'><strong>quis,</strong></span> <span class='ocrx_word' id='word_1_32' title='bbox 317 914 372 981; x_wconf 84' lang='lat' dir='ltr'><strong>eui</strong></span> <span class='ocrx_word' id='word_1_33' title='bbox 395 933 454 980; x_wconf 90' lang='lat' dir='ltr'><strong>sua</strong></span> <span class='ocrx_word' id='word_1_34' title='bbox 477 922 649 1002; x_wconf 76' lang='lat' dir='ltr'><strong>paupertas</strong></span> <span class='ocrx_word' id='word_1_35' title='bbox 676 915 755 981; x_wconf 88' lang='lat' dir='ltr'><strong>satis</strong></span> <span class='ocrx_word' id='word_1_36' title='bbox 788 915 930 1002; x_wconf 75' lang='lat' dir='ltr'><strong>placebat</strong></span> <span class='ocrx_word' id='word_1_37' title='bbox 959 926 992 983; x_wconf 87' lang='lat' dir='ltr'><strong>et</strong></span> <span class='ocrx_word' id='word_1_38' title='bbox 1024 924 1135 1003; x_wconf 77' lang='lat' dir='ltr'><strong>poetae</strong></span> <span class='ocrx_word' id='word_1_39' title='bbox 1164 924 1254 1001; x_wconf 75' lang='grc' dir='ltr'><strong><em>φιλο-</em></strong></span> 
     </span>
     <span class='ocr_line' id='line_1_7' title="bbox 60 1017 1253 1106; baseline -0.001 -15"><span class='ocrx_word' id='word_1_40' title='bbox 60 1022 206 1091; x_wconf 64' lang='lat' dir='ltr'><strong>:mla</strong></span> <span class='ocrx_word' id='word_1_41' title='bbox 226 1018 432 1106; x_wconf 76' lang='lat' dir='ltr'><strong>displicebat,</strong></span> <span class='ocrx_word' id='word_1_42' title='bbox 454 1017 638 1105; x_wconf 79' lang='lat' dir='ltr'><strong>obloquitur</strong></span> <span class='ocrx_word' id='word_1_43' title='bbox 656 1030 688 1087; x_wconf 90' lang='lat' dir='ltr'><strong>et</strong></span> <span class='ocrx_word' id='word_1_44' title='bbox 707 1021 754 1087; x_wconf 88' lang='lat' dir='ltr'><strong>sie</strong></span> <span class='ocrx_word' id='word_1_45' title='bbox 779 1020 864 1088; x_wconf 88' lang='lat' dir='ltr'><strong>illam</strong></span> <span class='ocrx_word' id='word_1_46' title='bbox 889 1023 1083 1089; x_wconf 85' lang='lat' dir='ltr'><strong>sententiam</strong></span> <span class='ocrx_word' id='word_1_47' title='bbox 1103 1023 1253 1106; x_wconf 73' lang='grc' dir='ltr'><strong><em>παρρδεῖε</em></strong></span> 
     </span>
    </p>

    <p class='ocr_par' dir='ltr' id='par_1_4' title="bbox 204 1124 1085 1208">
     <span class='ocr_line' id='line_1_8' title="bbox 204 1124 1085 1208; baseline 0 -15"><span class='ocrx_word' id='word_1_48' title='bbox 204 1128 260 1193; x_wconf 79' lang='lat' dir='ltr'><strong>odor</strong></span> <span class='ocrx_word' id='word_1_49' title='bbox 282 1124 396 1208; x_wconf 76' lang='grc' dir='ltr'><strong><em>ἔραμαι</em></strong></span> <span class='ocrx_word' id='word_1_50' title='bbox 419 1132 565 1190; x_wconf 75' lang='grc' dir='ltr'><strong>πλουτεῖν</strong></span> <span class='ocrx_word' id='word_1_51' title='bbox 588 1127 649 1192; x_wconf 78' lang='grc' dir='ltr'><strong>οὐδ’</strong></span> <span class='ocrx_word' id='word_1_52' title='bbox 671 1126 829 1208; x_wconf 81' lang='grc' dir='ltr'><strong><em>εὔχομαι,</em></strong></span> <span class='ocrx_word' id='word_1_53' title='bbox 852 1127 942 1194; x_wconf 79' lang='grc' dir='ltr'><strong><em>οίλλιί</em></strong></span> <span class='ocrx_word' id='word_1_54' title='bbox 964 1152 1016 1208; x_wconf 77' lang='grc' dir='ltr'><strong><em>μοι</em></strong></span> <span class='ocrx_word' id='word_1_55' title='bbox 1039 1126 1085 1204; x_wconf 77' lang='grc' dir='ltr'><strong>νίν</strong></span> 
     </span>
    </p>

    <p class='ocr_par' dir='ltr' id='par_1_5' title="bbox 297 1230 1026 1314">
     <span class='ocr_line' id='line_1_9' title="bbox 297 1230 1026 1314; baseline 0.001 -18"><span class='ocrx_word' id='word_1_56' title='bbox 297 1230 352 1314; x_wconf 75' lang='grc' dir='ltr'><strong>ζῆν</strong></span> <span class='ocrx_word' id='word_1_57' title='bbox 373 1230 437 1296; x_wconf 75' lang='lat' dir='ltr'><strong>cirri</strong></span> <span class='ocrx_word' id='word_1_58' title='bbox 460 1232 520 1297; x_wconf 76' lang='grc' dir='ltr'><strong>τῶν</strong></span> <span class='ocrx_word' id='word_1_59' title='bbox 543 1231 654 1310; x_wconf 67' lang='lat' dir='ltr'><strong>intres</strong></span> <span class='ocrx_word' id='word_1_60' title='bbox 677 1232 772 1311; x_wconf 75' lang='grc' dir='ltr'><strong><em>μηδὲν</em></strong></span> <span class='ocrx_word' id='word_1_61' title='bbox 794 1231 898 1314; x_wconf 82' lang='grc' dir='ltr'><strong><em>ἔχοντι</em></strong></span> <span class='ocrx_word' id='word_1_62' title='bbox 921 1233 1026 1299; x_wconf 88' lang='grc' dir='ltr'><strong><em>ιιακθ.</em></strong></span> 
     </span>
    </p>

    <p class='ocr_par' dir='ltr' id='par_1_6' title="bbox 62 1334 1256 1635">
     <span class='ocr_line' id='line_1_10' title="bbox 62 1334 1255 1423; baseline -0.003 -17"><span class='ocrx_word' id='word_1_63' title='bbox 62 1338 252 1407; x_wconf 77' lang='lat' dir='ltr'><strong>mtissime</strong></span> <span class='ocrx_word' id='word_1_64' title='bbox 273 1334 328 1403; x_wconf 92' lang='lat' dir='ltr'><strong>ille</strong></span> <span class='ocrx_word' id='word_1_65' title='bbox 350 1334 481 1423; x_wconf 87' lang='lat' dir='ltr'><strong>quidem</strong></span> <span class='ocrx_word' id='word_1_66' title='bbox 512 1344 545 1402; x_wconf 88' lang='lat' dir='ltr'><strong>et</strong></span> <span class='ocrx_word' id='word_1_67' title='bbox 567 1355 606 1401; x_wconf 86' lang='lat' dir='ltr'><strong>ex</strong></span> <span class='ocrx_word' id='word_1_68' title='bbox 628 1337 736 1402; x_wconf 91' lang='lat' dir='ltr'><strong>animo</strong></span> <span class='ocrx_word' id='word_1_69' title='bbox 756 1337 934 1412; x_wconf 86' lang='lat' dir='ltr'><strong>assentior,</strong></span> <span class='ocrx_word' id='word_1_70' title='bbox 957 1335 1013 1404; x_wconf 84' lang='lat' dir='ltr'><strong>sed</strong></span> <span class='ocrx_word' id='word_1_71' title='bbox 1036 1336 1114 1423; x_wconf 82' lang='lat' dir='ltr'><strong>quid</strong></span> <span class='ocrx_word' id='word_1_72' title='bbox 1144 1337 1184 1404; x_wconf 86' lang='lat' dir='ltr'><strong>iis</strong></span> <span class='ocrx_word' id='word_1_73' title='bbox 1207 1334 1255 1403; x_wconf 86' lang='lat' dir='ltr'><strong>ia·</strong></span> 
     </span>
     <span class='ocr_line' id='line_1_11' title="bbox 63 1439 1256 1530; baseline -0.002 -19"><span class='ocrx_word' id='word_1_74' title='bbox 63 1442 161 1519; x_wconf 74' lang='lat' dir='ltr'><strong>ein.</strong></span> <span class='ocrx_word' id='word_1_75' title='bbox 193 1441 250 1529; x_wconf 81' lang='lat' dir='ltr'><strong>qui</strong></span> <span class='ocrx_word' id='word_1_76' title='bbox 277 1439 416 1509; x_wconf 87' lang='lat' dir='ltr'><strong>eundem</strong></span> <span class='ocrx_word' id='word_1_77' title='bbox 448 1439 611 1507; x_wconf 88' lang='lat' dir='ltr'><strong>hominem</strong></span> <span class='ocrx_word' id='word_1_78' title='bbox 644 1461 708 1508; x_wconf 90' lang='lat' dir='ltr'><strong>uno</strong></span> <span class='ocrx_word' id='word_1_79' title='bbox 740 1450 850 1509; x_wconf 90' lang='lat' dir='ltr'><strong>tenore</strong></span> <span class='ocrx_word' id='word_1_80' title='bbox 881 1441 974 1530; x_wconf 87' lang='lat' dir='ltr'><strong>plane</strong></span> <span class='ocrx_word' id='word_1_81' title='bbox 999 1444 1163 1510; x_wconf 85' lang='lat' dir='ltr'><strong>eontraria</strong></span> <span class='ocrx_word' id='word_1_82' title='bbox 1193 1440 1256 1510; x_wconf 89' lang='lat' dir='ltr'><strong>sibi</strong></span> 
     </span>
     <span class='ocr_line' id='line_1_12' title="bbox 63 1546 521 1635; baseline -0.002 -22"><span class='ocrx_word' id='word_1_83' title='bbox 63 1554 273 1635; x_wconf 81' lang='lat' dir='ltr'><strong>exoptantem</strong></span> <span class='ocrx_word' id='word_1_84' title='bbox 298 1546 521 1613; x_wconf 78' lang='lat' dir='ltr'><strong>induxerunt?</strong></span> 
     </span>
    </p>

    <p class='ocr_par' dir='ltr' id='par_1_7' title="bbox 64 1651 1257 1955">
     <span class='ocr_line' id='line_1_13' title="bbox 112 1651 1256 1740; baseline -0.003 -19"><span class='ocrx_word' id='word_1_85' title='bbox 112 1651 214 1721; x_wconf 84' lang='lat' dir='ltr'><strong>Pium</strong></span> <span class='ocrx_word' id='word_1_86' title='bbox 236 1652 355 1719; x_wconf 89' lang='lat' dir='ltr'><strong>similia</strong></span> <span class='ocrx_word' id='word_1_87' title='bbox 377 1653 439 1730; x_wconf 90' lang='lat' dir='ltr'><strong>iis,</strong></span> <span class='ocrx_word' id='word_1_88' title='bbox 469 1672 552 1738; x_wconf 88' lang='lat' dir='ltr'><strong>quae</strong></span> <span class='ocrx_word' id='word_1_89' title='bbox 575 1652 764 1732; x_wconf 73' lang='lat' dir='ltr'><strong>attulimus,</strong></span> <span class='ocrx_word' id='word_1_90' title='bbox 796 1674 835 1722; x_wconf 80' lang='lat' dir='ltr'><strong>ex</strong></span> <span class='ocrx_word' id='word_1_91' title='bbox 865 1654 1001 1721; x_wconf 84' lang='lat' dir='ltr'><strong>caeteris</strong></span> <span class='ocrx_word' id='word_1_92' title='bbox 1023 1652 1188 1740; x_wconf 81' lang='lat' dir='ltr'><strong>Euripidis</strong></span> <span class='ocrx_word' id='word_1_93' title='bbox 1212 1652 1256 1719; x_wconf 88' lang='lat' dir='ltr'><strong>la·</strong></span> 
     </span>
     <span class='ocr_line' id='line_1_14' title="bbox 64 1756 1257 1845; baseline -0.001 -19"><span class='ocrx_word' id='word_1_94' title='bbox 64 1756 159 1827; x_wconf 82' lang='lat' dir='ltr'><strong>bulis</strong></span> <span class='ocrx_word' id='word_1_95' title='bbox 179 1756 330 1845; x_wconf 76' lang='lat' dir='ltr'><strong>colligere</strong></span> <span class='ocrx_word' id='word_1_96' title='bbox 360 1776 418 1844; x_wconf 90' lang='lat' dir='ltr'><strong>pro</strong></span> <span class='ocrx_word' id='word_1_97' title='bbox 449 1778 484 1823; x_wconf 87' lang='lat' dir='ltr'><strong>se</strong></span> <span class='ocrx_word' id='word_1_98' title='bbox 507 1758 643 1844; x_wconf 84' lang='lat' dir='ltr'><strong>quisque</strong></span> <span class='ocrx_word' id='word_1_99' title='bbox 667 1759 804 1843; x_wconf 87' lang='lat' dir='ltr'><strong>poterit:</strong></span> <span class='ocrx_word' id='word_1_100' title='bbox 836 1757 984 1827; x_wconf 87' lang='lat' dir='ltr'><strong>adiiciam</strong></span> <span class='ocrx_word' id='word_1_101' title='bbox 1010 1779 1110 1826; x_wconf 89' lang='lat' dir='ltr'><strong>unum</strong></span> <span class='ocrx_word' id='word_1_102' title='bbox 1135 1778 1175 1827; x_wconf 82' lang='lat' dir='ltr'><strong>ex</strong></span> <span class='ocrx_word' id='word_1_103' title='bbox 1198 1758 1257 1825; x_wconf 84' lang='lat' dir='ltr'><strong>So·</strong></span> 
     </span>
     <span class='ocr_line' id='line_1_15' title="bbox 64 1862 593 1955; baseline -0.011 -22"><span class='ocrx_word' id='word_1_104' title='bbox 64 1862 196 1955; x_wconf 83' lang='lat' dir='ltr'><strong>plioelis</strong></span> <span class='ocrx_word' id='word_1_105' title='bbox 218 1862 395 1931; x_wconf 82' lang='lat' dir='ltr'><strong>Philocteta</strong></span> <span class='ocrx_word' id='word_1_106' title='bbox 418 1881 465 1929; x_wconf 83' lang='lat' dir='ltr'><strong>vs.</strong></span> <span class='ocrx_word' id='word_1_107' title='bbox 487 1866 593 1929; x_wconf 80' lang='lat'>1565:</span> 
     </span>
    </p>

    <p class='ocr_par' dir='ltr' id='par_1_8' title="bbox 251 1966 1106 2265">
     <span class='ocr_line' id='line_1_16' title="bbox 251 1966 1106 2052; baseline 0.004 -20"><span class='ocrx_word' id='word_1_108' title='bbox 251 1976 331 2052; x_wconf 78' lang='grc' dir='ltr'><strong><em>χρῆν</em></strong></span> <span class='ocrx_word' id='word_1_109' title='bbox 353 1966 417 2050; x_wconf 73' lang='grc' dir='ltr'><strong><em>γοίρ</em></strong></span> <span class='ocrx_word' id='word_1_110' title='bbox 440 1992 476 2034; x_wconf 86' lang='grc' dir='ltr'><strong>τε</strong></span> <span class='ocrx_word' id='word_1_111' title='bbox 499 1969 575 2048; x_wconf 70' lang='grc' dir='ltr'><strong>μήτ’</strong></span> <span class='ocrx_word' id='word_1_112' title='bbox 599 1966 693 2034; x_wconf 82' lang='grc' dir='ltr'><strong><em>αὖτθν</em></strong></span> <span class='ocrx_word' id='word_1_113' title='bbox 715 1975 786 2035; x_wconf 88' lang='grc' dir='ltr'><strong><em>ποτ’</em></strong></span> <span class='ocrx_word' id='word_1_114' title='bbox 810 1971 840 2044; x_wconf 76' lang='grc' dir='ltr'><strong>ἐς</strong></span> <span class='ocrx_word' id='word_1_115' title='bbox 864 1971 976 2051; x_wconf 86' lang='grc' dir='ltr'><strong><em>Τροίαν</em></strong></span> <span class='ocrx_word' id='word_1_116' title='bbox 998 1980 1106 2050; x_wconf 78' lang='grc' dir='ltr'><strong><em>μολεῖν</em></strong></span> 
     </span>
     <span class='ocr_line' id='line_1_17' title="bbox 252 2071 996 2156; baseline 0 -15"><span class='ocrx_word' id='word_1_117' title='bbox 252 2078 338 2155; x_wconf 74' lang='grc' dir='ltr'><strong><em>ιίμοῖς</em></strong></span> <span class='ocrx_word' id='word_1_118' title='bbox 359 2078 390 2139; x_wconf 88' lang='grc' dir='ltr'><strong>τ’</strong></span> <span class='ocrx_word' id='word_1_119' title='bbox 412 2073 595 2156; x_wconf 70' lang='grc' dir='ltr'><strong>ἀπείργειν,</strong></span> <span class='ocrx_word' id='word_1_120' title='bbox 617 2071 649 2139; x_wconf 85' lang='grc' dir='ltr'><strong>οί</strong></span> <span class='ocrx_word' id='word_1_121' title='bbox 665 2071 706 2151; x_wconf 72' lang='grc' dir='ltr'><strong>γε’</strong></span> <span class='ocrx_word' id='word_1_122' title='bbox 729 2097 782 2139; x_wconf 81' lang='grc' dir='ltr'><strong>σου</strong></span> <span class='ocrx_word' id='word_1_123' title='bbox 805 2075 996 2156; x_wconf 69' lang='grc' dir='ltr'><strong>καθύβρισαν</strong></span> 
     </span>
     <span class='ocr_line' id='line_1_18' title="bbox 252 2170 956 2265; baseline 0.003 -20"><span class='ocrx_word' id='word_1_124' title='bbox 252 2180 369 2260; x_wconf 80' lang='grc' dir='ltr'><strong><em>πατρίς</em></strong></span> <span class='ocrx_word' id='word_1_125' title='bbox 392 2179 489 2261; x_wconf 73' lang='grc' dir='ltr'><strong><em>γέρας</em></strong></span> <span class='ocrx_word' id='word_1_126' title='bbox 511 2180 688 2255; x_wconf 73' lang='grc' dir='ltr'><strong><em>συλῶντες,</em></strong></span> <span class='ocrx_word' id='word_1_127' title='bbox 716 2170 757 2265; x_wconf 73' lang='grc' dir='ltr'><strong>[οἳ</strong></span> <span class='ocrx_word' id='word_1_128' title='bbox 778 2182 830 2246; x_wconf 80' lang='grc' dir='ltr'><strong>τὸν</strong></span> <span class='ocrx_word' id='word_1_129' title='bbox 853 2178 956 2249; x_wconf 77' lang='grc' dir='ltr'><strong><em>ιἰθλιον</em></strong></span> 
     </span>
    </p>

    <p class='ocr_par' dir='ltr' id='par_1_9' title="bbox 239 2280 914 2477">
     <span class='ocr_line' id='line_1_19' title="bbox 253 2280 914 2369; baseline 0.002 -18"><span class='ocrx_word' id='word_1_130' title='bbox 253 2283 359 2352; x_wconf 84' lang='grc' dir='ltr'><strong><em>Αίανθ’</em></strong></span> <span class='ocrx_word' id='word_1_131' title='bbox 381 2283 483 2351; x_wconf 83' lang='grc' dir='ltr'><strong><em>ίπλων</em></strong></span> <span class='ocrx_word' id='word_1_132' title='bbox 506 2288 560 2350; x_wconf 82' lang='grc' dir='ltr'><strong>τοῦ</strong></span> <span class='ocrx_word' id='word_1_133' title='bbox 584 2284 701 2365; x_wconf 76' lang='grc' dir='ltr'><strong><em>πατρὸς</em></strong></span> <span class='ocrx_word' id='word_1_134' title='bbox 723 2280 824 2366; x_wconf 61' lang='grc' dir='ltr'><strong><em>ὕπερον</em></strong></span> <span class='ocrx_word' id='word_1_135' title='bbox 847 2285 914 2369; x_wconf 66' lang='lat' dir='ltr'><strong>tle„</strong></span> 
     </span>
     <span class='ocr_line' id='line_1_20' title="bbox 239 2383 858 2477; baseline -0.003 -20"><span class='ocrx_word' id='word_1_136' title='bbox 239 2387 413 2463; x_wconf 74' lang='grc' dir='ltr'><strong><em>Ὀθιιττθας</em></strong></span> <span class='ocrx_word' id='word_1_137' title='bbox 437 2388 574 2477; x_wconf 82' lang='grc' dir='ltr'><strong><em>ἔκριναν]</em></strong></span> <span class='ocrx_word' id='word_1_138' title='bbox 601 2383 672 2454; x_wconf 79' lang='grc' dir='ltr'><strong><em>εἶτα</em></strong></span> <span class='ocrx_word' id='word_1_139' title='bbox 695 2390 796 2455; x_wconf 75' lang='grc' dir='ltr'><strong><em>τοῖσδε</em></strong></span> <span class='ocrx_word' id='word_1_140' title='bbox 819 2390 858 2456; x_wconf 85' lang='grc' dir='ltr'><strong>πθ</strong></span> 
     </span>
    </p>

    <p class='ocr_par' dir='ltr' id='par_1_10' title="bbox 253 2490 532 2577">
     <span class='ocr_line' id='line_1_21' title="bbox 253 2490 532 2577; baseline -0.007 -16"><span class='ocrx_word' id='word_1_141' title='bbox 253 2490 286 2561; x_wconf 86' lang='grc' dir='ltr'><strong>εί</strong></span> <span class='ocrx_word' id='word_1_142' title='bbox 302 2492 532 2577; x_wconf 75' lang='grc' dir='ltr'><strong><em>ἔναμαχιίταν.</em></strong></span> 
     </span>
    </p>

    <p class='ocr_par' dir='ltr' id='par_1_11' title="bbox 67 2598 1261 3829">
     <span class='ocr_line' id='line_1_22' title="bbox 114 2598 1258 2688; baseline 0.002 -21"><span class='ocrx_word' id='word_1_143' title='bbox 114 2600 199 2683; x_wconf 79' lang='lat' dir='ltr'><strong>Quis</strong></span> <span class='ocrx_word' id='word_1_144' title='bbox 220 2618 285 2667; x_wconf 92' lang='lat' dir='ltr'><strong>uon</strong></span> <span class='ocrx_word' id='word_1_145' title='bbox 303 2599 489 2687; x_wconf 89' lang='lat' dir='ltr'><strong>planissime</strong></span> <span class='ocrx_word' id='word_1_146' title='bbox 509 2599 705 2665; x_wconf 82' lang='lat' dir='ltr'><strong>assentiatur</strong></span> <span class='ocrx_word' id='word_1_147' title='bbox 728 2598 913 2678; x_wconf 82' lang='lat' dir='ltr'><strong>Brunolrio,</strong></span> <span class='ocrx_word' id='word_1_148' title='bbox 939 2598 1062 2684; x_wconf 85' lang='lat' dir='ltr'><strong>optimo</strong></span> <span class='ocrx_word' id='word_1_149' title='bbox 1090 2609 1258 2688; x_wconf 80' lang='lat' dir='ltr'><strong>poetarum</strong></span> 
     </span>
     <span class='ocr_line' id='line_1_23' title="bbox 69 2702 1261 2793; baseline -0.001 -20"><span class='ocrx_word' id='word_1_150' title='bbox 69 2702 175 2775; x_wconf 78' lang='lat' dir='ltr'><strong>iudici</strong></span> <span class='ocrx_word' id='word_1_151' title='bbox 197 2712 232 2771; x_wconf 90' lang='lat' dir='ltr'><strong>et</strong></span> <span class='ocrx_word' id='word_1_152' title='bbox 253 2704 455 2790; x_wconf 81' lang='lat' dir='ltr'><strong>ingeniorum</strong></span> <span class='ocrx_word' id='word_1_153' title='bbox 482 2704 674 2790; x_wconf 83' lang='lat' dir='ltr'><strong>spectaturi,</strong></span> <span class='ocrx_word' id='word_1_154' title='bbox 701 2703 824 2793; x_wconf 85' lang='lat' dir='ltr'><strong>(quales</strong></span> <span class='ocrx_word' id='word_1_155' title='bbox 847 2702 948 2770; x_wconf 88' lang='lat' dir='ltr'><strong>Gallia</strong></span> <span class='ocrx_word' id='word_1_156' title='bbox 972 2703 1152 2790; x_wconf 82' lang='lat' dir='ltr'><strong>complures</strong></span> <span class='ocrx_word' id='word_1_157' title='bbox 1176 2705 1261 2772; x_wconf 85' lang='lat' dir='ltr'><strong>terre</strong></span> 
     </span>
     <span class='ocr_line' id='line_1_24' title="bbox 68 2808 1258 2901; baseline 0 -25"><span class='ocrx_word' id='word_1_158' title='bbox 68 2817 179 2901; x_wconf 83' lang='lat' dir='ltr'><strong>posset</strong></span> <span class='ocrx_word' id='word_1_159' title='bbox 211 2817 342 2897; x_wconf 86' lang='lat' dir='ltr'><strong>propter</strong></span> <span class='ocrx_word' id='word_1_160' title='bbox 371 2811 503 2875; x_wconf 88' lang='lat' dir='ltr'><strong>insitam</strong></span> <span class='ocrx_word' id='word_1_161' title='bbox 536 2810 625 2895; x_wconf 77' lang='lat' dir='ltr'><strong>genti</strong></span> <span class='ocrx_word' id='word_1_162' title='bbox 653 2816 853 2875; x_wconf 84' lang='lat' dir='ltr'><strong>venustatem</strong></span> <span class='ocrx_word' id='word_1_163' title='bbox 887 2817 920 2875; x_wconf 91' lang='lat' dir='ltr'><strong>et</strong></span> <span class='ocrx_word' id='word_1_164' title='bbox 948 2808 1163 2894; x_wconf 79' lang='lat' dir='ltr'><strong>elegantiam,</strong></span> <span class='ocrx_word' id='word_1_165' title='bbox 1195 2812 1258 2877; x_wconf 91' lang='lat' dir='ltr'><strong>nisi</strong></span> 
     </span>
     <span class='ocr_line' id='line_1_25' title="bbox 69 2912 1260 3003; baseline -0.003 -18"><span class='ocrx_word' id='word_1_166' title='bbox 69 2918 120 2985; x_wconf 80' lang='lat' dir='ltr'><strong>sie</strong></span> <span class='ocrx_word' id='word_1_167' title='bbox 151 2912 194 2984; x_wconf 81' lang='lat' dir='ltr'><strong>ab</strong></span> <span class='ocrx_word' id='word_1_168' title='bbox 227 2914 387 3003; x_wconf 88' lang='lat' dir='ltr'><strong>imperitis</strong></span> <span class='ocrx_word' id='word_1_169' title='bbox 420 2912 681 3002; x_wconf 84' lang='lat' dir='ltr'><strong>praeceptoribus</strong></span> <span class='ocrx_word' id='word_1_170' title='bbox 716 2914 880 2999; x_wconf 79' lang='lat' dir='ltr'><strong>ingeniosa</strong></span> <span class='ocrx_word' id='word_1_171' title='bbox 927 2914 1076 2981; x_wconf 86' lang='lat' dir='ltr'><strong>iuventus</strong></span> <span class='ocrx_word' id='word_1_172' title='bbox 1122 2915 1260 2983; x_wconf 81' lang='lat' dir='ltr'><strong>Graecas</strong></span> 
     </span>
     <span class='ocr_line' id='line_1_26' title="bbox 67 3017 1259 3107; baseline -0.003 -16"><span class='ocrx_word' id='word_1_173' title='bbox 67 3022 198 3091; x_wconf 83' lang='lat' dir='ltr'><strong>litteras</strong></span> <span class='ocrx_word' id='word_1_174' title='bbox 216 3019 407 3100; x_wconf 78' lang='lat' dir='ltr'><strong>doceretur,</strong></span> <span class='ocrx_word' id='word_1_175' title='bbox 438 3028 475 3087; x_wconf 91' lang='lat' dir='ltr'><strong>ut</strong></span> <span class='ocrx_word' id='word_1_176' title='bbox 497 3018 578 3087; x_wconf 90' lang='lat' dir='ltr'><strong>nihil</strong></span> <span class='ocrx_word' id='word_1_177' title='bbox 601 3039 754 3106; x_wconf 90' lang='lat' dir='ltr'><strong>umquam</strong></span> <span class='ocrx_word' id='word_1_178' title='bbox 779 3017 903 3086; x_wconf 80' lang='lat' dir='ltr'><strong>discere</strong></span> <span class='ocrx_word' id='word_1_179' title='bbox 927 3018 1062 3107; x_wconf 80' lang='lat' dir='ltr'><strong>possit),</strong></span> <span class='ocrx_word' id='word_1_180' title='bbox 1089 3021 1184 3107; x_wconf 84' lang='lat' dir='ltr'><strong>quis,</strong></span> <span class='ocrx_word' id='word_1_181' title='bbox 1210 3022 1259 3086; x_wconf 91' lang='lat' dir='ltr'><strong>in·</strong></span> 
     </span>
     <span class='ocr_line' id='line_1_27' title="bbox 69 3123 1260 3217; baseline -0.002 -22"><span class='ocrx_word' id='word_1_182' title='bbox 69 3146 191 3217; x_wconf 78' lang='lat' dir='ltr'><strong>quam,</strong></span> <span class='ocrx_word' id='word_1_183' title='bbox 217 3146 237 3193; x_wconf 88' lang='lat' dir='ltr'><strong>a</strong></span> <span class='ocrx_word' id='word_1_184' title='bbox 264 3125 426 3191; x_wconf 81' lang='lat' dir='ltr'><strong>Bruneltio</strong></span> <span class='ocrx_word' id='word_1_185' title='bbox 455 3123 639 3191; x_wconf 91' lang='lat' dir='ltr'><strong>admonitus</strong></span> <span class='ocrx_word' id='word_1_186' title='bbox 673 3145 735 3190; x_wconf 90' lang='lat' dir='ltr'><strong>non</strong></span> <span class='ocrx_word' id='word_1_187' title='bbox 767 3123 921 3191; x_wconf 84' lang='lat' dir='ltr'><strong>concedet</strong></span> <span class='ocrx_word' id='word_1_188' title='bbox 944 3123 1155 3211; x_wconf 80' lang='lat' dir='ltr'><strong>expungenda</strong></span> <span class='ocrx_word' id='word_1_189' title='bbox 1189 3146 1260 3193; x_wconf 86' lang='lat' dir='ltr'><strong>esse</strong></span> 
     </span>
     <span class='ocr_line' id='line_1_28' title="bbox 68 3227 1259 3321; baseline -0.003 -20"><span class='ocrx_word' id='word_1_190' title='bbox 68 3252 110 3301; x_wconf 80' lang='grc' dir='ltr'><strong>αι</strong></span> <span class='ocrx_word' id='word_1_191' title='bbox 131 3250 215 3321; x_wconf 81' lang='lat' dir='ltr'><strong>quae</strong></span> <span class='ocrx_word' id='word_1_192' title='bbox 238 3251 258 3298; x_wconf 80' lang='lat' dir='ltr'><strong>a</strong></span> <span class='ocrx_word' id='word_1_193' title='bbox 279 3231 416 3297; x_wconf 77' lang='lat' dir='ltr'><strong>caeteris</strong></span> <span class='ocrx_word' id='word_1_194' title='bbox 439 3228 649 3297; x_wconf 85' lang='lat' dir='ltr'><strong>distinximus</strong></span> <span class='ocrx_word' id='word_1_195' title='bbox 673 3249 775 3315; x_wconf 83' lang='lat' dir='ltr'><strong>»quae</strong></span> <span class='ocrx_word' id='word_1_196' title='bbox 798 3228 873 3295; x_wconf 93' lang='lat' dir='ltr'><strong>olim</strong></span> <span class='ocrx_word' id='word_1_197' title='bbox 903 3228 943 3294; x_wconf 88' lang='lat' dir='ltr'><strong>ab</strong></span> <span class='ocrx_word' id='word_1_198' title='bbox 974 3227 1104 3296; x_wconf 88' lang='lat' dir='ltr'><strong>homine</strong></span> <span class='ocrx_word' id='word_1_199' title='bbox 1128 3231 1259 3316; x_wconf 88' lang='lat' dir='ltr'><strong>ineptis·</strong></span> 
     </span>
     <span class='ocr_line' id='line_1_29' title="bbox 68 3333 1260 3420; baseline -0.003 -13"><span class='ocrx_word' id='word_1_200' title='bbox 68 3338 155 3407; x_wconf 72' lang='lat' dir='ltr'><strong>elno</strong></span> <span class='ocrx_word' id='word_1_201' title='bbox 174 3338 298 3405; x_wconf 84' lang='lat' dir='ltr'><strong>inserta</strong></span> <span class='ocrx_word' id='word_1_202' title='bbox 321 3334 487 3403; x_wconf 88' lang='lat' dir='ltr'><strong>luerunt.”</strong></span> <span class='ocrx_word' id='word_1_203' title='bbox 535 3333 708 3400; x_wconf 77' lang='lat' dir='ltr'><strong>verissime</strong></span> <span class='ocrx_word' id='word_1_204' title='bbox 732 3344 840 3400; x_wconf 84' lang='lat' dir='ltr'><strong>rnorret</strong></span> <span class='ocrx_word' id='word_1_205' title='bbox 861 3335 964 3420; x_wconf 90' lang='lat' dir='ltr'><strong>ipsum</strong></span> <span class='ocrx_word' id='word_1_206' title='bbox 989 3334 1126 3401; x_wconf 85' lang='lat' dir='ltr'><strong>solonem</strong></span> <span class='ocrx_word' id='word_1_207' title='bbox 1151 3335 1260 3403; x_wconf 86' lang='lat' dir='ltr'><strong>adsuti</strong></span> 
     </span>
     <span class='ocr_line' id='line_1_30' title="bbox 69 3436 1259 3529; baseline -0.003 -17"><span class='ocrx_word' id='word_1_208' title='bbox 69 3440 219 3513; x_wconf 67' lang='lat' dir='ltr'><strong>utonis</strong></span> <span class='ocrx_word' id='word_1_209' title='bbox 242 3460 433 3527; x_wconf 77' lang='lat' dir='ltr'><strong>mangonem</strong></span> <span class='ocrx_word' id='word_1_210' title='bbox 458 3459 594 3526; x_wconf 82' lang='lat' dir='ltr'><strong>arguere</strong></span> <span class='ocrx_word' id='word_1_211' title='bbox 616 3446 649 3505; x_wconf 88' lang='lat' dir='ltr'><strong>et</strong></span> <span class='ocrx_word' id='word_1_212' title='bbox 672 3439 821 3524; x_wconf 82' lang='lat' dir='ltr'><strong>ignorare</strong></span> <span class='ocrx_word' id='word_1_213' title='bbox 855 3436 1042 3525; x_wconf 84' lang='lat' dir='ltr'><strong>Sophoclem</strong></span> <span class='ocrx_word' id='word_1_214' title='bbox 1074 3450 1107 3507; x_wconf 88' lang='lat' dir='ltr'><strong>et</strong></span> <span class='ocrx_word' id='word_1_215' title='bbox 1139 3440 1259 3529; x_wconf 88' lang='lat' dir='ltr'><strong>Soplro·</strong></span> 
     </span>
     <span class='ocr_line' id='line_1_31' title="bbox 69 3542 1259 3633; baseline -0.003 -14"><span class='ocrx_word' id='word_1_216' title='bbox 69 3548 132 3619; x_wconf 77' lang='lat' dir='ltr'><strong>olla</strong></span> <span class='ocrx_word' id='word_1_217' title='bbox 153 3545 291 3623; x_wconf 81' lang='lat' dir='ltr'><strong>stilum,</strong></span> <span class='ocrx_word' id='word_1_218' title='bbox 318 3548 346 3613; x_wconf 92' lang='lat' dir='ltr'><strong>si</strong></span> <span class='ocrx_word' id='word_1_219' title='bbox 371 3548 541 3633; x_wconf 81' lang='lat' dir='ltr'><strong>quiscum</strong></span> <span class='ocrx_word' id='word_1_220' title='bbox 574 3546 633 3610; x_wconf 90' lang='lat' dir='ltr'><strong>ista</strong></span> <span class='ocrx_word' id='word_1_221' title='bbox 661 3542 803 3610; x_wconf 81' lang='lat' dir='ltr'><strong>seribere</strong></span> <span class='ocrx_word' id='word_1_222' title='bbox 825 3543 966 3629; x_wconf 87' lang='lat' dir='ltr'><strong>potuisse</strong></span> <span class='ocrx_word' id='word_1_223' title='bbox 988 3546 1149 3631; x_wconf 88' lang='lat' dir='ltr'><strong>opinetur.</strong></span> <span class='ocrx_word' id='word_1_224' title='bbox 1197 3547 1259 3615; x_wconf 87' lang='lat' dir='ltr'><strong>Sed</strong></span> 
     </span>
     <span class='ocr_line' id='line_1_32' title="bbox 68 3647 1259 3745; baseline -0.004 -22"><span class='ocrx_word' id='word_1_225' title='bbox 68 3654 165 3745; x_wconf 67' lang='lat' dir='ltr'><strong>plane</strong></span> <span class='ocrx_word' id='word_1_226' title='bbox 187 3651 300 3721; x_wconf 82' lang='lat' dir='ltr'><strong>eadem</strong></span> <span class='ocrx_word' id='word_1_227' title='bbox 322 3650 386 3720; x_wconf 87' lang='lat' dir='ltr'><strong>diei</strong></span> <span class='ocrx_word' id='word_1_228' title='bbox 411 3651 527 3719; x_wconf 88' lang='lat' dir='ltr'><strong>debent</strong></span> <span class='ocrx_word' id='word_1_229' title='bbox 550 3650 589 3717; x_wconf 91' lang='lat' dir='ltr'><strong>de</strong></span> <span class='ocrx_word' id='word_1_230' title='bbox 612 3647 804 3717; x_wconf 86' lang='lat' dir='ltr'><strong>emblemate</strong></span> <span class='ocrx_word' id='word_1_231' title='bbox 832 3647 1002 3715; x_wconf 82' lang='lat' dir='ltr'><strong>inanilesto</strong></span> <span class='ocrx_word' id='word_1_232' title='bbox 1036 3651 1068 3716; x_wconf 93' lang='lat' dir='ltr'><strong>iu</strong></span> <span class='ocrx_word' id='word_1_233' title='bbox 1093 3650 1259 3740; x_wconf 85' lang='lat' dir='ltr'><strong>Snplroelis</strong></span> 
     </span>
     <span class='ocr_line' id='line_1_33' title="bbox 68 3758 352 3829; baseline -0.025 0"><span class='ocrx_word' id='word_1_234' title='bbox 68 3758 170 3829; x_wconf 75' lang='lat' dir='ltr'><strong>niam</strong></span> <span class='ocrx_word' id='word_1_235' title='bbox 192 3778 241 3826; x_wconf 86' lang='lat' dir='ltr'><strong>rs.</strong></span> <span class='ocrx_word' id='word_1_236' title='bbox 264 3760 352 3825; x_wconf 76' lang='lat'><strong>859:</strong></span> 
     </span>
    </p>

    <p class='ocr_par' dir='ltr' id='par_1_12' title="bbox 252 3859 1005 3945">
     <span class='ocr_line' id='line_1_34' title="bbox 252 3859 1005 3945; baseline -0.004 -16"><span class='ocrx_word' id='word_1_237' title='bbox 252 3863 309 3930; x_wconf 86' lang='grc' dir='ltr'><strong>ααί</strong></span> <span class='ocrx_word' id='word_1_238' title='bbox 330 3868 417 3945; x_wconf 76' lang='grc' dir='ltr'><strong><em>σφας</em></strong></span> <span class='ocrx_word' id='word_1_239' title='bbox 441 3863 554 3934; x_wconf 82' lang='grc' dir='ltr'><strong><em>κακοὺς</em></strong></span> <span class='ocrx_word' id='word_1_240' title='bbox 578 3860 695 3930; x_wconf 82' lang='grc' dir='ltr'><strong><em>ιιοίκιςα</em></strong></span> <span class='ocrx_word' id='word_1_241' title='bbox 719 3860 771 3925; x_wconf 83' lang='grc' dir='ltr'><strong>καί</strong></span> <span class='ocrx_word' id='word_1_242' title='bbox 796 3859 1005 3942; x_wconf 75' lang='grc' dir='ltr'><strong>πανωλέθρους</strong></span> 
     </span>
    </p>

    <p class='ocr_par' dir='ltr' id='par_1_13' title="bbox 253 3965 852 4050">
     <span class='ocr_line' id='line_1_35' title="bbox 253 3965 852 4050; baseline -0.01 -15"><span class='ocrx_word' id='word_1_243' title='bbox 253 3966 482 4050; x_wconf 76' lang='grc' dir='ltr'><strong><em>ξοναρποίτειαν</em></strong></span> <span class='ocrx_word' id='word_1_244' title='bbox 506 3965 605 4049; x_wconf 79' lang='grc' dir='ltr'><strong><em>ιθτπερ</em></strong></span> <span class='ocrx_word' id='word_1_245' title='bbox 629 3968 761 4047; x_wconf 81' lang='grc' dir='ltr'><strong><em>είσορῶο’</em></strong></span> <span class='ocrx_word' id='word_1_246' title='bbox 785 3965 852 4043; x_wconf 84' lang='grc' dir='ltr'><strong><em>ἕμί.</em></strong></span> 
     </span>
    </p>

    <p class='ocr_par' dir='ltr' id='par_1_14' title="bbox 234 4072 981 4159">
     <span class='ocr_line' id='line_1_36' title="bbox 234 4072 981 4159; baseline -0.005 -21"><span class='ocrx_word' id='word_1_247' title='bbox 234 4072 450 4159; x_wconf 72' lang='grc' dir='ltr'><strong><em>[αὐτοσφαγῆ</em></strong></span> <span class='ocrx_word' id='word_1_248' title='bbox 473 4073 654 4150; x_wconf 88' lang='grc' dir='ltr'><strong><em>πίπτοντα,</em></strong></span> <span class='ocrx_word' id='word_1_249' title='bbox 677 4072 735 4144; x_wconf 82' lang='grc' dir='ltr'><strong>τὼς</strong></span> <span class='ocrx_word' id='word_1_250' title='bbox 761 4074 981 4151; x_wconf 73' lang='grc' dir='ltr'><strong><em>αὐτοτφαρεῖς</em></strong></span> 
     </span>
    </p>

    <p class='ocr_par' dir='ltr' id='par_1_15' title="bbox 70 4176 1272 4476">
     <span class='ocr_line' id='line_1_37' title="bbox 256 4176 891 4263; baseline -0.008 -18"><span class='ocrx_word' id='word_1_251' title='bbox 256 4179 331 4262; x_wconf 74' lang='grc' dir='ltr'><strong><em>πρὸς</em></strong></span> <span class='ocrx_word' id='word_1_252' title='bbox 353 4184 413 4245; x_wconf 80' lang='grc' dir='ltr'><strong>τῶν</strong></span> <span class='ocrx_word' id='word_1_253' title='bbox 435 4177 567 4260; x_wconf 74' lang='grc' dir='ltr'><strong><em>Φιλίταν</em></strong></span> <span class='ocrx_word' id='word_1_254' title='bbox 591 4176 722 4257; x_wconf 76' lang='grc' dir='ltr'><strong><em>ἕκνθνιιν</em></strong></span> <span class='ocrx_word' id='word_1_255' title='bbox 745 4176 891 4263; x_wconf 73' lang='grc' dir='ltr'><strong><em>ὀλοίατο]</em></strong></span> 
     </span>
     <span class='ocr_line' id='line_1_38' title="bbox 71 4280 1267 4375; baseline -0.007 -20"><span class='ocrx_word' id='word_1_256' title='bbox 71 4304 159 4375; x_wconf 74' lang='lat' dir='ltr'><strong>quoe</strong></span> <span class='ocrx_word' id='word_1_257' title='bbox 197 4281 275 4351; x_wconf 90' lang='lat' dir='ltr'><strong>olim</strong></span> <span class='ocrx_word' id='word_1_258' title='bbox 310 4284 503 4351; x_wconf 84' lang='lat' dir='ltr'><strong>Critieorum</strong></span> <span class='ocrx_word' id='word_1_259' title='bbox 540 4283 749 4369; x_wconf 87' lang='lat' dir='ltr'><strong>antiquorum</strong></span> <span class='ocrx_word' id='word_1_260' title='bbox 783 4280 901 4367; x_wconf 89' lang='lat' dir='ltr'><strong>aliquis</strong></span> <span class='ocrx_word' id='word_1_261' title='bbox 939 4280 1048 4367; x_wconf 85' lang='lat' dir='ltr'><strong>spuria</strong></span> <span class='ocrx_word' id='word_1_262' title='bbox 1080 4288 1113 4346; x_wconf 90' lang='lat' dir='ltr'><strong>et</strong></span> <span class='ocrx_word' id='word_1_263' title='bbox 1148 4303 1267 4362; x_wconf 79' lang='grc' dir='ltr'><strong><em>παρεμ·</em></strong></span> 
     </span>
     <span class='ocr_line' id='line_1_39' title="bbox 70 4385 1272 4476; baseline -0.003 -16"><span class='ocrx_word' id='word_1_264' title='bbox 70 4389 269 4475; x_wconf 61' lang='lat' dir='ltr'><strong>mammea</strong></span> <span class='ocrx_word' id='word_1_265' title='bbox 302 4410 373 4459; x_wconf 87' lang='lat' dir='ltr'><strong>esse</strong></span> <span class='ocrx_word' id='word_1_266' title='bbox 407 4387 563 4457; x_wconf 86' lang='lat' dir='ltr'><strong>intellexit</strong></span> <span class='ocrx_word' id='word_1_267' title='bbox 599 4399 630 4457; x_wconf 86' lang='lat' dir='ltr'><strong>ot</strong></span> <span class='ocrx_word' id='word_1_268' title='bbox 673 4387 904 4476; x_wconf 86' lang='lat' dir='ltr'><strong>pronuntiavit.</strong></span> <span class='ocrx_word' id='word_1_269' title='bbox 961 4385 1066 4454; x_wconf 84' lang='lat' dir='ltr'><strong>Testis</strong></span> <span class='ocrx_word' id='word_1_270' title='bbox 1095 4395 1144 4455; x_wconf 90' lang='lat' dir='ltr'><strong>est</strong></span> <span class='ocrx_word' id='word_1_271' title='bbox 1180 4396 1272 4456; x_wconf 86' lang='lat' dir='ltr'><strong>vetus</strong></span> 
     </span>
    </p>
   </div>
   <div class='ocr_carea' id='block_1_3' title="bbox 0 0 1477 5010">
    <p class='ocr_par' dir='ltr' id='par_1_16' title="bbox 0 0 1477 5010">
     <span class='ocr_line' id='line_1_40' title="bbox 0 0 1477 5010; baseline 0 0"><span class='ocrx_word' id='word_1_272' title='bbox 0 0 1477 5010; x_wconf 95' lang='lat' dir='ltr'><strong> </strong></span> 
     </span>
    </p>
   </div>
  </div>
 </body>
</html>
