2940 5010
54 102 174 171 idem
210 104 423 191 compositum
457 98 693 167 restituendum
726 119 795 164 esso
826 119 941 165 censeo
969 103 1209 186 ἀποκτείναιμεν
1241 116 1273 174 cl.

55 210 341 285 ἱποκσεάιιοοντες.
388 210 422 275 ln
456 212 475 295 ᾗ
500 211 549 271 1⁹2.
581 205 670 272 άλλά
696 206 757 284 μὴν
780 206 833 285 ipo
864 207 936 287 γάρ
959 209 1011 272 aar
1043 216 1150 275 τοῦτο
1174 215 1274 278 corri-

56 314 230 399 gendum
254 334 324 383 esse
346 315 399 397 ἐρῶ
422 337 469 392 γε
493 311 545 377 aori
573 316 678 377 τοῦτο
700 309 775 375 olim
797 310 1005 377 beonclavius
1027 318 1189 401 perspexit
1219 318 1275 384 sed

59 438 184 489 nemo
209 422 332 511 optime
360 420 503 486 monenti
527 419 643 505 paruit.
692 416 727 481 ln
751 416 790 481 ll.
815 436 844 481 r.
872 421 923 481 13.
955 420 1146 496 Αἰγυπτίους
1174 422 1205 486 ot
1230 463 1274 475 -

58 526 142 611 cdx
166 532 224 611 δρῶ
243 528 318 611 erip
336 525 464 605 δυνάμει
484 522 648 605 συμμάχῳ
669 522 859 603 χρησάμενοι
883 526 1007 602 μάλλον
1030 526 1069 591 άν
1086 528 1275 605 κολάσεσθε,

60 630 251 701 soloecurn
284 651 354 697 esse
376 630 415 696 άν
436 629 604 695 κολάσεσθε
628 637 753 694 certum
778 636 837 693 est.
885 628 1004 707 Pauci,
1027 631 1141 709 credo,
1165 653 1275 720 super-

63 746 188 817 sunt,
218 737 337 825 quibus
360 736 399 802 άν
433 756 508 801 cum
534 734 653 800 luturis
684 742 771 799 recte
799 734 951 817 coniungi
989 755 1079 821 posse
1109 736 1276 818 rideatur,

66 836 196 919 ἄνυσις
219 844 246 910 δ’
269 845 324 910 odor
344 842 469 908 ἔσσετοι
494 843 613 915 οὐσῶν,
639 840 693 925 qui
715 838 781 904 sola
805 838 959 904 librorum
984 844 1177 909 auctoritaie
1201 844 1276 912 ireli

70 964 162 1015 cum
185 957 323 1016 naturae
346 948 481 1013 veritate
506 952 661 1031 pugnant.
708 942 866 1030 Equidem
890 943 929 1009 άν
957 950 1188 1032 expunxerim:
1214 950 1276 1016 lor·

74 1066 138 1119 rna
163 1054 336 1123 zondomir
364 1053 496 1138 antiqua
527 1058 577 1115 cst
605 1049 776 1115 admodum
802 1058 834 1115 ct
867 1050 1069 1136 sequioribus
1100 1054 1276 1132 inusitata,

80 1158 142 1241 qni
178 1180 291 1228 omnes
321 1158 443 1225 κολάσω
473 1155 623 1221 dicebant
646 1177 703 1242 pro
736 1156 842 1221 Attico
871 1157 1046 1236 conabamur
1075 1168 1107 1224 et
1137 1167 1276 1240 κολῶμοι

85 1256 136 1347 (tlt
175 1266 405 1347 άνοοβιβῶμοι,
436 1261 548 1339 raeco,
572 1268 761 1349 ,κοιτοοσκιῶ,
786 1259 873 1348 ulia).
922 1271 1008 1346 Κολᾷ
1033 1273 1064 1328 el
1088 1266 1277 1344 κολωμένους

86 1370 178 1451 illud
199 1368 446 1456 Aristophanem
470 1375 596 1433 exstant
620 1367 743 1453 Equitt.
768 1371 844 1431 lon.
875 1365 990 1449 χάσως
1023 1378 1120 1453 κολᾷ
1145 1372 1198 1435 σὸν
1224 1371 1277 1437 άν-

89 1464 169 1553 bt,
193 1474 248 1543 ubi
272 1481 367 1540 retus
392 1472 493 1538 lornra
515 1474 637 1537 intacta
664 1472 781 1548 evasit,
810 1481 842 1536 et
870 1473 901 1536 in
927 1473 1020 1559 Vesp.
1045 1478 1120 1539 244.
1151 1480 1189 1550 ὡς
1220 1502 1277 1543 κο-

89 1582 292 1657 tentusve
330 1578 370 1646 do
404 1580 565 1656 litoroso,
600 1576 655 1642 ubi
689 1578 896 1656 καλουμένους
934 1580 964 1643 in
996 1578 1181 1647 llarennale
1211 1591 1278 1659 est,

87 1688 281 1767 χολούμενος
302 1686 334 1751 in
356 1685 494 1763 Veneto,
518 1682 573 1749 sed
594 1683 811 1768 superscripto
831 1685 919 1750 κολω.
967 1682 1061 1769 bpud
1081 1684 1277 1773 llosycbium

86 1780 114 1847 ¹2
150 1802 214 1871 τῆς
248 1799 393 1871 Κωμικῆο
429 1788 540 1866 λέξεως
580 1795 745 1874 superest:
788 1790 1044 1865 Κολωμένονςε
1079 1793 1277 1867 κολάσοντος

85 1882 321 1985 (κολάσοντος).
369 1896 551 1974 Κολάσομοι
583 1900 719 1958 aetatem
745 1893 819 1959 tulit
842 1892 926 1979 apud
959 1892 1198 1982 Theopompum
1222 1900 1279 1963 Gn·

10 2010 13 2019 “
80 1990 215 2071 Eleum
237 2002 272 2069 in
296 2000 393 2067 Beklr.
419 1998 536 2065 Anecd.
559 2003 643 2071 461,
671 2001 723 2063 19.

273 2106 450 2185 condonari
472 2108 501 2169 σ’
526 2106 588 2183 ἐγὼ
608 2102 615 2194 Ι
635 2104 686 2169 cat
712 2104 764 2169 τὸν
787 2105 839 2169 σὸν
856 2106 980 2169 Ἄστιν.

118 2204 228 2293 Quor
252 2210 338 2299 apud
366 2209 562 2298 Hesycliium
596 2217 644 2274 est
675 2216 800 2275 Κολῶε
833 2208 976 2281 κολάσω,
1009 2230 1168 2297 nusquam
1200 2214 1279 2281 mibi

73 2298 236 2395 loetum,
258 2316 314 2383 scd
336 2314 552 2403 periculosum
575 2323 625 2380 est
648 2313 808 2403 llespobio
835 2313 974 2380 credere.
1023 2315 1179 2403 Imposuit
1204 2319 1279 2385 liin·

72 2404 194 2491 dot-fl„
210 2442 311 2511 quum
336 2420 514 2488 scriberet:
543 2419 751 2501 Κολάζειντ
776 2420 946 2501 crapulano,
981 2423 1145 2499 άνκῖισάοι.
1193 2425 1278 2490 Bona

71 2508 148 2589 ΜΘ
185 2526 324 2595 credidit
356 2527 530 2614 costiqoudi
562 2526 694 2592 verbum
728 2545 818 2611 posse
852 2545 1094 2613 nonnumquam
1128 2531 1278 2611 σεροίνειν

69 2616 277 2705 Quinem
307 2641 340 2699 et
369 2653 408 2699 ex
437 2631 630 2719 Alcipbrone
657 2632 683 2697 l.
715 2636 768 2696 58.
804 2630 996 2710 κολάσμοσοι
1033 2633 1155 2698 »sirnilr'
1187 2656 1279 2700 εοιιοιι

68 2720 207 2807 ὅθΨ
229 2739 439 2825 comparavit.

116 2832 297 2933 Equidem
320 2843 471 2929 incipiam
504 2842 633 2909 credere
664 2840 806 2922 κολάζειν
830 2843 874 2908 ila
896 2862 989 2928 posse
1021 2847 1173 2929 usurpari
1196 2852 1280 2931 post·

69 2950 193 3019 qnam
224 2969 311 3017 unus
341 2955 373 3014 et
394 2947 477 3014 alter
509 2947 597 3014 locus
621 2956 768 3034 repertus
799 2948 882 3025 crit,
915 2947 970 3014 ubi
1004 2948 1146 3031 κολάζειν
1183 2951 1280 3039 (quod

69 3034 275 3147 Hesychius
298 3056 424 3141 primus
447 3062 480 3120 ct
507 3053 595 3119 solus
625 3053 748 3142 docuit)
782 3054 942 3139 significet
966 3056 1131 3133 σ’γκῖισάκι.
1180 3056 1281 3122 llaec·

68 3142 168 3227 niue
210 3162 242 3228 in
276 3159 407 3227 Graecis
442 3159 573 3224 Litteris
604 3161 763 3246 patienter
806 3158 881 3225 ierri
915 3169 947 3225 ct
980 3163 1135 3247 concoqui
1167 3164 1279 3248 possol

70 3242 256 3343 liquidem
279 3266 376 3331 istam
400 3264 558 3330 rationem
578 3266 618 3330 iis
639 3263 883 3349 relinquendam
907 3284 977 3331 csse
999 3286 1132 3345 censeo,
1155 3270 1209 3353 qui
1236 3277 1280 3333 ta·

70 3346 189 3439 bulas
199 3368 388 3458 llugubinas
411 3377 442 3435 et
467 3367 529 3434 alia
543 3370 661 3435 similia
687 3372 959 3456 interpretantur,
985 3372 1038 3437 ubi
1063 3392 1163 3457 quum
1188 3392 1282 3437 rremo

70 3470 194 3543 mam
226 3474 356 3561 linguae
389 3472 543 3561 syllabam
575 3475 753 3561 intelligat,
783 3474 934 3562 perlacilc
966 3486 1014 3543 est
1049 3476 1282 3563 interpretandi

70 3576 283 3661 legeorum,
304 3580 332 3647 si
354 3580 428 3665 quis
452 3599 534 3665 quae
559 3600 685 3647 mecum
711 3583 837 3667 ignorat
859 3580 944 3646 solus
971 3581 1039 3646 vam
1061 3583 1144 3647 scirc
1168 3581 1282 3647 rideri.

71 3660 208 3782 (illidi
243 3686 271 3751 si
306 3685 380 3771 quis
413 3686 565 3772 corn-'porc
597 3686 629 3750 in
664 3687 880 3752 llomanoruru
914 3685 1004 3751 libris
1039 3706 1280 3773 nonnumquam

72 3786 282 3865 “euincere
323 3788 443 3855 diceret
482 3792 642 3873 ιιοοάὶοιιινΙ
655 3843 663 3857 .
699 3811 941 3879 nonnumquam
977 3791 1110 3869 rudore,
1145 3792 1283 3861 delirare

75 3870 261 3965 huminem
289 3905 345 3963 aut
371 3896 512 3961 iusauirc
544 3906 753 3982 putaremus,
787 3898 841 3963 scd
875 3917 935 3962 uon
969 3899 1076 3963 minus
1105 3898 1281 3967 absurdum

80 3998 147 4061 Μ
175 4002 313 4087 κολάζειν
336 4004 383 4069 sic
409 4004 624 4087 interpretari.
673 4004 779 4070 l'acilo
800 4012 931 4090 apparot
951 4004 1101 4083 περοίνειν
1128 4006 1283 4094 interpre-
