2940 5010
691 275 755 338 508

121 446 401 530 παρακαλέσαντες
427 482 471 497 -
493 444 573 520 όποις
605 444 706 528 ὥσπερ
745 446 974 528 ἀπηχθανόμην
1008 447 1116 519 αὐτοῖς
1151 442 1210 512 ότι·
1238 447 1308 528 πρός

125 554 209 632 ὑμάς
242 551 315 630 ἦγον
339 550 415 619 οὕτω
448 553 500 618 καί
530 552 795 635 χαρισαίμην
825 555 876 618 νῦν
907 549 1089 628 άποδιδοός,
1123 571 1241 639 nempe
1268 573 1315 622 te·

127 658 270 745 quiritur
304 657 499 724 indicativus
529 655 606 724 σάτα
638 657 692 724 καί
722 656 1000 739 ἐχαρισάμην.
1047 655 1208 744 Loquitur
1230 658 1315 725 euim

128 761 302 850 Xenophon
326 761 365 830 de
388 783 426 829 ea
449 782 485 831 re
508 766 696 851 quaefacta
719 763 850 850 suisset,
875 762 904 827 si
929 759 1071 827 Thraces
1098 782 1177 849 erga
1200 782 1238 829 se
1254 782 1317 829 ser·

128 878 259 936 vassent
291 867 408 936 fidem:
434 869 492 935 ἔδει
522 869 586 950 γάρ
611 870 694 949 ὑμάς
718 870 756 934 δι’
780 869 855 948 ἐμοῦ
878 867 1068 948 παραδοῦναι
1095 870 1132 936 τί
1153 867 1320 950 στράτευμα

130 985 194 1048 τοῖς
218 974 494 1054 Λακεδαιμονίοις,
517 970 536 1040 ό
541 998 618 1048 ποις
648 971 912 1055 ἐχαρισάμην
941 973 1102 1046 άπσδιδσὺς
1124 972 1228 1056 ὥσπερ
1247 975 1318 1042 τότε

131 1080 360 1162 ἀπηχθανόμην
400 1081 472 1162 πρός
506 1080 587 1159 ὑμᾶς
623 1077 710 1158 otyor
742 1081 813 1152 τοὺς
845 1077 968 1159 ἄνδρας.
1025 1077 1126 1146 Nemo
1156 1077 1320 1147 dubitabit

131 1186 210 1272 quin
235 1186 267 1250 in
301 1184 361 1251 hac
392 1183 494 1250 torma
518 1185 672 1251 orationis
697 1181 778 1257 όπσις
802 1182 1001 1265 ἐχαρισάμην
1024 1182 1171 1268 legitima
1206 1195 1241 1251 et
1266 1204 1319 1251 ne·

131 1291 271 1357 cessaria
295 1291 494 1356 constructio
516 1291 576 1367 sit,
603 1300 635 1356 et
658 1288 739 1362 ὅπως
767 1291 963 1372 χαρισαίμην
987 1289 1102 1356 vitiosa
1125 1298 1159 1356 et
1183 1287 1317 1357 soloecc

134 1395 195 1462 Sed
228 1413 359 1482 prorsus
394 1394 479 1472 idem
515 1396 577 1461 alia
612 1393 762 1481 loquendi
799 1393 901 1460 torma
933 1393 1042 1462 dicere
1075 1393 1318 1481 Xenophontem

133 1498 340 1566 manifestum
364 1508 423 1566 est.
471 1499 642 1566 Continent
664 1501 750 1566 enirn
779 1497 875 1566 rerba
894 1499 976 1565 οὐδὲν
999 1499 1056 1579 ἐμὲ
1077 1502 1319 1582 παρακαλέσαι·

131 1630 184 1681 τες
218 1605 300 1671 lianc
332 1606 433 1692 ipsam
465 1605 740 1693 exprobrationem
769 1605 903 1690 neglecti
928 1624 1004 1690 erga
1029 1626 1064 1672 se
1096 1602 1192 1671 officii
1229 1604 1318 1674 fidei·

133 1730 196 1798 que
231 1711 388 1788 violatae,
420 1721 452 1778 et
475 1712 741 1797 significationem
768 1709 854 1776 illius
876 1711 922 1777 rei
947 1730 1045 1796 quarn
1070 1710 1140 1777 lieri
1172 1709 1320 1780 debuisse

133 1817 181 1882 rit
205 1814 287 1890 ὅπως
311 1816 481 1897 ἐχαρίσατο
505 1826 569 1890 τοῖς
593 1815 870 1893 Λακεδαιμονίοις,
904 1823 941 1881 111
964 1815 1143 1900 gratificari
1166 1817 1320 1885 lacedae-

136 1922 254 1987 moniis
283 1921 448 2008 potuisset.
496 1922 598 2002 Quam
631 1941 725 2007 saepe
756 1916 858 1997 όπας,
882 1919 931 1986 ίνα
954 1929 986 1987 et
1007 1923 1046 1995 ὡς
1072 1941 1147 1988 cnm
1172 1922 1319 1990 indicati·

136 2027 185 2093 uis
216 2028 389 2094 coniuncta
419 2026 458 2093 alr
491 2026 629 2092 indoctis
659 2026 825 2093 Graeculis
857 2035 1010 2112 corrupta
1042 2035 1099 2093 aut
1130 2027 1322 2116 interpolata

136 2130 259 2198 luerint
283 2132 394 2198 multis
417 2131 570 2217 exemplis
594 2130 670 2196 alibi
694 2130 996 2197 demonstravimus.

181 2237 402 2324 Expnnxerirn
432 2237 606 2303 articulum
644 2238 675 2301 in
702 2235 726 2325 §
751 2244 785 2302 11
815 2237 900 2302 κατά
929 2235 1010 2324 [τῆς]
1038 2247 1098 2317 ric
1122 2240 1320 2319 καταδύομαι

135 2361 175 2408 ex
209 2342 425 2430 dittographia
463 2352 597 2422 natnnr,
629 2350 665 2408 ut
696 2362 811 2428 saepe,
835 2352 866 2408 et
890 2343 922 2407 in
955 2341 979 2431 §
1008 2349 1048 2410 18
1081 2347 1186 2422 ἐπειδη
1209 2348 1321 2429 <pleone

134 2449 242 2528 Φατέ
273 2445 350 2515 εἶναι
381 2451 454 2528 ὑμῖν
488 2450 701 2514 revocaverint
736 2469 795 2534 pro
825 2448 946 2532 ἔφατε,
977 2459 1009 2514 et
1041 2458 1110 2536 post
1142 2471 1245 2537 pauca
1271 2451 1323 2518 ulti

135 2551 244 2619 editur
278 2555 331 2620 είό’
355 2557 438 2634 ὑμᾶς
464 2563 655 2636 προσῆκεν
694 2555 727 2619 ἐκ
758 2563 814 2629 τῆς
848 2556 952 2635 χώρας
989 2554 1114 2621 άπιέναι
1148 2556 1214 2623 εἴτε
1238 2561 1322 2636 ἡμᾶς

135 2659 371 2726 emendandum
395 2681 463 2726 esse
487 2662 788 2742 consecuntur,
822 2660 928 2725 nullus
953 2659 1038 2725 enim
1062 2661 1093 2724 iu
1121 2661 1241 2729 talibus
1264 2664 1324 2729 im·

135 2763 276 2851 perlecto
300 2765 389 2832 locus
419 2765 762 2847 οε1,εο11χρη,δεῖ,
796 2769 938 2847 προσήκει
969 2766 1000 2830 iu
1033 2764 1221 2833 huiusmodi
1248 2788 1323 2834 con·

133 2872 291 2937 troversia
320 2878 377 2937 aut
398 2872 526 2958 optione
551 2872 624 2957 pern
649 2870 761 2936 solent.

179 2978 300 3044 lterum
337 2976 483 3043 futurum
517 2978 548 3041 in
585 2976 762 3061 praesentis
799 2974 935 3041 tornranr
969 2975 1049 3042 abiit
1081 2977 1149 3043 Vll.
1175 2998 1230 3044 vn.
1266 2984 1322 3046 31.

133 3084 188 3149 ἐὰν
219 3086 245 3150 οἱ
277 3084 334 3164 μὲν
366 3091 533 3164 ςρατιῶται
568 3083 781 3164 ὑπισχνῶνται
805 3083 1022 3163 προθυμότερον
1053 3083 1321 3164 sescenteno,

133 3191 199 3256 imo
223 3209 297 3255 vero
320 3190 592 3270 συςρατεόσεοόαι.

178 3295 344 3362 Embletna
367 3295 450 3362 inest
470 3296 503 3359 in
528 3293 552 3383 §
571 3298 614 3360 56
637 3293 680 3358 τά
705 3294 843 3375 παρόντα
865 3291 972 3359 πάντα
1001 3289 1035 3381 [ά
1059 3293 1243 3383 ἐκέκτησο],
1266 3294 1322 3362 ad·

134 3401 266 3487 scripsit
291 3399 409 3466 sciolus
432 3401 583 3485 quoniam
618 3399 740 3465 rariore
772 3418 832 3464 usn
867 3398 989 3464 dictum
1025 3407 1074 3465 est
1104 3399 1148 3466 τά
1178 3400 1322 3482 παρόντα

133 3527 192 3593 pro
214 3507 256 3572 τόν
288 3505 483 3587 ὑπάρχοντα.
531 3502 650 3571 Eodem
676 3503 768 3568 modo
794 3505 945 3585 παρουσία
970 3503 1009 3568 ab
1035 3505 1154 3572 Atticis
1184 3525 1322 3595 usurpa·

133 3612 239 3680 hatur.
288 3610 518 3697 Harpocration
543 3631 572 3674 v.
598 3610 754 3690 Παρουσία
778 3629 796 3675 e
821 3607 946 3675 Cratetc
969 3608 1079 3677 affert:

268 3716 393 3798 ἔχοντες
418 3720 536 3789 εὐπαόῆ
560 3717 627 3795 βίον
648 3714 654 3800 Ι
674 3714 843 3795 παρουσίαν
867 3740 902 3781 τε
925 3716 1110 3797 χρημάτων.

132 3832 165 3890 et
191 3843 209 3889 e
233 3822 364 3889 Platone
387 3821 513 3888 Comico
541 3820 673 3886 Plotius
696 3841 726 3885 ν.
750 3821 918 3901 Παρουσία.

402 3931 441 4002 ὡς
464 3928 517 3992 καί
543 3931 593 3991 νῦν
617 3924 731 4007 ἐχομεν
755 3925 936 4007 παρουσίας.

130 4033 216 4099 nuda
235 4035 354 4121 optime
374 4031 557 4100 llindorlins
578 4032 743 4117 antiquam
766 4032 961 4117 scripturam
981 4034 1020 4105 ὡς
1040 4031 1183 4113 ἑκάτερος
1206 4035 1319 4116 χρείας

130 4141 183 4206 καί
207 4139 428 4222 παρουσίας
452 4136 575 4218 ἔχουσιν
597 4135 754 4203 intellexit
776 4135 874 4203 luisse
893 4136 979 4224 apud
997 4136 1161 4206 Demosth.
1187 4159 1217 4225 p.
1235 4144 1318 4218 166,

133 4253 169 4311 11
191 4266 260 4310 non
291 4246 343 4312 καί
369 4243 554 4326 περιουσίας.
603 4241 708 4309 Simili
741 4262 836 4310 sensu
862 4243 896 4309 ἐκ
929 4250 987 4309 τῶν
1014 4244 1172 4327 παρόντων
1195 4265 1255 4332 pro
1284 4246 1319 4311 ἐκ
