2940 5010
706 255 769 317 eeu

810 429 914 506 ἄλλως
938 431 1002 512 γὰρ
1024 430 1065 498 ἄν

339 532 462 616 ἄμαχοι
486 541 632 612 γυναῖκες
656 535 710 600 καί
733 536 842 618 μιαραὶ
867 538 1032 615 κεκλήμεί
1055 535 1106 603 ἄν.

159 643 214 710 uhi
242 639 423 707 Druuckius
445 639 565 725 optime
585 640 765 729 optativum
794 642 955 707 reuocauit
976 643 1145 724 ampuri*
1166 641 1214 710 cic.
1255 642 1306 711 leli

157 748 289 816 cissimo
307 745 456 812 acumine
475 744 640 811 Dawesius
664 746 696 811 iu
715 742 845 811 lliscell.
868 744 947 813 Grit.
972 766 1043 833 png.
1058 750 1124 815 358
1148 746 1189 814 nh
1207 749 1306 817 iuteritr

157 852 296 919 servarit
317 850 495 938 optativum
519 851 706 933 ἐμπλῄμην,
730 852 873 934 turario,
906 852 1073 935 ἑμπλῇτν,
1098 873 1194 939 quern
1217 854 1306 923 acriis

158 957 305 1026 funditus
334 953 550 1033 sustulerant,
581 957 657 1043 quia
684 958 860 1035 inconcinne
887 955 966 1042 quid
988 966 1073 1025 esset
1103 958 1198 1046 plane
1222 962 1306 1029 neec

156 1063 256 1138 hant,
279 1079 375 1148 quam
395 1061 512 1126 Atticis
536 1061 697 1148 propriam
728 1058 864 1127 formam
884 1062 960 1128 olim
984 1064 1090 1150 reperi
1114 1064 1147 1130 in
1167 1064 1305 1155 hyaiasu'

156 1176 337 1237 monstrosa
366 1164 547 1253 corruptela
579 1164 731 1233 latentem
754 1165 899 1235 llllVlll.
924 1171 955 1233 6.
980 1168 1085 1244 ἐπειδὴ
1105 1168 1233 1254 nazara
1262 1172 1305 1239 ίνι

156 1275 357 1348 πέπλινντο
381 1272 434 1338 καί
456 1278 516 1337 τῶν
539 1270 691 1351 ὑμετέραν
710 1270 917 1352 ἀπέλαυσαν,
941 1273 1122 1355 ἀλλοτρίους
1144 1284 1202 1353 τῆς
1222 1275 1305 1345 πίονι

156 1380 283 1453 ἑαυτοὺς
307 1378 482 1456 ἡγήσαντο,
508 1374 561 1441 ubi
586 1376 752 1451 ἔνέπλνντο
778 1396 891 1443 verum
912 1396 982 1444 esse
1006 1378 1087 1446 satis
1109 1389 1261 1467 apparet,
1277 1398 1305 1451 ιο

156 1483 298 1552 noudum
327 1482 374 1549 sie
404 1480 585 1547 emendatio
613 1480 674 1547 loci
703 1479 844 1568 perlecta
874 1490 935 1550 est.
982 1481 1067 1564 Quid
1099 1486 1305 1573 requirant

155 1587 346 1681 patefaciam
369 1593 405 1653 ut
428 1585 571 1674 Dionysii
594 1584 887 1654 Halicarnassensis
910 1587 1016 1654 locum
1038 1589 1131 1676 prius
1153 1590 1302 1661 emendet

156 1695 198 1764 ad
225 1692 309 1782 qaod
339 1688 522 1778 exemplum
554 1689 648 1757 multi
671 1689 848 1759 multorum
872 1692 934 1759 loci
967 1701 1000 1760 et
1029 1694 1062 1761 in
1086 1692 1138 1762 his
1159 1696 1305 1786 Lysiteli

156 1820 216 1870 cus
252 1806 341 1867 certa
367 1806 401 1865 et
433 1794 575 1864 euidenti
610 1796 810 1865 correctione
842 1798 950 1864 sanari
991 1807 1155 1886 poterunt.
1208 1801 1303 1890 legite

154 1908 241 1977 euim
274 1905 306 1972 in
338 1902 483 1991 Dionysii
521 1902 557 1966 t.
584 1899 622 1964 ll.
646 1898 704 1969 lll.
734 1906 789 1970 35.
822 1904 1063 1981 ἀποκτείναντες
1096 1905 1129 1973 δὲ
1163 1910 1217 1975 πον
1244 1908 1305 1989 aaut

153 2014 215 2080 λία
238 2012 290 2078 καί
311 2006 515 2084 reticentiae
538 2008 634 2073 αὐτοῦ
658 2005 710 2073 καί
734 2008 795 2073 τῶν
817 2006 922 2075 ἄλλον
946 2007 1043 2086 ίοοις
1067 2009 1205 2097 ἔτυχεν
1225 2011 1304 2081 τίνοι

153 2123 215 2201 πῦρ
246 2117 289 2191 είς
319 2115 376 2190 τὴν
406 2113 504 2180 οίκίαν
529 2111 687 2191 ἐμβαλεῖν
717 2113 803 2180 κατὰ
831 2114 965 2189 πολλοὺς
994 2114 1117 2191 πίπους.
1166 2116 1304 2187 vernule

154 2220 271 2290 ctionis
306 2226 394 2286 certa
418 2217 554 2303 vestigia
578 2215 739 2294 servavit,
763 2225 799 2284 ut
824 2218 928 2300 solet,
953 2219 1056 2288 Codex
1080 2221 1235 2291 [lrhinast
1262 2222 1304 2291 tn

152 2354 212 2411 χεν
235 2327 344 2392 ἐνεῖναι
362 2329 423 2404 πῦρ
443 2323 486 2397 είς
503 2325 558 2398 τὴν
579 2324 688 2389 οἰκίαν.
735 2319 818 2403 Quid
837 2325 945 2392 notius
964 2334 1015 2392 est
1033 2346 1132 2413 quam
1153 2334 1212 2411 πῦρ
1228 2328 1304 2397 latin·

153 2452 212 2521 pro
232 2432 337 2518 lquere
359 2427 501 2502 iniicere.
524 2426 609 2514 quod
633 2447 745 2495 omnes
767 2428 920 2497 dixerunt
940 2439 973 2497 et
997 2431 1154 2500 llomcrns
1176 2443 1248 2501 ante
1263 2450 1304 2501 οιι

155 2558 234 2613 nes,
258 2543 291 2601 et
315 2535 432 2600 iterum
458 2531 631 2621 Dionysius
650 2532 703 2597 lll.
728 2537 771 2600 56
795 2540 854 2617 πῦρ
878 2537 987 2603 ἐνεῖναι
1011 2535 1193 2614 refricare
1216 2538 1304 2607 ἐκίλεν

154 2668 217 2710 τεν.
263 2641 376 2726 ltaque
396 2646 521 2702 certum
543 2644 592 2703 est
612 2638 710 2703 scrihi
735 2648 900 2725 oportere:
926 2643 979 2709 καὶ
1007 2650 1066 2710 τῶν
1093 2642 1201 2711 ἄλλον
1222 2642 1304 2715 driu

153 2852 262 2919 videat
288 2850 443 2930 ἐμβαλεῖν
473 2849 687 2914 atemerario
717 2858 897 2916 correctore
920 2852 1080 2921 adiectum
1106 2875 1177 2922 esse
1199 2853 1238 2923 de
1255 2870 1300 2921 νοο

154 2959 211 3047 qui
234 2953 346 3023 eadem
370 2971 465 3040 opera
493 2950 571 3028 ὅσοις
595 2952 707 3035 ἔτυχεν
738 2954 919 3022 emendavit
953 2958 1086 3026 scilicet.
1133 2959 1304 3029 simillimi

154 3063 271 3129 vitium
296 3059 444 3147 inquinat
475 3056 580 3126 locum
602 3057 825 3126 Demosthenis
849 3081 879 3147 p.
903 3067 977 3129 178.
1010 3066 1037 3130 oi
1059 3066 1118 3144 μὲν
1145 3067 1303 3135 ἐπτοοῦντο

155 3169 227 3244 τοὺς
258 3164 421 3250 προγόνους
452 3165 535 3244 ὑμῶν
557 3165 651 3243 λίνον
678 3165 776 3230 εἰπεῖν
799 3189 850 3245 μοι
874 3167 992 3236 δοκοῦσι
1013 3174 1222 3253 προαιρτῒτίαι
1241 3192 1303 3257 sext

156 3273 294 3358 ριομίνον
320 3274 353 3337 οὐ
384 3271 445 3349 μὴν
478 3268 677 3351 συμφέροντα
704 3276 738 3348 γ’
761 3271 884 3347 ἐκείνοις
912 3269 962 3347 οὓς
983 3275 1213 3359 ἐγκωμιάζουσι
1234 3284 1303 3347 catti

159 3380 337 3465 Agnoscam
369 3370 592 3467 Demosthenis
622 3375 884 3459 compositionem
914 3396 1013 3463 quum
1042 3383 1236 3470 rescriptum
1258 3382 1303 3453 eri·

158 3480 381 3566 κεχαρισμένον
403 3477 490 3558 μίν,
514 3477 548 3542 οὗ
569 3477 630 3555 μὴν
650 3478 850 3561 ονμφίνοντνί
866 3488 901 3560 γ’
918 3482 1041 3560 ἐκείνοις
1062 3482 1113 3562 οὓς
1131 3488 1303 3575 ίνκονμιίζν

158 3613 205 3656 σιν
237 3591 398 3672 expuncto
428 3590 532 3648 ποιεῖν.
581 3581 752 3669 Postquam
782 3585 840 3662 μέν
868 3587 988 3656 excidit
1019 3600 1091 3677 post
1119 3596 1303 3679 κοχαςιομίι

160 3689 258 3784 (quod
284 3686 438 3755 scribitur
457 3686 649 3769 reexspecto
675 3706 750 3754 cum
775 3692 864 3773 gravi
887 3717 918 3758 ον
941 3694 1158 3786 significante)
1181 3708 1303 3771 correct

158 3804 256 3867 ποιεῖν
279 3792 413 3863 addidit.
459 3790 665 3878 interpolatio
692 3792 836 3862 eiusdem
867 3799 995 3883 generis
1024 3798 1172 3870 [unditus
1204 3804 1303 3893 pordic

159 3902 351 3971 sententiam
373 3897 508 3966 alterius
535 3895 596 3963 loci
624 3895 709 3983 apud
736 3898 982 3970 Demosthenem
1005 3904 1039 3970 in
1067 3905 1179 3974 eadem
1200 3912 1302 3981 cratia

159 4030 191 4098 p.
215 4013 296 4076 rat:
319 4008 346 4075 οί
368 4002 547 4083 κεκτημένον
573 4001 628 4091 (τίν
651 4005 819 4093 χρήματα)
843 4012 975 4076 τοιοῦτον
997 4008 1104 4091 ἔχοντι
1126 4018 1217 4093 νοῦν,
1239 4014 1300 4091 ίίςν

157 4114 275 4188 ποίντες
298 4113 325 4179 οί
353 4108 473 4178 terant>
496 4106 643 4187 λέγοντες
667 4108 812 4191 Φοβοῒεν,
838 4113 877 4186 ὡς
898 4110 962 4190 ἥξει
990 4116 1144 4194 βασιλεὺς
1165 4156 1214 4171 -
1235 4124 1302 4207 adp

156 4244 204 4286 νον
232 4222 286 4288 οὐκ
313 4216 353 4285 ἂν
383 4212 590 4294 εἰσενέγκαιεν
622 4215 699 4280 αλλ’
721 4217 782 4282 οὐδ’
809 4215 848 4282 ἂν
877 4214 1009 4295 δείξειαν
1037 4222 1099 4289 οὐδ’
1121 4223 1162 4292 ἂν
1190 4227 1302 4311 iream

155 4349 240 4391 σεναν
264 4324 440 4397 κεκτῆσθαι.
487 4318 615 4407 Depone
632 4338 689 4406 pro
707 4318 846 4388 absurdo
866 4320 997 4403 δείξειαν
1013 4346 1122 4398 ueram
1144 4332 1302 4423 scriptura
