2940 5010
731 304 794 369 atto

162 478 220 545 ubi
244 477 340 545 ίλίεω
363 474 626 554 rescribendum,
652 495 790 562 namque
810 478 878 550 ίλιίς
902 486 933 541 et
956 477 1094 542 καταλύω
1118 477 1239 544 Graeca
1262 485 1356 556 sunt,

163 592 318 670 recteque
339 583 373 647 in
396 579 607 649 Oeconomico
632 581 731 649 XVII.
761 587 800 646 14
822 580 978 647 scribitur
995 581 1078 654 ίλιίος
1101 582 1299 665 ἐπιχυθείσης
1324 592 1356 649 et

162 706 240 755 mox
262 690 281 773 §
305 691 344 753 15
365 687 637 768 vicaricatione,
664 686 747 771 qnod
766 688 924 751 intactum
942 688 1080 751 erasisse
1098 688 1209 752 miror.
1242 688 1356 774 Magna

162 799 217 859 est
240 791 362 877 ubique
385 790 497 856 tatium
521 793 613 877 copia
641 810 699 856 nec
724 792 844 856 mirum
876 788 955 857 adeo
989 797 1126 856 veterem
1160 793 1356 879 scripturam

163 904 450 963 ΤΟΝΔΕΙΝΟΝ
476 896 539 984 (τὸν
559 894 648 983 δῖνον)
673 896 705 959 in
726 898 761 962 τὸ
781 895 873 962 δεινόν
895 894 1023 961 abiisse.

209 1000 314 1083 Quam
337 1020 434 1088 saepe
458 1002 590 1066 vitiosae
610 1002 791 1085 scripturae
822 1002 868 1066 sic
900 1008 993 1065 natae
1022 1001 1054 1064 in
1085 1000 1355 1068 emendatissimis

165 1103 364 1173 editionibus
385 1104 537 1170 haereant
559 1106 647 1170 iurat
668 1107 779 1190 paucis
799 1105 954 1190 exemptis
972 1104 1193 1171 demonstrare
1213 1126 1252 1172 ex
1275 1109 1355 1174 Pan·

164 1210 277 1279 sanim
300 1212 478 1291 περιηγήσει
503 1209 638 1285 sumtis,
670 1229 767 1294 quam
803 1211 935 1275 Parisiis
964 1210 1065 1276 edidit
1099 1209 1131 1276 b.
1159 1211 1353 1279 Iiimiortius.

163 1312 297 1381 Videbis
317 1311 362 1379 ibi
379 1315 537 1399 scriptum
559 1333 629 1379 esse
648 1333 677 1399 p.
694 1319 759 1380 596
773 1321 805 1380 et
819 1320 881 1380 397
907 1316 1024 1401 passim
1047 1316 1202 1396 Ἀρείονα,
1227 1337 1256 1403 p.
1271 1324 1354 1395 401,

164 1423 211 1487 stt
235 1419 434 1502 νενφίμενος,
462 1439 490 1503 p.
512 1423 597 1495 454,
624 1423 666 1484 47
697 1422 834 1503 νείΦενν,
860 1429 891 1486 et
919 1441 950 1506 p.
975 1424 1057 1497 145,
1082 1423 1125 1486 54
1157 1421 1355 1499 ’Λπόλλωνος

160 1525 353 1607 ’Δαρείοα
381 1524 506 1605 βωμός,
537 1530 570 1588 et
599 1543 628 1609 p.
653 1529 731 1601 158,
757 1530 796 1591 51
832 1526 985 1605 Θηρείταν
1009 1533 1042 1591 et
1071 1527 1209 1612 saepius.
1258 1528 1356 1595 Recte

161 1630 312 1712 ’Δαρίτας
336 1638 368 1696 ct
389 1627 538 1709 Ἀκρίταν
558 1627 714 1694 scribitur
737 1649 769 1715 p.
796 1633 878 1705 444,
904 1634 947 1697 40
968 1637 999 1695 et
1018 1632 1071 1694 44.
1119 1629 1239 1717 Nempe
1263 1633 1355 1719 quid·

160 1733 243 1823 qnid
266 1734 386 1803 Graece
409 1735 477 1800 exit
500 1733 533 1798 in
560 1732 651 1808 ·οίτης
683 1742 716 1800 et
744 1734 834 1809 -ίτης
866 1743 899 1801 et
926 1735 1007 1808 -ίοηρ
1041 1733 1191 1819 producit
1219 1737 1355 1821 penulti-

162 1856 271 1918 mam,
293 1846 331 1906 ut
350 1847 384 1907 et
405 1837 599 1905 faeminioae
622 1837 743 1904 formae
773 1842 806 1905 io
824 1845 908 1914 -οίπος
930 1847 963 1906 ct
985 1844 1066 1912 ·ῦπνς
1090 1847 1123 1904 et
1142 1848 1215 1914 dm
1240 1843 1353 1909 confir-

161 1953 256 2013 mant
273 1953 306 2013 et
331 1944 477 2011 omnium
498 1951 675 2031 perpetuus
701 1964 795 2020 usus,
827 1954 863 2010 ut
892 1945 924 2008 io
955 1943 1141 2022 Τεγεάτης,
1173 1952 1351 2025 Taraciae,

159 2051 386 2135 Σπαρτιάτης,
411 2051 606 2132 πρεσβύτης,
632 2051 778 2126 πολίτης,
801 2050 1017 2131 μαργαρίτης,
1049 2050 1241 2131 μακαρίτης.
1267 2054 1352 2120 aliis·

161 2175 228 2244 qne
242 2157 417 2234 sexcentis,
440 2174 522 2240 quae
539 2174 627 2221 more
646 2164 772 2221 vetusto
790 2176 846 2241 per
861 2180 887 2221 εν
903 2153 1127 2221 scribebantur
1145 2163 1181 2219 ut
1197 2166 1352 2237 ΤΕΙΜΗ,

159 2269 338 2329 ΝΕΙΚΛΝ.
386 2258 448 2326 Sed
469 2257 740 2344 quemadmodum
760 2279 821 2324 non
844 2260 905 2335 sic,
929 2259 985 2326 sed
1005 2260 1081 2338 τνμνί
1100 2268 1131 2324 et
1151 2266 1237 2327 ννκοῖν
1259 2263 1352 2333 hodie

160 2364 355 2443 scribimus,
379 2365 426 2430 sic
438 2373 605 2430 ΑΡΕΙΩΝ
622 2366 728 2446 Ἀρίων
742 2364 948 2432 scribendum
966 2373 1034 2444 est,
1054 2373 1086 2432 et
1101 2375 1241 2435 ΝΕΙΦΩ
1253 2372 1349 2457 νίφα,

159 2478 196 2539 st
218 2478 403 2537 AKPEITA
426 2470 579 2552 ’λκρίοα,
604 2478 636 2537 et
660 2470 811 2536 similiter
832 2471 863 2534 in
888 2470 1061 2539 similibus.

206 2573 344 2663 sequior
363 2574 466 2642 forma
487 2577 522 2641 ἐκ
543 2584 599 2650 πῆς
622 2583 681 2641 τῶν
703 2577 825 2642 ibernia
845 2578 1002 2651 συνηθείας
1027 2577 1158 2663 irrepsit
1180 2579 1214 2645 in
1233 2581 1347 2651 XVIII.

158 2682 194 2749 8.
215 2680 341 2748 Ιπενδνὶν
363 2680 395 2748 n
414 2679 546 2762 καίοίρηο
559 2700 617 2765 pro
637 2683 784 2764 καίίίηο,
808 2680 893 2767 quod
915 2683 985 2748 sine
1007 2701 1095 2747 mora
1117 2686 1346 2770 reponendum.

156 2782 336 2853 Admonuit
370 2785 410 2853 de
441 2786 504 2852 isto
536 2785 717 2871 aequalium
747 2807 856 2852 errore
887 2786 1002 2852 diceris
1027 2791 1154 2871 ρ.157,
1178 2789 1346 2862 admonuit

156 2888 366 2980 Phrynichus
388 2910 420 2978 p.
445 2894 517 2966 44,
544 2892 600 2975 qui
626 2891 687 2956 tria
712 2891 936 2976 vulgatissima
959 2889 1159 2975 popularium
1182 2894 1260 2960 vitia
1291 2917 1344 2965 no·

156 3002 234 3061 taos
255 2994 294 3062 de
318 3002 384 3062 tuto
415 2994 474 3060 hoe
504 3015 621 3079 genere
649 2996 821 3082 praecepit.
871 2994 1013 3060 Plurima
1038 2993 1174 3061 Lobeck.
1205 2999 1245 3065 ad
1267 3001 1298 3070 h.
1320 3003 1343 3071 Ι.

154 3099 353 3186 conquisivit
384 3098 440 3167 sed
474 3108 509 3165 ut
542 3100 621 3166 nibil
646 3102 726 3167 certi
759 3098 979 3165 constitueret.
1027 3098 1270 3170 nominatoria
1293 3107 1345 3175 his

153 3222 287 3293 quoque
306 3223 384 3271 osus
403 3203 459 3272 sed
484 3205 665 3272 scribarum
688 3206 767 3270 vitio
789 3203 912 3271 formae
938 3202 1140 3270 diversorum
1160 3213 1343 3296 temporum

153 3314 191 3379 ct
220 3307 365 3377 Iocorum
397 3309 483 3377 inter
514 3330 548 3377 se
578 3309 730 3377 confusae
765 3308 878 3377 iailuot
910 3307 1156 3395 impediuntque
1186 3331 1256 3393 eos,
1287 3318 1343 3403 qui

153 3430 242 3501 qnss
259 3410 379 3480 Inerint
403 3413 479 3480 clim
504 3423 612 3482 certae
636 3415 786 3502 loquendi
812 3413 896 3500 leges
918 3413 1052 3481 delinire
1076 3416 1223 3501 cupiunt.
1272 3420 1344 3487 Cer·

153 3526 230 3587 tum
250 3524 301 3585 est
323 3516 421 3584 rerba
443 3520 476 3585 in
502 3521 604 3601 ·ραίνω
628 3528 660 3586 et
684 3522 781 3587 ·οαίνω
806 3520 914 3585 ornnia
942 3518 1027 3606 apud
1056 3521 1178 3588 dtticos
1202 3523 1234 3588 in
1259 3528 1341 3592 aori-

152 3632 209 3691 stn
224 3646 249 3691 α
271 3621 465 3709 productum
488 3622 619 3692 babere:
646 3627 750 3711 ipsum
779 3626 868 3707 ῥαίνω
893 3623 989 3690 babet
1012 3623 1139 3706 ἔρρανα,
1162 3631 1269 3709 ροἶναο,
1292 3631 1344 3714 ῥοί-

153 3752 232 3806 m,
257 3735 295 3794 ut
315 3727 348 3792 in
371 3727 553 3813 fragmento
576 3730 691 3795 incerti
714 3731 843 3816 Tragici
868 3729 984 3797 dtben.
1009 3749 1039 3816 p.
1054 3735 1107 3797 48.
1132 3730 1169 3796 Α.

337 3832 427 3899 ἄλλα
449 3832 579 3909 ξενῶνας
603 3831 669 3913 οἶγε
691 3836 743 3901 καί
767 3839 854 3918 ρῖονον
876 3836 1006 3912 δόμους,

149 3937 203 4007 sit}
224 3944 257 4004 ot
278 3938 395 4020 χραίνω
411 3936 548 4021 ἔχρανα,
573 3948 609 4005 ιιι
631 3942 662 4004 in
685 3938 850 4025 Euripidis
880 3940 1050 4027 Hippolyto
1075 3944 1275 4022 laceratae
1298 3950 1343 4026 μὴ

146 4046 310 4128 κρᾶναι
340 4042 442 4123 λέχη,
468 4053 500 4110 et
523 4047 570 4111 sic
598 4049 748 4126 περᾶναί,
780 4048 949 4128 εὐφρᾶναι,
981 4046 1187 4128 δυσχερᾶναι,
1216 4048 1342 4137 aliaque

149 4146 259 4217 muita
282 4145 442 4214 dicebant.
490 4149 619 4217 Certum
641 4158 690 4216 est
713 4148 809 4215 rerba
833 4151 864 4214 in
888 4149 986 4216 -ιαίνω
1013 4151 1120 4215 omma
1150 4152 1235 4237 apud
1258 4156 1340 4222 Atti-

146 4272 209 4321 ωε
239 4250 373 4319 cantium
402 4253 560 4319 rationem
594 4257 701 4340 sequi,
736 4262 772 4319 nt
801 4254 832 4318 iu
857 4256 1012 4334 ἕχλίανα,
1046 4255 1177 4332 ἕπίανα,
1208 4259 1339 4336 entare,

146 4357 305 4441 ἠγρίανα,
331 4357 420 4434 aiiISJ
450 4359 554 4424 Ionica
581 4370 654 4425 sunt
674 4361 823 4440 ἕχλίηνα,
858 4361 985 4439 ἐμίηνα,
1023 4368 1058 4425 ut
1090 4361 1190 4435 ίνίνας,
1215 4363 1339 4445 ἕδίηνα,
