2940 5010
718 263 760 325 84

146 434 340 522 intelligisne
360 434 508 503 lacunam
529 455 548 502 a
568 434 725 503 Graeculo
743 454 783 503 ex
802 435 964 503 sententia
986 434 1048 503 loci
1069 435 1243 507 infeliciter
1259 460 1324 528 sup

145 540 279 628 pletam:
303 539 389 620 ἄνοον
409 541 583 622 θηρωμένοις
605 559 809 629 quacumque
827 540 867 608 de
884 561 983 609 causa
1001 540 1065 629 legi
1081 564 1145 611 non
1167 553 1319 632 poterant:

146 646 185 714 de
210 667 270 713 suo
291 645 380 713 dedit
405 648 557 714 διώκουσιν
580 646 667 726 eyes
691 647 786 713 metri
810 666 946 713 securus
969 656 1002 715 et
1030 650 1223 726 immemor,
1248 650 1318 718 uode

144 749 234 817 lraus
256 751 405 839 perpluit.
453 750 639 819 delebuntur
665 760 715 819 est
742 750 827 839 apud
857 762 982 821 ueteres
1010 752 1128 822 uolrilis
1158 754 1212 823 liic
1239 757 1317 825 Euri·

146 858 230 943 pidis
249 857 357 925 locus:

326 964 364 1030 τὺ
383 965 421 1043 δ’,
440 960 462 1029 ὦ
482 966 552 1030 θεῶν
575 965 701 1045 τὺροοννε
725 965 904 1047 κοῖνθρώπων
922 966 1038 1048 Ἕριος,

326 1070 343 1145 ἢ
366 1071 411 1148 μὴ
432 1069 557 1136 didam
580 1069 624 1135 τοὶ
648 1070 735 1137 κοολῖο
757 1069 924 1154 Φοοθνετθονι
948 1071 1035 1138 send

327 1174 345 1249 i
368 1183 432 1247 τοῖς
455 1174 557 1257 ἐρῶσιν
580 1172 620 1241 ὧν
642 1177 680 1243 σὺ
703 1177 882 1257 δνμιονρνος
905 1170 937 1240 εῖ

323 1281 472 1361 μοχθοῦσι
495 1279 630 1362 μθχθονς
653 1283 793 1363 εὐτυχῶς
816 1281 1012 1347 σννεκπθνει.

144 1384 171 1449 si
197 1404 254 1469 per
275 1382 402 1451 Stobaei
422 1383 553 1452 Codices
575 1387 718 1453 stetisset
740 1384 911 1472 Euripides
935 1387 1024 1453 risus
1043 1393 1127 1453 esset
1147 1384 1277 1455 dixisse:

326 1491 364 1557 σὺ
383 1490 410 1556 δ’
431 1487 453 1556 ὦ
475 1490 585 1562 sones
605 1491 729 1559 πώνσονν
750 1492 821 1557 θεοῖν
841 1492 1020 1573 κοῖνθρώπιον

327 1594 344 1671 οῖ
368 1598 413 1675 μὴ
436 1595 561 1663 dedam
582 1597 626 1663 τῖε
649 1597 736 1663 κοιλοὶ
758 1596 924 1680 Φώῖνετθμι
948 1596 1053 1675 καλοῖ,

326 1701 344 1777 οῖ
363 1709 427 1776 τοῖς
450 1704 552 1783 ἐρῶσιν
575 1703 703 1781 εὐμενὴς
729 1703 903 1782 orontem.

146 1822 227 1889 quae
256 1804 409 1892 leguntur
437 1809 469 1874 in
504 1807 612 1875 Floril.
636 1807 745 1874 LXIV.
768 1812 800 1874 6.
848 1806 937 1875 Unde
967 1808 1027 1875 isto
1064 1807 1227 1876 malesane
1250 1806 1311 1876 ocri·

143 1912 262 1995 ptura?
308 1912 514 1980 Manifestum
535 1933 605 1981 esse
627 1914 748 2001 opinor.
796 1912 972 2000 Supererat
994 1916 1033 1981 σὺ
1052 1914 1079 1981 δ’
1107 1911 1130 1981 ὦ
1156 1916 1172 1944 ⁴
1188 1914 1232 1946 ⁴*
1252 1915 1311 1981 ιιῖι·

143 2015 264 2097 θρώπονν
283 2019 298 2047 ⁴
314 2018 333 2093 ἢ
348 2020 393 2099 μὴ
410 2022 535 2088 δι’δοιτκε
547 2019 591 2087 τοὶ
602 2018 690 2087 uano
701 2019 867 2103 Φπθνετθονι
880 2018 968 2085 aceri
984 2018 1080 2095 ἢτοῖο
1095 2019 1199 2101 ἐρῶσιν
1212 2020 1228 2053 ⁴
1240 2020 1255 2051 ⁴
1267 2020 1281 2051 ⁴
1292 2018 1312 2093 ⁸,

143 2140 225 2207 quae
252 2126 445 2192 temerarius
473 2133 635 2192 corrector
664 2144 722 2192 suo
744 2124 846 2190 llartc
872 2142 1045 2210 aggressus
1073 2132 1124 2192 est
1146 2126 1313 2194 restituere

143 2224 271 2293 Lacuna
289 2237 358 2296 erat
378 2231 412 2295 in
430 2230 595 2318 Euripidis
614 2249 710 2296 versu
729 2226 837 2296 cvltt.
857 2232 910 2294 24.
934 2228 978 2295 σώ
1000 2228 1016 2259 ⁴
1031 2230 1046 2259 *
1062 2230 1089 2296 δ’
1105 2228 1170 2305 ὅσοι
1188 2228 1223 2299 εὖ
1239 2229 1314 2315 φέρεν

142 2334 257 2413 βροτῶν
289 2333 295 2420 Ι
326 2335 421 2418 σοφὸν
444 2336 554 2418 νομίζω
581 2334 720 2422 explevit
743 2343 906 2402 corrector·
929 2336 973 2401 τώ
994 2334 1219 2417 τυγχάνοντα,
1243 2326 1316 2422 quod

142 2457 239 2503 sorrsu
259 2457 396 2506 vacuum
417 2449 479 2507 est:
502 2460 577 2507 vera
596 2441 790 2528 scripturae
810 2438 984 2507 Plutarcho
1002 2448 1128 2507 serrata
1148 2448 1200 2507 est
1218 2434 1317 2507 ltorat

143 2562 173 2628 p.
193 2546 267 2608 116.
286 2543 324 2610 F.
352 2545 396 2612 τοὶ
420 2545 646 2627 προσπεσθντοο.
696 2546 869 2632 Supererat
897 2545 928 2611 in
953 2544 1120 2631 Euripidis
1147 2542 1317 2633 fragmeultt

143 2646 252 2714 iterii.
271 2648 380 2715 xClll.
406 2656 457 2719 19.
483 2660 675 2718 ΣΜΙΚΡΑΝ
694 2651 809 2732 θέλοιμι
830 2650 882 2718 νοοῖ
902 2652 970 2717 καθ’
986 2650 1101 2733 ἧμέροον
1120 2649 1203 2735 ἔχων
1222 2651 1238 2682 *
1251 2652 1266 2681 ⁴
1279 2646 1316 2682 ⁴*

144 2762 290 2819 OlKElN
310 2759 435 2834 μᾶλλον
456 2759 473 2835 ἢ
491 2762 631 2824 πλουτῶν
651 2766 763 2835 νοσεῖν,
790 2755 843 2823 ubi
862 2756 994 2837 σμικροθν
1008 2755 1092 2823 male
1109 2754 1187 2843 legit
1211 2754 1318 2822 sciolus

142 2878 201 2946 prro
224 2860 327 2942 σμθκρ’
344 2859 384 2928 cio
402 2868 433 2928 et
449 2860 526 2928 hinc
545 2860 704 2950 supplevit
720 2862 835 2945 τροφὴν
854 2863 977 2928 ἐνοικεῖν
995 2870 1028 2929 et
1046 2862 1188 2929 correxit
1207 2861 1320 2929 scilieet

142 2964 258 3045 θέλοιμ’
281 2964 331 3033 ἄν.
378 2967 462 3035 Vera
481 2966 576 3035 lectio
599 2975 730 3055 apparet
755 2965 878 3033 xcvlt.
904 2972 954 3033 10.

323 3073 427 3157 σμίκρ’
450 3072 490 3142 cir
513 3074 630 3155 θέλοιμι
654 3074 706 3140 xci
729 3074 798 3140 καθ’
820 3072 936 3155 ἡμέραν
959 3070 1041 3153 ἔχων

321 3177 442 3256 ἄλυπος
463 3182 555 3247 οῖκεῖν
578 3184 702 3261 μοῖλλου
726 3180 744 3257 ἢ
768 3185 908 3245 πλοντών
931 3188 1038 3245 νοσεῖν.

143 3282 248 3363 Quum
267 3284 310 3350 sit
335 3304 509 3372 permagna
533 3284 717 3353 huiusmodi
738 3282 1022 3371 interpolationuur
1047 3280 1133 3370 apud
1153 3281 1320 3353 stobaeum

141 3388 232 3472 copia
255 3388 423 3455 continebo
451 3410 503 3457 me
523 3391 555 3455 in
583 3390 774 3475 fragmentis
795 3387 982 3465 Menandri,
1012 3389 1107 3455 cuius
1124 3408 1225 3457 causa
1249 3387 1321 3457 hart

143 3490 364 3560 demonstrare
384 3494 522 3561 institui.
568 3494 934 3563 lnlt01·it.txvttt.es
957 3502 1124 3581 supererat
1146 3502 1267 3575 γαμεῖν
1280 3495 1321 3529 *⁴

142 3597 185 3671 εἷς
204 3597 372 3677 pardinas
390 3598 535 3683 ἔρχεται,
560 3600 668 3688 ineple
682 3598 859 3666 Graeculus
877 3596 908 3674 ὃς
928 3600 1022 3666 ἐθέλει
1040 3600 1198 3679 ittserttil,
1223 3618 1322 3690 neque

141 3700 269 3769 loeduur
301 3702 426 3772 hiatum
450 3706 730 3783 animadvertens,
755 3724 857 3790 neque
881 3707 1074 3772 sententiam
1099 3714 1173 3794 apte
1196 3709 1322 3775 restite·

142 3828 219 3887 ons,
255 3830 337 3896 (puae
360 3810 499 3898 postulat
520 3821 637 3892 ροιμεῖν
661 3813 675 3877 ὁ
695 3812 841 3892 μέλλον,
869 3810 953 3896 quod
976 3819 1080 3878 exstat
1102 3812 1134 3879 iu
1159 3810 1324 3881 llcnandri

142 3915 328 3983 Monostich.
353 3938 399 3984 vs.
412 3922 464 3983 91.
513 3917 686 4004 Supererat
709 3916 791 3983 llll.
812 3920 843 3983 9.
862 3920 866 3925 ’

322 4023 336 4089 θ
360 4024 497 4107 δεύτερος
521 4031 618 4097 πλοῦς
643 4024 688 4092 iri
713 4024 809 4099 δήπου
832 4024 1000 4103 λεγόμενος

320 4128 358 4194 ἂν
382 4130 531 4214 οῖποτθχιρ
555 4156 601 4205 τις
628 4132 672 4161 ”“
696 4129 828 4194 κώτοοιτι
852 4139 962 4197 πλεῖν.

138 4231 264 4318 stupide
288 4243 449 4302 corrector
471 4235 593 4303 addidit
626 4241 740 4315 πρώιον
768 4235 819 4312 ἐν,
851 4233 946 4320 idque
970 4233 1147 4303 lleinclnius
1183 4236 1322 4325 reecpit:

139 4334 177 4403 ἂν
200 4339 348 4423 cinaedm
375 4366 423 4416 τις
452 4348 565 4425 πρῶτον
596 4342 626 4408 ἐν
650 4341 798 4408 κώπνοντιν
819 4348 920 4408 πλεῖν.
945 4358 1141 4427 qttttmqttatll
1165 4342 1326 4409 sententia
