2940 5010
136 110 219 181 hanc
244 107 361 176 habent
384 107 569 175 lectionem:

582 213 689 281 πολλοὶ
710 214 828 294 neree·
850 217 877 282 oi
899 215 956 283 decl

331 322 374 403 τῷ
394 319 563 401 δημιουργῷ
586 319 682 396 δοῖεν,
707 317 739 393 ὃς
762 320 886 397 dereined
906 320 962 397 τέ,

329 432 386 500 τῆς
407 424 600 504 συμμετρίας
623 424 676 490 καὶ
697 434 753 502 τῆς
773 427 1004 510 ἀσφαλείας
1027 424 1148 497 οὕνεκα.

117 531 295 616 depressior
323 528 432 596 οὕνεκα
459 530 634 615 repositum
657 537 706 596 est
729 549 768 596 ex
795 530 909 599 Athen.
934 551 964 618 p.
987 536 1063 599 446.
1087 534 1142 612 (l,
1167 532 1219 599 ubi
1240 534 1305 601 lter·

138 639 252 704 cianus
275 637 430 719 ἀφελείας
454 642 579 708 servat,
604 635 796 721 apographis
819 637 851 701 iu
879 638 1062 721 οὶτφκοείατ
1088 637 1306 705 aberrantibus.

138 741 227 809 Idem
245 742 360 807 vitium
379 739 640 806 Hemsterlrusius
660 748 692 805 et
714 739 962 808 Valckenaerius
979 742 1130 812 eluerunt
1148 764 1189 811 ex
1208 744 1310 832 Satyro

139 848 256 917 Athen.
276 868 306 933 p.
320 852 397 912 554.
417 846 454 912 D.
474 846 505 910 ἐν
526 846 657 928 Σπάρτῃ
677 847 708 912 δὲ
727 845 930 936 (Alcibiades)
946 850 1108 931 καρτερίαν
1124 852 1178 917 καὶ
1200 850 1312 933 riedi-

139 970 257 1021 λειαν
288 950 471 1026 ἐπιτηδεύων
502 952 588 1017 ἔνι’κα
613 952 684 1024 τοὺς
713 951 885 1030 Λάκωνας,
912 954 1091 1022 rectissime
1122 957 1209 1023 enlm
1238 964 1313 1023 uler-

140 1079 203 1146 que
230 1059 281 1125 xci
314 1056 467 1140 ἀφέλειαν
501 1056 683 1123 emendavit
713 1065 745 1123 et
775 1076 927 1145 persaepe
958 1057 1033 1125 alibi
1062 1058 1174 1127 eadem
1209 1059 1312 1129 menie

140 1162 251 1232 eodem
283 1159 424 1229 remedio
455 1169 566 1227 sanata
598 1171 657 1227 est.
712 1162 780 1244 Quo
816 1164 919 1247 magis
948 1164 1050 1232 miror
1079 1173 1145 1233 tam
1178 1176 1310 1254 apertam

141 1268 372 1337 correctionem
398 1264 509 1352 lugere
540 1268 681 1352 potuisse
712 1266 860 1334 Editores
884 1268 916 1333 in
946 1268 1097 1337 isocratis
1126 1272 1311 1363 Panegyrico

140 1374 165 1466 3
195 1381 247 1441 11.
269 1378 411 1441 τοσοῦτον
434 1370 677 1453 διημαρτήκασιν
700 1369 758 1442 ὅτε
785 1374 856 1447 τοὺς
886 1376 958 1456 τρδς
990 1375 1164 1457 ὑπερβολὴν
1194 1403 1314 1455 cenom·

140 1483 247 1562 μένους
271 1479 344 1562 πρὸς
370 1478 440 1550 τοὺς
459 1476 585 1554 ἀγῶνοις
609 1479 678 1550 τοὺς
701 1478 768 1559 περὶ
788 1485 847 1544 τῶν
868 1480 948 1546 ἰδίειν
968 1482 1170 1561 συμβολαίων
1193 1489 1315 1550 omri·

141 1613 207 1664 σιν,
232 1583 331 1667 ὥσπερ
351 1584 459 1663 ὁμοίως
480 1581 544 1648 δέον
563 1582 757 1665 ἀμφοτέρους
775 1583 860 1666 ἔχειν
883 1587 959 1651 ἀλλ’
975 1589 1008 1652 οὐ
1027 1587 1098 1660 τοὺς
1118 1587 1177 1666 μὲν
1199 1590 1314 1672 eisda-

140 1695 233 1768 λῶς,
252 1691 322 1764 τοὺς
346 1691 377 1755 δὲ
399 1690 615 1761 ἐπιδεικτικῶς.
652 1686 734 1768 Quid
758 1690 843 1755 enim
866 1692 988 1757 certius
1006 1699 1055 1757 est
1076 1711 1173 1779 quam
1195 1695 1316 1777 οὶφελῶς

141 1795 376 1867 emendandum
402 1814 486 1872 esse,
509 1792 594 1880 quod
615 1794 648 1857 in
676 1791 897 1860 Valckenaerii
924 1794 1126 1864 Adversariis
1156 1796 1246 1865 lass.
1268 1819 1318 1865 an·

143 1911 289 1970 notatum
320 1901 454 1987 reperio.
502 1898 539 1964 ln
558 1899 612 1974 iis,
646 1917 728 1982 quae
760 1902 912 1965 continuo
946 1911 1127 1988 sequuntur
1154 1902 1240 1989 apud
1261 1902 1317 1969 lso

141 2016 281 2077 cratem:
306 2009 324 2084 ἢ
348 2011 435 2087 σφοῖς
459 2006 515 2084 μὲν
537 2005 694 2085 διορῶντοις
717 2004 777 2078 τὰς
803 2005 1026 2086 μετριότητας,
1054 2007 1105 2075 τὸν
1133 2011 1161 2076 δ’
1192 2011 1319 2092 οὶκριβῶς

142 2113 328 2195 ἐτιςοὶμενον
350 2112 456 2189 λέγειν
480 2110 588 2181 ἁπλῶς
612 2111 666 2174 οὐκ
693 2107 732 2175 ἂν
761 2109 925 2190 δονοὶμενον
951 2115 1066 2189 εἰπεῖν,
1099 2133 1140 2182 ne
1171 2114 1250 2182 llaec
1278 2116 1319 2181 in·

144 2221 230 2288 sulse
252 2227 284 2285 et
307 2215 474 2303 pueriliter
500 2212 640 2278 dicta'et
668 2216 842 2300 composita
869 2216 1054 2297 videantur,
1082 2238 1230 2307 enpunge
1253 2217 1321 2285 ulti·

142 2345 232 2393 mum
256 2320 445 2388 vocabulum
465 2319 576 2395 εἰπεῖν,
599 2317 684 2404 quod
708 2339 802 2386 nemo
826 2330 989 2401 nostrum,
1012 2322 1131 2391 nedum
1151 2325 1321 2403 Isocrates,

141 2433 176 2498 in
202 2429 257 2496 tali
281 2446 317 2493 re
338 2444 491 2511 umquam
514 2422 697 2491 addidisset.

189 2536 288 2603 Nemo
312 2531 455 2609 dubitet,
479 2530 557 2616 quin
577 2528 666 2597 loeda
686 2532 869 2619 corruptela
890 2534 980 2601 nobis
1000 2554 1133 2601 manum
1153 2534 1322 2604 abscondat

141 2640 334 2730 Antiphanis
357 2635 442 2724 apud
465 2635 579 2703 Athen.
604 2657 633 2724 p.
659 2642 734 2703 538.
758 2637 795 2704 F.

322 2745 375 2812 τδν
395 2741 531 2823 κοὶροιβον
554 2744 586 2809 δὲ
609 2742 694 2808 τόνδε
717 2744 790 2825 πρὸς
809 2745 868 2817 τὰς
891 2745 1036 2823 μαινιδας

324 2850 451 2922 οὶτοδος.
476 2848 587 2930 ταχύς
606 2873 665 2927 γε,
691 2849 723 2923 νδ
748 2849 818 2915 Δί’.
842 2847 863 2915 ὦ
885 2856 964 2927 Ζεῦ,
985 2851 1034 2924 τίς
1058 2876 1133 2919 τοτε

323 2953 345 3021 ὦ
367 2955 588 3034 Καλλιμέδων,
612 2980 646 3019 σε
666 2954 807 3020 κατέδετ’
831 2952 900 3037 ἄρτι
923 2963 982 3023 τῶν
1007 2959 1124 3039 <cliton

322 3060 418 3133 οὐδεὶς
442 3056 473 3132 ὃς
496 3059 535 3126 ἂν
554 3061 599 3138 μὴ
622 3062 775 3142 κατατιθῇ
797 3060 856 3134 τοὶς
880 3062 1059 3142 συμβολάς.

143 3168 217 3256 quis
240 3166 324 3232 enim
346 3163 429 3230 lerre
453 3173 556 3250 potest
580 3163 648 3246 ἄρτι
672 3165 856 3231 κατέδεταιῖ
894 3165 1046 3254 Suspicor
1070 3168 1103 3233 in
1125 3177 1322 3237 ΛΡΤΙΤΩΝ

143 3273 330 3341 delitescere
356 3279 569 3337 neuzTnN:
593 3271 641 3343 τίς
663 3272 738 3336 ποτέ
756 3308 802 3321 -
822 3296 857 3337 τε
879 3274 1019 3338 κατέδετ’
1042 3274 1168 3354 cneco,
1192 3295 1256 3361 quc
1279 3296 1324 3343 re·

141 3389 234 3466 cepto
266 3377 358 3458 φίλος
390 3373 632 3441 rescribendum
661 3375 741 3451 erit,
776 3376 933 3443 ascribis
964 3378 996 3442 in
1027 3380 1129 3461 φίλων
1161 3380 1326 3461 relictum,

142 3492 310 3574 postquam
335 3489 533 3551 ΑΡΙΣΤΩΝ
558 3481 589 3545 in
613 3479 682 3562 ἄρτι
706 3488 764 3546 τῶν
788 3481 919 3548 abierat.

189 3587 282 3677 Apud
305 3583 520 3672 Antiphanem
545 3584 659 3651 Athen.
682 3606 711 3673 p.
735 3591 812 3654 597.
836 3587 872 3653 Α.

277 3699 337 3760 τῶν
356 3697 438 3759 ταῶν
459 3692 517 3771 μὲν
540 3693 579 3764 ὡς
600 3688 691 3768 οἵταξ
709 3717 757 3766 τις
779 3692 890 3774 ζεῦγος
911 3694 1034 3773 ἤγαγεν
1058 3694 1167 3775 μόνον,

142 3809 229 3869 recte
259 3799 340 3866 vidit
368 3795 571 3882 Hirschipius
603 3797 807 3865 scribendum
839 3819 909 3865 esse
937 3799 1092 3880 ἤγαγ’ἓν
1118 3803 1324 3881 pereuntia

141 3926 187 3973 rs.
210 3911 240 3971 5.
263 3906 317 3971 ἐάν
337 3929 384 3978 τις
407 3900 461 3968 ἕνα
483 3902 572 3983 μόνον
596 3903 692 3983 ζκτῶν
716 3904 772 3986 ἴδρ.
821 3906 885 3972 lloc
910 3927 1035 3994 quoque
1064 3908 1179 3984 vitium
1213 3919 1324 3985 natum

141 4019 187 4079 cst
212 4013 434 4101 exscriptore
460 4018 638 4085 HrArEN.
