2940 5010
630 300 694 371 453

106 480 198 551 dlter
229 481 449 570 Xenophontis
472 480 581 560 locus,
617 478 672 547 ubi
699 478 745 546 ὅτι
775 495 849 547 curn
875 482 1035 548 inlinitivo
1058 480 1250 548 coniunctus

57 588 228 668 occurrit,
252 589 285 655 iu
305 587 477 656 Helleuicis
499 588 620 673 legitur
639 587 679 653 ll.
704 608 736 652 u.
762 590 792 651 λ.
818 588 900 660 είδὼς
931 584 994 654 ίτο
1017 584 1076 670 ίοῳ
1098 587 1138 652 ἂν
1161 590 1249 655 τλεί-

57 720 110 771 ονε
133 701 329 775 συλλεγῶσιν
349 695 393 769 είς
417 695 452 760 τὸ
476 691 538 764 nisu
561 692 614 759 κοί
635 693 687 758 τὸν
711 696 842 775 Πειροιιοῖ
863 695 974 759 dassen
993 700 1053 759 τῶν
1071 694 1250 769 ἐπιτηδείων

56 802 176 870 ἔνδειον
199 798 381 875 ἔσεσθον,
406 798 461 865 sed
486 797 694 865 manifestum
717 798 823 864 iubis
846 799 962 865 vitium
980 798 1244 885 deprehenditur.

59 904 184 995 Nempe
216 924 257 971 ue
289 905 492 971 damnaretis
524 902 654 989 quidem
688 903 766 969 baec
801 912 869 981 est,
904 905 1054 991 quoniam
1088 904 1171 977 εἰδὼς
1204 900 1250 970 ίτι

59 1012 162 1081 blata
183 1008 281 1077 ἔσοιτο
304 1008 424 1076 Graece
444 1009 584 1085 dieitur,
608 1008 662 1075 sed
683 1010 766 1083 εἰδὼς
791 1010 1045 1076 {abscondamini
1067 1029 1130 1075 neu
1154 1009 1251 1085 item,

59 1114 120 1185 sed
140 1115 247 1203 turpis
267 1122 317 1181 est
336 1114 543 1182 soloecismus
563 1134 622 1202 pro
638 1115 721 1190 είδὼς
743 1114 858 1181 inlatae
877 1117 1031 1196 ἐσομένην.
1080 1114 1252 1201 Sequiores

57 1240 159 1311 saepo
182 1217 365 1287 istiusmodi
395 1220 621 1287 soloecismum
651 1221 882 1300 committunt,
917 1220 1048 1288 Veteres
1075 1220 1152 1287 talia
1188 1240 1251 1285 uon

57 1332 220 1417 peccaut,
255 1345 360 1412 neque
391 1326 424 1391 in
448 1323 712 1412 frequentissimo
738 1346 799 1391 nsu
822 1325 911 1392 uerbi
937 1328 1046 1393 είδένοοι
1071 1345 1146 1393 cum
1180 1345 1253 1413 par-

57 1432 177 1521 ticipio
199 1430 366 1497 coniuncti
390 1438 516 1517 poterat
540 1431 580 1497 iis
604 1430 801 1497 huiusmodi·
819 1430 897 1519 quid
922 1430 1182 1518 imprudentibus
1204 1452 1255 1497 ex·

57 1536 185 1607 cidere.
233 1536 312 1618 Quis
335 1555 471 1615 eorum,
495 1537 552 1623 qui
578 1535 700 1623 aliquot
725 1538 899 1624 scriptores
931 1538 1054 1603 Atticos
1086 1557 1149 1604 nou
1174 1536 1255 1602 iudi·

54 1642 203 1731 ligeuter
223 1640 433 1719 lectitarent,
457 1641 578 1729 impelli
604 1662 759 1729 umquam
777 1644 897 1729 poterit
921 1652 958 1709 ut
986 1642 1097 1709 credat
1121 1645 1153 1708 iu
1179 1651 1254 1708 noto

55 1746 247 1817 Anabatenos
270 1744 355 1812 loco:
388 1748 479 1813 οίλλίο
502 1749 666 1831 Φιλοσίφῳ
693 1750 751 1828 μὲν
775 1748 896 1823 ἔοικοις,
928 1746 950 1813 ὦ
977 1750 1138 1828 νεοινίσκε,
1162 1748 1253 1829 ίοίι

53 1854 168 1937 μέντοι
198 1852 326 1928 dederes
362 1852 429 1929 ὤν,
463 1853 532 1917 sine
564 1850 746 1919 foedissimo
770 1853 957 1920 soloecismo
985 1854 1111 1929 οίοίητος
1147 1850 1253 1920 sisar

56 1960 130 2029 dici
151 1956 321 2047 potuisset
369 1956 480 2044 ltaque
511 1958 543 2022 iu
566 1958 786 2045 Xenophontis
813 1958 882 2025 loco
909 1958 1005 2024 verba
1034 1962 1117 2033 εἰδὼς
1139 1956 1185 2025 ὅτι
1209 1998 1256 2009 —-

55 2066 187 2135 ἔσεσθον
210 2061 363 2131 mendosa
385 2082 455 2129 esse
476 2070 622 2130 constat:
655 2063 733 2150 quid
756 2065 800 2130 sit
829 2065 1006 2149 genuinum
1029 2085 1091 2130 non
1115 2072 1254 2152 expeto,

57 2168 119 2239 sed
146 2176 180 2237 ct
206 2167 269 2235 alio
297 2167 455 2255 quaedam
488 2169 599 2234 insunt
631 2170 827 2256 suspiciosa,
865 2178 901 2235 ut
930 2171 1087 2235 omissum
1120 2170 1254 2252 τοσούτῳ

57 2276 104 2345 ad
127 2277 262 2353 θᾶττον,
293 2272 503 2361 quamobrem
535 2273 743 2340 vehementer
772 2284 961 2361 corruptum
994 2295 1063 2343 esse
1087 2274 1192 2341 locum
1221 2284 1254 2341 et

61 2377 291 2469 interpolatum
317 2398 356 2445 ex
385 2378 531 2465 reliquiis
552 2380 704 2465 antiquae
727 2379 874 2446 lectionis
892 2381 1055 2467 suspicor,
1081 2382 1112 2446 in
1135 2380 1254 2466 quibus

62 2482 335 2555 reconcinuaudis
364 2484 476 2551 critici
510 2504 639 2571 operam
671 2483 846 2571 perdimus.
896 2485 981 2552 Satis
1004 2487 1067 2551 erit
1099 2486 1126 2552 si
1159 2506 1254 2552 nemo

67 2590 181 2658 natm
209 2590 373 2678 scriptura
404 2590 444 2656 ad
472 2589 585 2656 lalsam
618 2590 799 2677 opinionem
834 2590 1057 2657 stabiliendam
1089 2591 1252 2657 abutetur.

70 2694 105 2761 lit
125 2694 322 2787 Cyropaedia
345 2695 369 2761 Ι.
394 2716 434 2761 vt.
461 2700 514 2762 18.
546 2696 652 2773 λέγεις
676 2696 735 2772 σιί,
760 2694 845 2779 ἔφη,
878 2694 899 2761 ὦ
930 2695 1051 2779 τοίτερ,
1082 2693 1128 2762 dri
1152 2694 1252 2777 ὥσπερ

76 2800 134 2867 ult
153 2807 292 2883 γεωργοῦ
314 2802 412 2882 οίργοῦ
435 2801 518 2866 οὐδὲν
546 2800 659 2883 ὄφελος
683 2800 776 2875 οὕτως
799 2804 865 2869 οὐδὲ
888 2807 1045 2885 ςροοτηγοῦ
1068 2806 1165 2883 spese
1191 2805 1252 2887 [οὐ-

78 2900 118 2969 tta
139 2904 252 2989 ίφολοε
281 2903 398 2994 elaad,
432 2905 520 2971 scioli
553 2905 755 2993 frequentem
778 2917 810 2973 et
834 2907 1010 2992 elegantem
1048 2908 1173 2994 ellipsin
1206 2908 1253 2972 sic

83 3008 276 3095 numerent
302 3018 339 3077 ut
359 3011 584 3077 soloecismum
608 3012 807 3077 inveherent.
854 3014 921 3078 Nou
948 3015 1057 3078 minus
1081 3012 1254 3079 mendosus

83 3118 121 3177 ιιι
135 3116 223 3185 loeas
242 3117 275 3183 iu
297 3115 462 3183 Alcibiade
486 3117 509 3182 l.
535 3138 565 3203 p.
591 3122 653 3183 105
679 3118 718 3182 Ε.
744 3117 798 3181 ribi
820 3138 906 3184 stunc
926 3117 1055 3204 quidem
1081 3119 1160 3183 satis
1182 3139 1254 3183 eon·

79 3216 134 3283 nar
153 3220 267 3289 verba:
308 3220 511 3309 [ἐνδείξασθαι
535 3219 581 3287 ὅτι
605 3225 687 3305 αὐτῇ
712 3226 828 3297 παντὸς
853 3222 937 3300 ίιξιος
959 3220 1008 3297 εί,
1043 3222 1254 3302 ἐνδειξάμενος

74 3308 197 3415 ηὸτι]
224 3328 308 3395 οὐδὲν
330 3324 396 3392 ὅτι
421 3330 454 3391 οὐ
479 3330 660 3408 nepaesinae
679 3329 892 3413 >vadosa-inl,
917 3327 1001 3393 mala
1025 3348 1124 3394 mauu
1145 3327 1254 3394 addita

68 3430 135 3495 “te
165 3442 198 3499 et
231 3433 264 3497 in
288 3432 358 3518 ipsa
393 3432 638 3519 interpolatione
673 3433 719 3499 ὅτι
747 3434 826 3498 vitio
858 3443 970 3498 uatum
1004 3454 1073 3499 esse
1106 3435 1254 3500 meliores

65 3522 166 3605 ¹⁰'les
184 3536 420 3605 demonstrant.
467 3536 638 3604 blendosns
659 3549 707 3606 est
731 3538 821 3605 locus
844 3538 985 3604 Platonis
1006 3543 1038 3604 in
1062 3540 1201 3625 Legibus
1214 3541 1251 3605 x.

59 3636 84 3705 d
110 3642 247 3711 8921).
280 3638 366 3709 είντον
397 3640 455 3709 ὅτι
487 3650 603 3725 πρῶτον
628 3646 684 3723 ἐμὲ
706 3652 844 3727 χρῆνοιι
875 3647 1075 3727 πειραθῆναι,
1107 3647 1162 3731 qui
1191 3666 1252 3710 uon

60 3742 130 3807 Μ)
156 3748 250 3815 modo
272 3748 392 3833 corrigi
417 3757 543 3834 potest,
568 3747 623 3815 sed
648 3751 736 3815 sica
763 3748 894 3815 Platone
918 3751 1062 3837 scriptus
1092 3770 1161 3817 esse
1191 3772 1252 3816 nou

59 3846 182 3921 Meet.
229 3852 384 3940 Suspicor
406 3853 452 3920 ίτο
474 3891 519 3903 -
543 3856 631 3937 χρείη
665 3874 778 3921 verum
809 3875 879 3921 csse
902 3864 935 3921 et
958 3857 990 3921 iu
1017 3856 1118 3921 lorma
1141 3857 1252 3937 χρείη.

60 3946 94 4005 ll
126 3958 248 4039 solent,
281 3958 454 4027 Graeculos
486 3959 598 4026 turbas
633 3958 767 4027 dedisse.
816 3960 984 4026 blendosns
1016 3969 1065 4026 est
1098 3961 1186 4026 locus
1220 3963 1251 4025 iu

64 4042 180 4153 ὓδωρ.
199 4064 238 4131 V.
263 4086 303 4131 ut.
329 4072 358 4130 1.
393 4066 531 4145 ἐνόμισεν
562 4064 636 4152 [ὅτι]
670 4065 699 4131 εί
719 4091 750 4132 τι
784 4064 869 4141 οὗτος
892 4066 981 4131 τοίίοι
1008 4068 1101 4139 οούτὸς
1125 4066 1163 4132 ἂν
1194 4083 1253 4132 λοι·

14 4158 17 4166 ’
73 4152 139 4235 βῑῑν
159 4170 289 4248 τοίντοο,
313 4169 368 4237 scd
398 4168 443 4236 ίτι
474 4190 512 4237 ex
544 4169 761 4258 dittographia
795 4181 906 4237 natum
941 4171 1158 4238 inducendum
1192 4182 1251 4237 est.

76 4258 173 4345 ffidtilo
212 4277 324 4343 sanius
365 4286 415 4343 esl
450 4278 482 4342 iu
516 4275 627 4342 eadem
670 4283 699 4365 §.
734 4280 853 4344 κελεύει
885 4280 991 4355 λέγειν
1026 4280 1068 4359 τῷ
1104 4279 1257 4360 Ἀσσυρίῳ·

85 4366 122 4441 ίῖι
148 4384 173 4450 εί
204 4383 346 4463 βούλοιτο
383 4383 554 4463 ἕνεδρεῦτοοι
589 4385 741 4462 λαβεῖν
777 4384 826 4449 ἂν
857 4386 909 4449 τὸν
944 4384 1112 4457 Γοοδοίτοιν,
1149 4404 1253 4470 neque

1029 4497 1055 4532 ab
