2940 5010
701 264 763 327 122

266 438 400 523 ἐκπεπθρ
417 437 508 513 δέκας
532 439 601 520 πρὶν
623 439 745 513 ἀγαθοῦ
770 442 876 519 πρῶτα
900 435 1039 516 δαίμονος
1061 438 1177 517 λαβεῖν

267 547 336 627 πρὶν
360 545 433 618 Διὸς
454 552 605 626 σωτῆρος,

130 648 264 720 emenda
284 651 501 729 innantium
525 655 558 717 et
579 646 687 715 omnia
714 656 810 716 erunt
830 647 1018 727 sanissima,
1040 655 1076 715 ut
1098 648 1185 737 apud
1211 646 1302 715 Euho-

132 754 556 842 tontinhuscen.
594 832 596 836 Α
1083 820 1087 827 ,

312 858 475 938 ἐξεπθδκσ’
498 861 608 942 ἀρτθως
633 859 795 929 πέττουσα4
814 862 867 927 τὸν
890 859 1042 942 χαρθσιον.

174 965 383 1036 hinesimachi
406 964 496 1033 locus
519 973 568 1033 est
591 963 677 1052 apud
700 963 816 1033 Athen.
841 985 872 1053 p.
898 969 975 1033 405.
999 964 1036 1031 Α.

356 1070 491 1152 μέμνητ’
513 1068 537 1136 ἀ
559 1070 663 1150 λέγω.
689 1069 819 1154 πρόσεχ’
842 1066 885 1146 ola
908 1068 1038 1155 φράζω.

352 1174 488 1260 χάσκεις
510 1174 625 1254 αάτθςς
649 1176 770 1258 βλέψον
792 1176 885 1259 δευρθ.

130 1280 341 1349 Athenienses
362 1281 395 1347 in
418 1278 474 1346 tali
494 1299 530 1348 re
548 1300 612 1347 non
634 1280 784 1349 dioehant
802 1282 914 1358 αθτθς,
938 1279 1025 1368 quod
1045 1279 1092 1347 sic
1113 1280 1251 1367 positum
1272 1280 1310 1349 ui·

129 1386 174 1453 lril
195 1385 366 1473 significat.
398 1385 529 1472 Corrige
546 1385 682 1468 χάσκεις
700 1383 807 1465 odron
832 1406 897 1475 qua
915 1387 1076 1455 locrrtione
1092 1386 1171 1474 quid
1192 1385 1311 1454 notius?

174 1492 299 1559 Vitium
320 1511 339 1558 a
360 1490 488 1558 Criticis
510 1490 746 1578 deprehensum
766 1490 823 1561 sed
847 1510 909 1559 non
936 1491 1099 1561 snhlatum
1123 1499 1174 1558 est
1196 1491 1232 1558 in
1252 1510 1314 1559 ver·

128 1598 179 1665 his
202 1596 398 1665 Philemonis
419 1597 506 1684 apud
529 1594 650 1665 Polluc.
672 1598 713 1667 X.
736 1601 811 1665 164.

309 1702 371 1781 tyn
395 1703 459 1785 γάρ
481 1703 514 1777 ές
536 1704 593 1781 τὴν
615 1705 773 1787 χλαμύδα
796 1701 969 1783 κατεθέμην
993 1703 1069 1770 ποτέ

309 1809 362 1876 καὶ
386 1810 439 1874 τὸν
462 1809 608 1875 πέτασον.

131 1936 194 1984 nna
222 1913 367 1983 litterula
394 1923 539 1982 correcta
569 1913 675 1982 scribe
701 1916 740 1989 θς
764 1916 819 1991 σὺν
841 1912 1000 1996 χλαμύδα
1030 1913 1204 1996 κατεθέμην
1227 1915 1317 1992 ποτέ,

130 2022 163 2088 id
187 2028 236 2089 est
256 2029 419 2109 postquem
442 2020 626 2089 excernere
649 2019 793 2106 optetis,
818 2026 855 2084 ut
879 2018 1052 2087 Terentius
1078 2019 1226 2088 dixisset.
1260 2018 1317 2086 tto

130 2135 200 2194 tum
219 2135 269 2194 est
288 2128 347 2193 τῶν
367 2125 497 2209 ἐφήβων
519 2123 650 2209 φθρκμα
669 2128 688 2202 ἢ
708 2126 859 2207 χλαμύσι
884 2123 970 2193 unde
989 2125 1076 2193 inter
1099 2146 1133 2194 se
1156 2143 1318 2213 opponun-

129 2241 184 2300 tur
204 2233 319 2314 λαβεῖν
341 2232 398 2308 τὴν
420 2232 579 2314 χλαμύδα
597 2238 631 2298 ιιι
650 2229 858 2308 καταθέσθαι,
884 2236 919 2297 nt
936 2251 1051 2317 ροιιοοο
1070 2238 1270 2318 praetextam
1288 2237 1320 2297 ct

129 2359 251 2404 sumere
274 2346 378 2425 θοροιιι
399 2335 533 2403 uirilem.
579 2334 737 2421 conpara
759 2332 925 2404 Alexidem
950 2335 1106 2405 Athenaei
1130 2356 1162 2425 ρι
1183 2337 1261 2404 240.
1284 2334 1317 2403 u.

308 2441 378 2522 πρὶν
401 2442 604 2524 ἐγγραφῆναι
628 2441 681 2508 καὶ
704 2441 821 2521 λαβεῖν
843 2441 879 2508 πθ
902 2441 1090 2525 χλαμύδιον.

128 2546 221 2636 Apud
245 2544 410 2634 Diphilum
433 2544 549 2612 Athen.
573 2562 604 2632 p.
633 2547 706 2612 tre.
730 2545 768 2613 n.

348 2648 388 2717 ἀν
412 2650 594 2733 Βυζαντίους
618 2649 767 2741 (καλέσας
789 2651 842 2720 ἐπὶ
865 2651 1017 2741 δεῖπνον),

353 2756 482 2839 ἀψινθθῳ
505 2755 655 2831 σπθθκσον
678 2753 737 2824 ὅσα
760 2760 794 2837 γ’
817 2755 857 2824 ἀν
881 2760 1070 2843 παρατιθῇς,

129 2867 274 2951 ineptum
298 2869 348 2928 est
369 2885 409 2940 νε
429 2869 463 2931 et
487 2862 584 2931 metri
611 2861 770 2931 fulcrum:
802 2862 944 2931 rescribe
968 2861 1042 2931 άππ·
1067 2860 1107 2929 dv
1135 2866 1315 2949 παρατιθῇς.

128 2965 384 3038 Ostendamalio
406 2964 475 3035 loco
496 2987 596 3055 quam
617 2987 711 3054 saepe
733 2964 873 3037 ἀππαοι
895 2967 983 3037 ἀππα
1001 2967 1043 3036 ah
1061 2966 1202 3039 indoctis
1216 2969 1317 3038 drac-

127 3072 210 3142 culis
233 3074 265 3140 in
288 3073 350 3141 alia
373 3072 482 3141 omnia
504 3070 626 3140 tuerint
649 3081 844 3159 permutato.

173 3179 258 3246 Vera
287 3177 382 3246 lectio
412 3177 511 3247 simul
540 3186 670 3265 reperte
698 3186 732 3247 et
762 3198 824 3247 non
855 3186 982 3267 reperta
1005 3186 1055 3246 cst
1078 3176 1112 3246 in
1137 3177 1317 3268 fragmento

127 3284 246 3374 Diphili
268 3284 353 3372 apud
376 3282 492 3353 Athen.
516 3300 547 3371 p.
566 3286 647 3353 292.
668 3282 706 3350 Ε.

307 3391 421 3460 σαοτθν
442 3387 613 3467 ἀποσάξεις
635 3387 689 3457 σθυ
710 3413 748 3457 τε
770 3387 886 3459 ιιθλπου
907 3391 1104 3475 ἀποτρέχων.

127 3495 333 3563 Gasauhonus
361 3492 499 3563 feliciter
529 3502 642 3582 poetae
668 3513 803 3563 manum
833 3497 953 3583 reperit
983 3481 1111 3565 σαυτὸν
1126 3492 1319 3575 ἀποσάξεις,

125 3598 182 3668 scd
206 3598 252 3665 nil
275 3598 419 3686 proderit
441 3598 501 3667 tihi
524 3607 583 3667 aut
609 3600 738 3669 comico
765 3601 795 3668 si
817 3600 946 3687 putahis
973 3599 1146 3680 ἀποσάξεις
1173 3599 1318 3690 intpleht'o

126 3703 324 3790 significare,
348 3703 433 3792 quod
460 3704 656 3775 ldeinelrium
687 3705 874 3774 existimare
900 3705 1004 3774 rideo.
1049 3706 1220 3776 Contraria
1239 3712 1318 3775 sunt

126 3806 307 3883 ἐπιπάττειν
336 3819 369 3879 et
397 3809 606 3889 ἀποσάπσειν,
639 3808 910 3900 quemadmodum
940 3813 1146 3898 έπιφιρπθζειν
1177 3820 1212 3881 et
1238 3811 1317 3881 ἀπο·

125 3915 298 4000 φορτιζειι,
320 3936 403 4004 qnae
432 3917 518 3987 idem
545 3917 747 4006 significant,
778 3938 894 4006 nempe
916 3920 951 3988 πθ
979 3917 1112 3999 νάγμα,
1133 3919 1172 3986 πθ
1192 3917 1318 4004 φορπθοκ

125 4023 291 4091 ἐπιτιθέναι
313 4032 346 4091 et
375 4025 532 4109 ἀφαιρεῖν.
577 4024 691 4114 Itaque
719 4022 890 4103 ἀποσάξεις
918 4032 968 4093 est
996 4024 1198 4102 αωοιιοιιλθθι.
1231 4022 1316 4113 qued

126 4148 223 4215 quam
243 4128 323 4197 hene
342 4129 446 4198 furaci
465 4150 566 4218 coquo
578 4132 769 4211 conueniat,
789 4131 846 4220 qui
865 4132 947 4200 cihis
966 4132 1188 4220 ingurgitatus
1207 4131 1319 4201 sinum

125 4235 223 4310 furtis
243 4234 402 4323 repletum
427 4235 576 4305 retulerit
598 4235 728 4305 domum
752 4240 831 4305 satis
851 4239 1060 4328 perspicuum
1080 4238 1195 4327 opinor
1210 4256 1296 4311 ¹ense.

169 4341 314 4415 Donatus
335 4343 478 4412 Terentii
496 4342 654 4435 Hecyram
672 4344 888 4437 interpretans
910 4345 1064 4417 nonnulla
1083 4344 1205 4413 Graeca
1226 4341 1322 4436 Apol·
