2940 5010
702 281 766 343 487

139 458 238 548 Apud
267 456 422 525 Achillem
448 454 576 521 'l'ntium
603 454 657 521 1v.
686 459 737 521 tn.
770 473 871 540 aequo
900 455 1008 520 animo
1036 454 1146 522 ierunt
1168 456 1326 526 editores:

138 565 182 633 sir
213 564 246 632 il
279 562 477 643 δινμντὶις
507 565 598 640 γενοῦ
637 562 697 627 τῶν
725 560 808 627 όεόων
836 559 1036 640 μηνυμάτων.
1084 560 1175 630 Satin
1207 566 1327 653 perspi·

138 688 242 739 cunm
264 677 313 736 cst
336 667 491 747 ἐξηγητής
516 664 614 733 scribi
633 664 804 752 oportere?
852 665 936 731 Tum
957 669 1118 746 Διηχιιτὴς
1139 667 1242 735 ohiter
1262 672 1327 738 exi·

138 794 197 845 mc
217 796 237 843 e
259 774 406 851 lexicis,
432 792 507 839 nem
531 770 592 838 hoc
612 772 679 838 solo
702 771 770 838 loco
791 769 885 835 nihili
907 770 1097 837 vocabulum
1120 774 1246 840 nititur.

187 880 225 949 ln
250 884 345 963 §hh
376 882 410 946 οὐ
434 878 498 961 sep
518 875 614 944 isarel
637 874 755 942 ἐδόκουν
772 873 849 942 εἷνοιι
869 879 895 943 ol
917 878 948 941 ἐν
964 886 1004 962 πῇ
1023 878 1187 961 οὶιιροπόλει
1209 889 1328 964 σχεῖν

139 986 216 1061 τοὺς
238 984 372 1068 ἄνδρες,
395 984 537 1071 speciose
566 981 739 1049 admodum
764 991 811 1049 est
843 982 960 1049 Nuberi
991 985 1131 1071 suspicio
1153 984 1255 1068 όσχειν
1279 1006 1328 1055 re·

139 1091 302 1181 ponemis.
349 1089 457 1156 Palem
481 1097 531 1156 est
551 1087 638 1155 unde
659 1089 776 1154 vitium
799 1088 842 1154 sit
866 1097 989 1154 natum.

190 1196 229 1264 ln
251 1200 342 1283 §22
374 1194 551 1263 Graeculus
574 1191 615 1260 ed
639 1192 735 1260 verba
758 1195 843 1259 θέσθε
865 1194 909 1260 σοὶ
937 1190 1023 1260 όσλοι
1047 1196 1077 1260 ἐν
1099 1193 1189 1273 τάξει
1208 1200 1249 1271 ὡς
1270 1197 1327 1265 τό·

139 1326 227 1385 χιςω
247 1300 436 1389 adscripsit:
465 1299 664 1388 [βουλόμενος
690 1299 804 1373 αὐτοὺς
833 1299 1077 1388 κοιπιιρεμόοοιι],
1100 1309 1133 1367 et
1157 1300 1241 1368 idem
1265 1311 1329 1370 sla·

142 1408 207 1475 tim
229 1405 271 1474 nd
302 1406 370 1473 ἐπεὶ
401 1408 432 1473 δὲ
462 1405 559 1473 ἔκειτο
582 1407 625 1471 τοὶ
655 1401 742 1472 όπλοι
771 1403 896 1471 addidit
922 1405 989 1493 [ιιοιὶ
1020 1407 1330 1498 νοοτνρεμόσόησιιν],

141 1520 197 1581 en
216 1520 326 1580 sutem
357 1530 396 1578 ee
428 1510 562 1598 puerilis
595 1510 821 1596 interpretatio
843 1510 877 1575 in
901 1530 958 1589 re,
990 1529 1073 1597 quae
1105 1510 1178 1579 luce
1212 1513 1330 1580 clarior

140 1626 195 1687 est
216 1616 383 1694 omnihus,
407 1617 463 1704 qui
484 1615 615 1703 quidem
638 1613 821 1698 intelligant
838 1615 916 1701 quid
940 1617 983 1683 sit
1005 1617 1107 1684 όέσόιιι
1127 1618 1172 1684 τοὶ
1193 1616 1280 1685 όσλιο
1296 1628 1329 1687 et

140 1722 190 1790 τὸ
210 1720 298 1790 issa
328 1722 447 1800 ἔκεισο,
479 1731 646 1811 praeterea
677 1721 811 1788 verbum
838 1721 1032 1805 ιισιτιιρεμίζω
1062 1722 1173 1789 multis
1197 1722 1329 1791 demum

141 1835 217 1915 pont
236 1827 479 1916 Xenophontem
503 1826 663 1894 aetatibus
687 1837 799 1893 natum
823 1836 883 1893 est.
930 1828 967 1894 ln
992 1833 1010 1914 §
1032 1833 1086 1894 24.
1108 1831 1145 1895 τὸ
1168 1831 1200 1896 δὲ
1219 1822 1329 1912 χωρίον

141 1928 204 2001 οἷον
230 1936 380 2003 utinm
414 1931 656 2011 ἐκτάξασθαί
690 1936 753 2002 ἐςιν
788 1932 923 1999 emenda
953 1932 1160 2011 ἕνσόξιισόοιι,
1195 1934 1234 2002 de
1265 1955 1329 2021 qno

143 2058 265 2125 genere
286 2038 437 2127 loquendi
458 2060 557 2126 supra
577 2037 729 2105 nonnulle
753 2036 907 2105 diximus.
932 2038 1022 2120 Quod
1042 2039 1162 2126 legitur
1184 2040 1217 2106 in
1242 2043 1328 2125 §ht

144 2146 236 2225 ilaris
260 2146 368 2227 γὰροὶ
388 2148 544 2222 Ἀθηναῖοι
577 2147 749 2223 ἥλόομεν
784 2146 841 2217 εἷς
870 2144 937 2209 τόν
968 2144 1145 2225 πόλεμον
1175 2147 1228 2212 τὸν
1255 2149 1329 2229 πρὸς

143 2250 406 2331 Λακεδαιμονίους
438 2253 490 2317 sal
522 2252 593 2325 τοὺς
623 2248 815 2331 συμμόχους
846 2246 973 2330 ἔχοντες
1006 2252 1135 2333 τριήρεις
1168 2252 1227 2331 μέν
1262 2254 1329 2320 xri.

145 2356 277 2443 egregie
304 2354 381 2423 lecit
411 2356 451 2422 nd
479 2354 706 2422 vindicandam
738 2355 938 2420 verissimum
963 2357 1158 2442 scripturam
1183 2358 1216 2423 in
1239 2357 1329 2425 Thu·

145 2459 275 2551 cydidis
302 2462 463 2549 prooemio
493 2460 686 2543 όκμόζοντέι
711 2484 745 2526 τε
777 2458 870 2542 ᾖσσον
901 2463 932 2535 ἐς
963 2464 1057 2528 οιὺτόν
1090 2462 1155 2550 (τὸν
1179 2464 1331 2547 πόλεμον)

146 2586 224 2655 prae
248 2565 334 2635 lutili
360 2566 497 2635 lectione
526 2565 614 2644 ἦσαν.
643 2567 725 2633 ·Ter
755 2567 832 2631 όένοοι
862 2569 905 2640 εἷς
941 2569 1012 2641 τοὺς
1042 2567 1196 2647 πολέμους
1228 2569 1262 2634 ln
1293 2567 1331 2635 li·

147 2672 206 2741 ltro
228 2674 254 2742 l.
286 2671 487 2762 Thucydidis
518 2674 659 2740 recurrit
683 2692 754 2759 cap.
778 2676 820 2738 78
847 2680 879 2737 et
904 2677 967 2737 118
987 2682 1021 2738 et
1046 2676 1120 2740 125.
1145 2684 1178 2741 et
1200 2676 1333 2755 ἤλθομεν

145 2780 190 2855 ele
222 2780 277 2847 τόν
304 2779 443 2858 πόλεμον
472 2777 576 2845 solum
610 2778 861 2844 controuersiam
896 2776 1049 2845 dirimere
1084 2789 1200 2865 posset.
1256 2781 1332 2847 Post

145 2902 252 2973 peuce
282 2881 457 2971 Xenophon
491 2885 537 2949 ita
568 2882 649 2949 dicit
682 2886 778 2970 §hh
809 2884 1009 2963 ὑπαρχόντων
1036 2885 1068 2950 δὲ
1097 2892 1219 2951 πολλῶν
1252 2911 1332 2968 χρη-

144 2988 258 3071 ptem
294 2990 326 3055 ἒν
359 2999 399 3071 τῇ
434 2988 543 3067 πόλει,
578 2987 634 3055 sed
667 2989 700 3052 in
736 3006 774 3053 ee
806 2986 936 3073 quidem
972 3009 1007 3055 re
1042 2989 1246 3075 popularium
1283 2989 1331 3056 di·

144 3093 243 3163 cendi
275 3078 399 3161 rnorem
433 3094 572 3160 retinere
603 3093 715 3160 debuit
741 3101 774 3158 et
805 3094 835 3158 ἐν
871 3092 959 3159 πόλει
995 3092 1123 3170 dicere,
1154 3092 1185 3158 id
1215 3103 1262 3161 est
1298 3098 1330 3162 ἐν

142 3210 186 3287 τῇ
208 3200 397 3283 ἀκροπόλει,
433 3219 495 3265 non
529 3201 560 3265 ἐν
583 3210 622 3283 τῇ
654 3198 761 3274 πόλει,
797 3197 828 3263 id
855 3208 904 3264 est
929 3201 1099 3275 'Atisim
1156 3198 1330 3267 Athenien·

143 3324 199 3375 sss
229 3304 363 3373 Veteres
396 3307 467 3372 sine
509 3305 647 3374 articulo
676 3306 708 3369 ἐν
738 3302 831 3381 ἄπει,
862 3301 897 3379 ἐξ
929 3302 1050 3382 cisson,
1085 3305 1116 3369 ἐν
1152 3306 1262 3384 πόλει,
1295 3308 1331 3374 ἐν

144 3410 289 3489 πόλεως,
312 3412 355 3485 sle
387 3410 479 3477 πόλιν
502 3418 535 3477 et
557 3411 631 3477 sim.
663 3408 834 3485 dicebant,
865 3408 950 3494 quod
981 3407 1037 3473 diu
1060 3411 1165 3477 tenuit
1195 3421 1228 3477 et
1261 3422 1333 3500 post

145 3514 368 3603 Xenophontis
388 3523 526 3583 aetatem
550 3514 681 3581 demum
705 3515 825 3581 mutari
845 3523 994 3600 coeptum
1014 3524 1073 3581 est.
1119 3515 1245 3584 Novum
1268 3538 1333 3586 em·

147 3618 256 3689 hlemn
278 3622 311 3687 in
335 3622 455 3687 vicinia
478 3622 677 3708 conspicitur
699 3619 729 3687 ἔν
752 3646 788 3686 τε
807 3631 846 3703 τῇ
867 3620 962 3703 Ἀσίᾳ
986 3620 1109 3696 πολλὰς
1128 3620 1254 3704 ἔχοντες
1277 3624 1332 3691 πό·

147 3742 213 3803 λιιι
234 3728 288 3795 xci
313 3730 343 3792 ἐν
364 3738 403 3811 τῇ
427 3729 557 3809 Εὐρώπῃ
577 3725 683 3800 ἄλλοις
708 3751 744 3792 πε
772 3725 896 3800 πολλὰς
924 3726 977 3792 sel
1005 3728 1082 3794 οιύτό
1106 3733 1195 3793 τοῦτο
1216 3730 1252 3795 τὸ
1276 3742 1331 3795 Βυ·

150 3832 270 3915 ζόντισν
301 3830 376 3900 όπου
406 3838 458 3899 νῦν
491 3833 584 3912 ἐσμὲν
611 3832 786 3921 [ἔχοντες],
821 3852 884 3897 non
917 3839 1043 3898 tentum
1078 3833 1246 3900 invenuste
1275 3834 1333 3902 sed

149 3936 262 4027 putide
290 3938 463 4025 repetitum
488 3938 696 4025 participium
720 3946 790 4015 est,
813 3938 847 4001 in
868 3957 931 4023 qno
954 3936 1166 4024 expungendo
1187 3939 1333 4007 llirschi·

150 4044 240 4131 glum
267 4060 395 4109 mecum
428 4044 548 4109 sentire
579 4041 680 4107 video.
726 4042 763 4107 ln
787 4041 805 4123 §
827 4045 880 4108 28.
912 4042 1162 4121 Λακεδαιμονίων
1191 4046 1248 4122 μὲν
1277 4048 1332 4114 sal

151 4156 209 4216 πόν
228 4150 371 4232 Ἀχοιιῶν
391 4147 573 4229 συμμάχων
598 4148 820 4228 ὑποιρχόντων,
844 4148 1010 4221 Ἀθηναίων
1033 4149 1065 4213 δὲ
1093 4148 1145 4214 xci
1167 4146 1228 4217 όσοι
1252 4154 1332 4219 ἐκεί·

152 4278 209 4331 νοις
228 4256 303 4323 τότε
334 4251 411 4330 ἦσοιν
438 4253 607 4336 ου’μμοιχοι
637 4252 762 4319 πόντων
786 4253 1077 4336 προσγεγενημένων
1106 4256 1171 4320 nri.
1196 4256 1336 4325 mirifica

153 4356 230 4427 haec
261 4368 312 4429 cst
343 4360 538 4429 Achaeorum
572 4360 715 4437 mentio,
750 4380 829 4446 quos
863 4357 987 4446 expulit
1021 4358 1184 4429 llobreens
1215 4363 1336 4430 eximin
