2940 5010
710 266 775 328 672

156 438 309 517 nissime,
333 436 389 503 serl
412 456 474 503 non
496 436 604 503 minus
622 436 817 504 mordaciter
841 436 948 527 (cuius
968 439 1016 505 rei
1044 457 1195 507 summus
1213 449 1263 508 est
1283 460 1330 508 er·

154 543 246 633 tilex)
270 542 464 629 exagitatio
487 542 620 610 Menone
645 562 676 631 p.
692 547 745 610 90.
771 544 808 609 A.
840 541 895 609 ubi
920 552 1140 630 quoquosala
1162 542 1204 611 ad
1224 552 1329 613 tantas

153 670 228 738 opos
240 652 268 716 is
280 647 461 737 pervenerit
473 645 567 713 borno
585 646 728 715 urbanus
741 647 877 728 retiret,
900 647 956 715 sed
980 649 1024 715 ita
1045 657 1152 717 tamen
1173 658 1213 717 ut
1231 650 1329 719 sordi·

152 756 226 822 dius
247 754 281 820 it
308 751 473 840 opificium
497 751 596 820 luisse
620 762 652 820 et
678 773 742 820 non
765 773 822 840 pro
851 760 941 819 tanto
964 752 1023 819 lilii
1047 751 1134 822 tastu
1154 764 1189 823 et
1218 776 1330 843 snper·

149 861 202 928 bia
232 867 326 926 aonto
353 858 467 925 leotori
501 860 579 925 satis
612 857 764 925 declaret.
810 857 892 924 Hine
924 860 1045 945 optime
1075 860 1192 928 sentiri
1226 869 1329 949 potest

151 967 225 1054 quis
255 964 386 1033 aculeus
416 964 494 1030 insit
522 965 554 1029 iu
587 961 693 1030 verbis
718 962 880 1042 Platonis,
905 963 960 1031 nbi
982 966 1127 1055 baytum
1151 964 1234 1033 dioit
1255 966 1327 1051 ort,

150 1082 208 1140 scir
238 1074 488 1151 δημιουργῶν
520 1069 691 1152 οίχίίριενον
714 1067 878 1136 Socratem
913 1070 945 1135 in
975 1070 1132 1139 iudicium
1162 1070 1204 1139 du
1226 1073 1329 1160 rapte

150 1177 322 1244 adduxisse
350 1176 384 1240 in
416 1172 544 1260 Apolog.
576 1195 607 1260 p.
628 1178 681 1241 25.
706 1174 742 1240 ll.
788 1175 916 1264 Anytus
946 1176 1049 1262 igitur
1078 1175 1120 1243 etl
1142 1194 1247 1264 remp.
1279 1196 1328 1245 ae·

150 1283 247 1350 cessit
269 1290 301 1347 et
332 1297 477 1346 summos
501 1298 519 1344 a
543 1278 659 1365 populo
679 1277 815 1345 bonores
845 1278 981 1368 adeptus
1001 1289 1070 1361 est,
1094 1288 1178 1349 teste
1201 1280 1330 1351 Platone

149 1388 169 1455 l.
192 1389 213 1453 l.
236 1389 390 1468 αἱροῦνται
414 1383 530 1461 αὐτόν,
556 1385 681 1471 inquit,
706 1384 744 1471 (οί
766 1385 933 1474 Ἀθηναῖοι)
957 1386 1009 1452 ἐισί
1029 1385 1089 1461 riis
1111 1386 1255 1468 urrisu
1276 1390 1328 1471 rtr-

148 1493 228 1577 χιίς.
275 1490 406 1557 Constat
424 1508 498 1555 eum
522 1496 719 1569 ςρασηγῆοαι
740 1497 773 1556 et
789 1509 864 1556 enm
885 1491 1021 1578 imperio
1037 1490 1134 1559 classi
1151 1491 1330 1581 praefuisse

150 1597 210 1665 sub
232 1604 375 1663 extrema
400 1592 472 1660 belli
498 1593 753 1681 Peloponnesiaci
779 1604 923 1683 tempora
952 1595 1004 1662 ἐισί
1032 1597 1197 1673 Διοκλέους
1220 1596 1328 1681 ἄρχοι·

149 1728 219 1781 σοι,
243 1698 441 1791 Olympiadis
468 1699 560 1766 xutl.
594 1719 677 1766 anuo
701 1709 838 1785 quarto,
873 1700 906 1766 id
934 1709 983 1768 est
1006 1719 1089 1767 anno
1114 1707 1177 1790 403
1201 1721 1230 1770 a.
1253 1702 1324 1771 cnr.

151 1808 297 1877 Servavit
331 1805 428 1871 buius
461 1806 509 1872 rei
543 1814 663 1872 certam
697 1807 884 1871 memoriam
913 1805 1070 1873 liiodorus
1094 1806 1226 1874 Sieulus
1245 1807 1324 1877 Xlll.

149 1920 204 1983 ut.
237 1912 401 2000 Ephorum
425 1919 483 1977 aut
509 1910 747 1997 Theopompum
771 1909 965 1980 describens.
1013 1910 1260 1980 Lacedaemonii
1278 1934 1323 1981 oe·

148 2020 276 2088 oasione
299 2018 349 2083 usi
373 2014 488 2105 Pylnm
515 2016 704 2102 necopinato
725 2014 900 2095 invadunt,
924 2036 988 2103 qua
1008 2037 1044 2084 re
1073 2018 1206 2105 cognita
1235 2018 1324 2087 Athe·

148 2127 277 2192 nienses
301 2121 420 2189 anxilio
444 2121 642 2187 submittunt
662 2125 735 2194 ναῦς
755 2120 922 2201 τριάκοντα
949 2123 1002 2188 καί
1023 2124 1181 2204 §parneio
1198 2129 1323 2193 Ἀννοοι

148 2235 200 2299 σίν
226 2229 443 2307 Ἀνθεμίωνος,
477 2227 534 2313 qni
557 2245 657 2312 quum
689 2235 820 2312 propter
853 2233 1059 2313 teurpestutes
1091 2227 1227 2296 bluleam
1255 2248 1321 2317 pro·

148 2334 344 2403 montorium
364 2349 516 2417 superare
541 2351 602 2396 non
627 2331 784 2418 potuisset
809 2351 843 2398 re
873 2330 992 2399 iniecta
1013 2332 1156 2399 Athenas
1180 2354 1322 2403 reversus

148 2451 214 2510 est:
240 2441 361 2505 interea
386 2435 483 2525 Pylns
513 2435 598 2501 nullo
629 2437 755 2520 negotio
777 2446 992 2524 expugnatur.
1040 2437 1134 2524 Apud
1157 2438 1320 2509 Athenien·

148 2569 199 2614 ses
217 2545 280 2612 illis
304 2540 500 2629 temporibus
527 2542 559 2606 in
588 2539 642 2606 tali
664 2560 698 2606 re
722 2541 865 2608 Praetori
893 2562 928 2609 re
956 2541 1039 2610 male
1059 2552 1150 2629 gesta
1172 2545 1319 2613 iutlioiun

148 2649 375 2740 perduellionis
401 2645 585 2736 (προδοσίαις)
611 2656 641 2712 et
661 2655 786 2712 eertum
805 2647 939 2713 exitium
958 2657 1028 2714 erat
1046 2657 1209 2735 paratum.
1246 2652 1320 2739 lnp-

147 2769 200 2826 tns
224 2758 326 2843 igitur
355 2754 476 2820 divitiis
509 2754 576 2818 suis
609 2751 649 2818 all
684 2751 771 2818 illam
803 2763 926 2839 pestem
959 2753 1180 2842 depellendam
1216 2754 1321 2821 callide

147 2885 227 2930 nsus
257 2870 324 2929 est:
361 2861 392 2925 in
424 2858 580 2924 iurlieinrn
614 2858 782 2944 decapite
813 2859 971 2927 adductus
1003 2859 1127 2927 indices
1159 2860 1322 2948 largitione

147 2969 292 3056 eorrupit
313 2974 344 3034 et
366 2966 412 3031 sie
436 2965 547 3031 evasit.
594 2963 723 3029 liiorlori
745 2963 839 3031 verba
864 2976 960 3032 sunt:
985 2968 1037 3050 ἐφ’
1056 2961 1100 3040 οίς
1124 2965 1216 3046 ὃμὲν
1235 2969 1321 3046 δῆμον

147 3075 294 3160 &persicis
317 3074 369 3138 καί
394 3069 678 3149 καταπασάμενος
701 3073 798 3136 αὐτοῦ
830 3071 991 3151 προδοσίαν
1023 3070 1257 3153 μεσέςιρσεν
1285 3076 1323 3149 eir

146 3184 263 3265 κρίσιν,
295 3180 309 3244 ὂ
334 3180 359 3244 δ’
379 3181 510 3250 ’Ἄνωσος
545 3178 677 3259 ίσχνρῶρ
708 3177 883 3243 κινδυνεύων
914 3179 1058 3259 ἐρρύσατο
1092 3180 1239 3262 χρήμασι
1273 3182 1323 3256 τίον

146 3289 255 3371 ψυχὴν
276 3284 328 3351 καί
350 3290 465 3365 πρῶτος
487 3282 651 3357 Ἀθηναίων
669 3283 752 3349 δοκεῖ
772 3283 941 3364 δικαςνίριον
965 3284 1175 3366 δωροδοκῆσαι.
1216 3286 1253 3353 Iu
1278 3284 1325 3355 bit

144 3395 341 3474 δωροδοκῆσαι
365 3408 423 3475 pru
447 3385 575 3453 δεκοίσαι
610 3386 739 3452 iliodori
769 3388 847 3453 vilio
869 3389 1010 3476 positum
1041 3398 1108 3470 esi,
1140 3388 1182 3458 tle
1207 3411 1272 3479 qua
1293 3412 1326 3461 τε

143 3516 242 3584 supro
265 3495 471 3571 monuimnS,
503 3491 557 3558 serl
582 3493 753 3572 μετίςνοεν
778 3495 820 3567 είς
852 3495 947 3576 κρίσιν
969 3494 1153 3563 scribarum
1182 3498 1326 3567 socordia

143 3601 410 3692 praeterirem,
447 3617 541 3685 quem
568 3617 709 3665 errorem
731 3598 933 3666 ltindorfium
958 3599 1078 3686 lngisse
1101 3602 1227 3683 miror,
1253 3624 1323 3671 num

144 3707 221 3797 quil
245 3717 295 3775 est
325 3707 436 3772 tritius
468 3726 564 3792 quarn
598 3706 761 3775 καίιςοίναι
785 3707 829 3779 είς
859 3706 978 3788 κρίσιν,
1015 3713 1047 3772 el
1077 3708 1120 3780 είς
1149 3709 1245 3790 κρίσιν
1270 3718 1325 3777 ttttl

142 3821 185 3892 εἰς
210 3818 320 3894 ἀγῶνα
343 3810 542 3888 ueraciter?
592 3810 677 3876 ldem
711 3809 863 3877 mondum
893 3810 1048 3878 llindorlii
1081 3811 1191 3879 oeulos
1214 3812 1324 3900 elingit

141 3924 174 3988 in
199 3919 289 3988 Diod.
315 3918 483 3986 sterilli.
510 3922 562 3982 75.
587 3920 618 3982 8.
651 3917 722 3989 τοὺς
746 3916 778 3982 δὲ
801 3918 865 3983 riri
897 3925 953 3993 τῆς
983 3916 1097 4001 μοίχιις
1120 3918 1322 3994 διασωθέντας

139 4026 389 4109 pollecius-rc
421 4028 464 4097 είς
494 4024 587 4104 κρίσιν
611 4028 702 4106 φωνῇ
733 4022 952 4106 κατεδίκαζον,
984 4025 1151 4090 imovero
1180 4024 1322 4097 καίιςοίο·

137 4160 201 4209 τες.
251 4132 287 4198 ln
320 4130 401 4196 libro
423 4128 489 4197 XV.
515 4133 570 4198 94.
598 4137 627 4195 l.
663 4130 696 4195 iu
728 4128 823 4195 Cotld.
849 4140 898 4196 esi
930 4129 1028 4197 σοίλιν
1062 4130 1242 4208 κατέςνισαν
1272 4131 1322 4199 τίν

137 4240 295 4319 πόλεμον,
330 4237 383 4303 cui
407 4234 592 4302 Diodorfins
614 4236 782 4302 substituit
806 4238 1021 4313 κατεςιίσανσο
1042 4236 1204 4318 πόλεμον,
1235 4237 1320 4325 equi·

139 4344 211 4411 ilem
236 4344 413 4417 κατέσκσαο
437 4343 479 4416 είς
505 4342 640 4422 σίκερα
665 4360 777 4408 norum
806 4360 875 4409 osso
896 4340 1047 4411 arbitror.
1097 4342 1252 4413 Eiusdem
1275 4344 1321 4412 iu·
