2940 5010
150 156 283 239 ἐῴκεσαν
317 154 380 234 γὰρ
413 154 446 219 οὐ
476 153 701 233 δεδιδαγμένοις
733 154 776 221 πά
808 156 968 239 σχήματα
999 155 1077 222 ἀλλ’
1115 156 1319 243 ἐφιεμένοις

148 260 297 343 πράππειν
320 256 343 325 ἀ
367 257 469 325 πάλαι
491 259 675 339 ἐπεθύμουν,
710 258 765 325 ubi
789 258 1025 328 emendandum
1050 270 1101 329 cst
1125 265 1204 330 ἀλλ’
1225 264 1321 349 δφοι·

149 366 287 447 μένοις
310 364 469 445 πράπσειν.
515 364 583 430 uon
607 383 701 451 saepe
731 374 867 452 parcunt
900 366 1065 451 sequiorcs
1089 366 1242 437 Graeculi
1271 367 1322 435 los·

148 468 360 538 mississet
389 466 498 549 εἷμαι,
529 472 676 552 ἀφεῖκα,
700 472 835 554 έφεῖκοι,
859 478 997 552 παρεῖκον
1025 479 1089 539 ccl.
1114 482 1149 539 cl
1171 475 1321 557 ἀφεῖμεν,

148 578 304 660 έφεῖμσιι,
325 585 495 657 παρεῖμαι,
520 578 646 655 ἀνεῖμαι
672 584 754 653 θεῖ,
776 595 858 662 quac
877 575 953 642 olim
974 574 1125 645 inierant
1137 580 1171 645 in
1185 578 1323 649 desttttltt·

148 682 267 749 dinem.
316 682 437 746 Passim
462 681 564 767 igitur
592 679 662 746 illes
684 680 804 748 formas
824 681 1013 748 obscuratas
1035 702 1108 751 csso
1130 684 1324 753 animadve-

149 796 251 856 tusci
282 784 435 852 conlundi
461 786 652 869 ἀφιέμενος,
687 788 845 868 ἀφέμενος
876 796 909 854 et
943 788 1115 870 ἀφειμένος
1148 786 1324 881 similiaque

149 895 276 962 omnia:
311 890 396 958 unde
430 892 640 979 consequitur
670 894 773 959 nostri
803 912 873 959 cssc
905 891 1024 980 ubique
1053 893 1186 962 arbitrii
1219 896 1324 965 consu

147 1011 241 1069 tuere
273 1017 354 1084 quae
377 998 421 1062 sit
441 1016 518 1063 vcra
551 1002 711 1085 scriptura
744 1007 776 1064 ct
810 998 928 1086 cuique
959 997 1028 1066 loco
1060 1000 1324 1081 conuenientem

148 1108 303 1175 libroruin
338 1101 447 1169 lutilos
480 1102 713 1190 discrepantias
745 1105 778 1170 in
807 1103 925 1171 talibus
948 1104 1070 1191 negligi
1101 1113 1138 1174 ct
1168 1108 1323 1177 coutcuai

147 1219 304 1300 oportere.
348 1209 400 1275 Nil
432 1209 532 1296 igitur
565 1229 720 1277 curamus
743 1209 774 1279 n.
792 1210 816 1279 l.
841 1210 927 1297 quod
959 1212 994 1278 in
1024 1211 1118 1281 libris
1141 1223 1197 1282 cst
1219 1215 1322 1283 auin

146 1316 279 1386 Iuntina
303 1323 359 1382 aut
384 1314 416 1379 in
440 1313 577 1392 Aldina,
607 1315 726 1382 clamat
750 1317 818 1403 ipsa
849 1315 911 1383 loci
934 1318 1125 1405 compositio
1148 1318 1321 1401 δεδιδαγμέ-

147 1447 205 1498 νοις
229 1430 260 1489 ct
289 1421 461 1505 ἐφειμένοις
486 1420 571 1486 inter
601 1440 636 1486 sc
665 1422 809 1507 opposita
834 1441 852 1488 a
875 1421 1085 1509 Xenophonte
1114 1423 1195 1491 olim
1225 1424 1322 1493 luisci.

145 1530 248 1613 Quam
266 1526 309 1593 sit
329 1528 383 1592 illa
404 1525 548 1593 conlusio
575 1525 747 1613 frequens,
772 1529 819 1594 sic
842 1526 1065 1595 demonstrare
1088 1529 1208 1609 iuvat,
1231 1540 1268 1599 ni
1285 1530 1322 1599 lo·

145 1655 201 1703 cos
222 1632 458 1721 complusculos
486 1632 592 1699 adhuc
622 1653 660 1699 ea
682 1631 753 1699 labe
783 1633 915 1701 allectos
947 1654 1105 1722 apponam
1134 1636 1321 1705 emendatio·

144 1761 207 1809 res
256 1738 347 1827 Apud
381 1739 566 1828 Lycurgum
591 1740 624 1803 in
652 1739 824 1805 leocrates
857 1743 957 1825 §5⁷-
990 1739 1203 1808 scribendum
1233 1745 1319 1811 citii

143 1847 361 1933 ἀφειμένοι
394 1850 447 1912 ποῦ
480 1846 703 1927 ςρατεθεσθοοι,
738 1865 800 1911 nun
831 1845 1014 1930 ἀφιέμενοι,
1048 1846 1320 1935 similiterquciu

145 1958 240 2041 540.
271 1954 342 2027 ποὺς
366 1959 430 2025 τοῖς
453 1950 592 2030 σώμασιν
612 1951 820 2031 ἀπειρηκότας
844 1992 888 2005 -
911 1952 965 2018 καὶ
987 1952 1045 2018 ὑπὸ
1068 1958 1128 2019 πῶν
1152 1952 1256 2034 νθμιιι
1273 1958 1319 2023 ποῦ

141 2060 342 2140 ςραπεύεσθαι
372 2056 637 2140 ἀφειμένους,
661 2076 723 2122 non
759 2058 957 2141 ἀφιεμένους.
988 2056 1106 2123 Contra
1131 2058 1168 2123 in
1189 2057 1319 2147 Philippi

141 2162 284 2252 Epistola
307 2161 393 2248 opud
418 2161 581 2228 Demosth.
606 2160 694 2228 Orat.
712 2162 781 2229 llll.
810 2168 861 2229 14.
890 2182 1010 2250 repone
1031 2165 1077 2243 μῖι
1104 2164 1317 2245 προέμενοι

140 2271 172 2337 δέ
192 2272 228 2336 πδ
247 2269 355 2348 χωρίον
376 2285 433 2353 pru
447 2266 639 2347 προειμένος,
663 2275 695 2333 et
711 2266 795 2354 aputl
817 2268 980 2335 Demoslh.
1005 2266 1092 2334 Orat.
1107 2268 1226 2336 lllllll.
1249 2274 1314 2338 itt.

140 2375 210 2461 lege
235 2376 368 2439 πεῖθονσι
392 2373 445 2438 πδν
464 2371 660 2452 ’Λρπάβοιζον
687 2379 740 2439 ποῦ
771 2375 829 2453 μὲν
852 2376 1049 2456 τιμωρεῖσθαι
1073 2375 1127 2439 πδν
1151 2376 1316 2459 Χαρίδημον

141 2480 321 2564 ἀφέσθαι
359 2476 434 2564 (non
470 2477 656 2565 ἀφεῖσθαι),
691 2482 859 2548 ἀποςεῖλαι
887 2480 913 2546 δ’
947 2479 1156 2559 ὑπόσπονδον,
1188 2480 1315 2548 mirilico

141 2587 227 2655 enim
253 2583 386 2650 πείθουσι
411 2583 621 2667 coniungitur
644 2602 718 2649 cum
745 2589 893 2672 perfecto.
941 2584 1003 2651 Sed
1028 2582 1210 2670 perlectum
1235 2587 1317 2655 nesii·

141 2690 297 2759 tuendum
329 2695 378 2755 cst
400 2688 432 2751 in
463 2687 626 2753 llcmostli.
658 2686 954 2759 urat.ttx.104.
987 2698 1050 2764 σοῖς
1074 2686 1153 2756 οὕτω
1184 2698 1314 2774 φανερῦς

139 2793 375 2873 ἐνδεδειγμένοις
399 2794 454 2866 τὴν
482 2793 600 2859 εὔνοιαν
625 2796 668 2875 ep
693 2795 778 2877 δήμῳ
810 2797 864 2861 καὶ
894 2794 1146 2878 προειμένοις
1169 2795 1313 2871 ἅπαντι,

140 2922 203 2969 non
229 2899 415 2982 προεμένοις.
462 2897 497 2963 ln
523 2897 673 2964 Isocratis
695 2899 890 2965 Archidamo
919 2902 937 2985 §
962 2905 1015 2966 74.
1047 2898 1141 2967 iucilc
1164 2902 1315 2989 intelliges

140 3016 197 3082 τῆς
220 3006 277 3086 μὲν
299 3001 418 3075 πθιιεας
449 3002 614 3085 ἀφέσθαι
640 3004 846 3071 scribendum
867 3024 959 3080 esse,
990 3025 1053 3071 non
1081 3008 1254 3091 ἀφεῖσθαι,
1278 3008 1313 3073 si·

140 3112 325 3196 militesque
350 3110 368 3193 §
389 3111 442 3174 85.
476 3109 657 3191 ἀφέσθαι
687 3116 743 3183 πῆς
766 3111 885 3183 πόλεως
914 3114 1154 3192 τολμήσαιμεν,
1178 3112 1236 3180 uhi
1257 3110 1313 3179 tru-

138 3226 207 3286 stra
234 3213 368 3285 Urbinas
398 3215 548 3296 ἀφεῖσθαι
578 3214 710 3292 obtulit,
743 3215 828 3301 quod
860 3234 935 3281 cum
967 3216 1063 3282 uerbo
1094 3223 1222 3297 πσλμάν
1249 3236 1312 3285 con·

139 3323 232 3408 iungi
264 3340 325 3385 non
359 3327 472 3405 potest.
520 3318 557 3384 ln
587 3319 730 3387 eiusdem
762 3320 908 3385 Antidosi
948 3324 965 3406 §
993 3327 1046 3388 il.
1081 3325 1202 3398 ἐκεῖνος
1238 3325 1312 3403 opu

140 3435 277 3509 ἡγοῦμαι
302 3423 414 3505 πάρεις’
438 3425 477 3491 ἀν
499 3427 701 3509 ἀφεῖσθαι
726 3435 782 3501 πῆς
802 3425 890 3502 δόξης
910 3427 1046 3506 ταύτης,
1070 3429 1164 3494 uideo
1188 3426 1311 3495 novissi·

139 3555 231 3603 mum
253 3531 415 3599 Editorcm
440 3530 602 3596 Urbinatis
630 3531 857 3598 auctoritatem
881 3551 995 3599 ausum
1026 3552 1098 3600 csse
1116 3552 1270 3621 spernere
1285 3538 1313 3599 ct

138 3660 247 3708 ueram
271 3638 439 3704 lectionem
463 3637 600 3719 ἀφέσθαι
625 3637 777 3721 recipere.

184 3744 264 3812 Utar
287 3762 391 3819 nunc,
416 3752 451 3808 ut
476 3742 581 3818 solco,
605 3743 767 3808 nonnullis
788 3742 949 3832 Symposii
980 3741 1079 3820 locis,
1107 3762 1148 3811 ox
1179 3762 1313 3832 quorum

138 3849 378 3937 comparatione
408 3846 470 3914 loci
505 3846 635 3932 quidam
660 3846 796 3912 alionum
825 3850 857 3913 in
889 3850 1053 3934 integrum
1088 3851 1222 3917 restitui
1252 3868 1316 3939 pos·

139 3959 214 4023 sint.
243 3951 351 4047 ¹Quod
375 3952 494 4039 legitur
517 3953 548 4017 in
581 3950 692 4040 Symp.
718 3952 742 4018 l.
770 3961 820 4019 11.
853 3954 1133 4034 συνεσκευασμένοι
1157 3957 1189 4022 δέ
1215 3962 1318 4041 παρεῖ·

137 4085 187 4128 ναι
207 4060 267 4144 έφνι
289 4056 395 4125 noim
420 4057 605 4134 τάπιτήδεια
635 4056 692 4127 tiss
724 4061 855 4126 δειπνεῖν
887 4059 1081 4143 πάλλθιριιο,
1112 4060 1316 4131 simillimum
