2940 5010
718 321 779 383 421

148 489 271 583 puerili
292 501 325 560 ct
356 491 469 579 putida
497 492 742 580 interpolatione
766 494 805 560 ll.
831 516 851 559 ι.
878 499 930 562 20.
963 498 1052 574 ἡμεῖς
1083 495 1207 575 οἰύμεύοι
1229 498 1254 562 εἰ
1278 499 1336 576 μὲν

145 600 209 669 'lor
238 599 373 680 βασιλεῖ
392 599 505 682 φίλους
536 595 612 665 εἶναι
646 599 782 672 πλείονος
807 598 845 664 ἀν
869 598 948 677 ἀξιοι
971 597 1049 666 εἶναι
1072 602 1159 684 φίλοι
1192 601 1332 686 [ἔχοντες

147 704 195 773 εὖ
209 701 312 775 ’ὅπλα
334 706 352 783 ἣ
376 704 566 785 παραδόντες
596 702 721 790 ἀλλῳ],
752 706 778 770 εἰ
811 706 841 770 δὲ
865 706 921 771 δεόι
945 687 1106 785 ’πολεμεῖν
1138 704 1262 786 ἀμεινον
1296 707 1333 772 ἀν

146 818 301 893 πολεμεῖν
323 809 449 894 ἔχοντες
472 810 516 876 σά
539 807 625 875 ὅπλα
649 811 666 886 n
690 808 779 892 ἀλλῳ
804 810 1002 890 παραδόντες.
1050 810 1111 892 Qui
1136 830 1247 877 aurem
1280 811 1334 877 ba·

145 911 379 991 lreutassidua
401 913 582 981 Atticorum
607 912 744 980 lectione
767 914 932 980 subactam
957 914 1114 981 admoniti
1145 913 1334 983 fatebuntur

146 1018 315 1109 culmum
333 1019 530 1107 scripturam
553 1019 763 1106 Xenophonte
783 1018 947 1104 indignam
968 1040 1057 1099 esse,
1080 1021 1136 1107 qui
1157 1021 1184 1085 si
1205 1023 1335 1108 utrique

146 1124 272 1215 pr'otam
293 1122 446 1213 epodosin
480 1123 638 1191 subiicere
672 1124 846 1202 voluisset,
878 1144 940 1190 non
968 1125 1079 1213 utiquo
1102 1124 1212 1192 eadem
1240 1126 1334 1194 rerba

92 1254 95 1259 ·
145 1226 213 1307 lul
232 1228 424 1299 traiectione
448 1239 572 1298 mutata
596 1230 775 1297 iteraturus
798 1229 920 1296 luisset.

193 1332 234 1405 ln
254 1334 296 1403 ll.
320 1354 353 1403 tt.
381 1344 411 1403 1.
442 1337 468 1402 ci
491 1335 522 1402 δὲ
542 1339 615 1417 παρ’
636 1336 772 1416 Ἀριαίου
796 1331 883 1410 dadon
907 1339 1045 1417 Προκλῆς
1069 1336 1121 1401 καὶ
1146 1337 1333 1418 Χειρίσοφος.

146 1440 261 1513 “lm
282 1441 316 1509 δὲ
337 1443 434 1509 αὐτοῦ
467 1437 556 1520 ἔμενε
594 1439 680 1529 [παρ’
710 1441 861 1527 ’Λριαίιρ].
909 1437 1059 1506 Scholion
1092 1440 1180 1507 vides
1210 1461 1248 1507 ex
1284 1439 1337 1507 itto

147 1544 368 1617 murima
391 1565 531 1632 genere,
555 1544 661 1632 qualia
688 1544 861 1631 magistelli
886 1543 1077 1633 byzantini,
1101 1543 1251 1611 stolidum
1284 1567 1335 1631 ge·

146 1670 235 1733 utta,
259 1650 295 1720 tu
318 1669 375 1718 ora
397 1649 554 1716 librorum
579 1658 636 1718 aut
655 1651 740 1717 inter
759 1671 873 1717 versus
896 1647 1079 1717 adscribere
1109 1647 1273 1728 solebant,
1297 1648 1337 1717 de

146 1774 215 1847 qua
237 1754 336 1824 read
359 1753 582 1843 Thucydidem
607 1755 740 1822 idoneus
764 1754 894 1820 dabitur
912 1753 1091 1821 ‚annotandi
1115 1753 1214 1833 locus.
1238 1816 1240 1819 .

194 1860 321 1931 vinoso
344 1858 488 1927 abundat
508 1864 548 1934 ύς
574 1860 605 1926 in
631 1859 728 1926 ll.1r.
755 1864 785 1926 t.
815 1858 941 1927 ἐπειδάν
970 1860 1001 1924 δὲ
1025 1859 1145 1939 σημύνη
1165 1861 1207 1942 σῷ
1233 1859 1338 1942 κε’ρατι

92 2038 95 2071 Ι
146 1968 223 2059 [ὃς]
243 1965 483 2044 ἀναπαύεσθαι,
508 1984 566 2032 nec
592 1965 674 2031 ratio
697 1985 755 2032 nec
779 1985 856 2032 usus
884 1962 1034 2051 loquendi
1059 1964 1171 2032 sinunt
1192 1963 1338 2031 voculam

145 2070 304 2143 minore.

92 2166 99 2245 r
149 2230 155 2235 -
193 2174 235 2245 ln
257 2174 277 2259 5
299 2181 351 2244 15.
385 2174 419 2254 ἦν
442 2176 470 2242 δ’
492 2173 572 2252 αύση
596 2179 614 2254 ἀ
638 2177 797 2260 ςρατηγία
820 2176 903 2243 οὐδὲν
927 2174 1010 2242 ἀλλο
1042 2176 1192 2257 δυναμένη
1222 2176 1337 2252 ἀάπο·

92 2282 302 2379 ξδρινπού
329 2282 532 2364 ἀποφυγεῖν,
556 2281 783 2369 corrigendum
808 2291 855 2348 est
877 2290 1036 2368 expuncta
1064 2281 1337 2368 praepositione
1320 2306 1338 2356 η

92 2392 281 2473 amota.
326 2384 445 2453 norum
468 2395 518 2454 est
544 2386 647 2455 doctis
670 2408 766 2476 quam
793 2406 885 2474 saepe
911 2386 1035 2453 scribae
1058 2385 1146 2453 verbi
1170 2386 1339 2473 compositi

92 2500 103 2603 [ζ
146 2488 374 2583 medentis
401 2493 671 2579 praepositionem
691 2492 816 2559 ἔναυλον
837 2491 963 2574 ἔχοντες
986 2491 1119 2559 eandem
1140 2491 1223 2559 male
1244 2491 1339 2559 verbo

102 2597 301 2701 coquenti
334 2595 522 2664 adiecerint
571 2594 698 2684 Optime
727 2597 813 2665 inter
842 2617 877 2664 se
912 2604 1149 2685 componuntur
1177 2596 1340 2679 ἀποδιδρά·

101 2696 107 2711 ’
148 2714 238 2773 mu
257 2708 292 2771 ot
313 2702 447 2787 φευγειν
459 2700 544 2768 de
522 2721 584 2781 ns,
608 2703 664 2789 qni
685 2711 742 2768 aut
766 2702 912 2770 clanculo
933 2711 991 2770 aut
1015 2701 1178 2792 propalam
1192 2701 1268 2789 luga
1291 2721 1339 2767 sa·

102 2812 107 2819 ’
148 2806 257 2885 hicn
278 2815 452 2896 quaerunt.
498 2805 724 2894 lnspicemihi
745 2808 814 2874 Vll.
841 2829 885 2874 nr.
914 2813 964 2873 11.
989 2809 1042 2873 καὶ
1065 2809 1108 2874 σά
1129 2809 1186 2888 μὲν
1207 2807 1339 2892 φεύγου·
1407 2846 1408 2851 1

109 2916 118 2977 ².
147 2932 196 2983 σε
218 2912 274 2989 aul
292 2911 557 2995 ἀποδιδράσκονσα
579 2914 666 2993 ὑμεῖς
690 2915 786 2979 ἱκανοὶ
809 2913 942 2993 ἕσύμεύα
962 2915 1076 2980 διύκειν
1097 2913 1150 2979 καὶ
1173 2913 1339 2991 μαςεύειν,

148 3014 245 3089 iffi
263 3036 362 3107 quum
390 3015 471 3085 bene
502 3017 581 3085 llaec
603 3019 669 3084 sint
693 3020 870 3106 composita
892 3018 1005 3084 διύκειν
1037 3019 1080 3084 σά
1099 3021 1263 3101 φεύγοντα
1286 3016 1338 3081 καὶ

149 3120 197 3195 ἢ
215 3122 481 3206 ἀποδοδράσκοντα
503 3123 614 3206 ζητεῖν.
664 3123 774 3191 Scribe
789 3124 1016 3206 ἀποφεύγοντα
1035 3131 1068 3190 et
1088 3123 1195 3209 inepte
1215 3120 1340 3188 dictum

109 3260 113 3269 ·
149 3224 229 3315 cett.
274 3226 337 3311 Qui
367 3226 443 3312 lupa
472 3237 529 3295 aut
553 3237 662 3316 aperta
687 3238 743 3295 ant
767 3227 967 3295 clandestina
993 3228 1093 3314 clapsi
1114 3228 1146 3294 in
1168 3235 1238 3294 tuto
1262 3235 1340 3292 sunt

114 3412 118 3419 ,
149 3326 311 3405 &ntur
338 3334 598 3417 ἀποπεφευγέναι
630 3341 662 3401 et
692 3334 949 3416 ἀποδεδρακέναι,
985 3331 1094 3400 conlcr
1117 3332 1272 3399 eximium
1296 3331 1339 3399 lo·

149 3456 229 3515 um
253 3436 279 3507 l.
302 3458 345 3508 rr.
374 3443 406 3506 8.
441 3440 512 3506 ούσε
548 3440 792 3523 ἀποδεδράκασιν
816 3477 860 3488 —-
882 3438 954 3505 ούτε
989 3437 1275 3522 ἀποπεφεύγασιν,
1307 3444 1341 3503 et

115 3626 119 3633 Ι
148 3542 194 3617 Π.
208 3562 249 3613 1.
270 3546 326 3613 obn
348 3539 419 3612 οἶδα
441 3545 506 3612 οὔτ’
529 3547 593 3611 ἀπὸ
617 3545 701 3611 ποίου
725 3545 764 3611 ἀν
796 3543 916 3627 τάχονς
940 3543 1010 3610 ούσε
1041 3539 1106 3610 ύποι
1130 3541 1169 3609 ἀν
1192 3569 1239 3618 τις
1263 3545 1339 3626 φεύ·

116 3668 120 3691 ³
149 3646 219 3733 γ”ὗν
248 3650 411 3735 ἀποφύγοι
442 3650 508 3716 οὔτ’
533 3652 574 3724 εἷς
608 3659 691 3716 ποῖον
721 3649 759 3715 ἀν
791 3650 898 3724 σκύσος
921 3650 1082 3732 ἀποδραίη.
1130 3647 1230 3736 Saepe
1264 3647 1340 3714 alibi

120 3745 283 3851 φύγον
311 3756 492 3840 ἀποφυγεῖν
520 3756 594 3843 quis
624 3753 745 3821 dicitur
769 3764 801 3822 et
834 3756 866 3820 in
898 3753 979 3823 bello
1001 3764 1034 3822 et
1067 3755 1099 3820 in
1121 3752 1257 3832 iudicio,
1284 3755 1339 3840 qui

119 3854 240 3933 ullu
269 3868 304 3929 et
324 3861 443 3947 capitis
472 3859 653 3948 periculum
685 3858 821 3927 feliciter
853 3858 987 3946 ellugit,
1025 3870 1059 3927 ut
1091 3858 1264 3926 discrimen
1297 3859 1340 3924 sit

120 3962 219 4067 ’,1111
240 3965 447 4055 perspicuum
482 3984 578 4052 quam
609 3973 734 4032 certum
766 3975 798 4032 et
820 3975 1023 4052 perpetuum.
1067 3965 1202 4031 Ponitur
1230 3971 1339 4029 autem

121 4050 418 4159 ΙἭρδοδρύοκειν
409 4090 441 4137 rn
467 4078 605 4159 utraque
632 4092 682 4148 re,
706 4091 858 4158 praesens
882 4070 921 4138 do
944 4083 1074 4148 conatu,
1099 4067 1275 4156 perlectum
1300 4066 1340 4133 dc

125 4176 319 4257 ιιὶάσοοοιο,
341 4185 375 4245 ct
398 4174 502 4244 torma
525 4174 660 4263 simplex
686 4196 818 4263 prorsus
840 4197 903 4242 nou
928 4179 1030 4242 estin
1057 4196 1127 4242 usu.
1175 4173 1340 4240 Granrma

150 4282 211 4369 tici
235 4282 365 4371 bugum
389 4282 523 4350 verbum
548 4282 717 4366 διδράσκο,
742 4281 854 4350 Graeci
879 4303 940 4349 nou
962 4282 1056 4350 aliter
1079 4278 1341 4366 dicebantquanr

148 4372 367 4474 ἀπαδιδράσκυ
393 4396 425 4456 et
445 4387 628 4472 ἕκδιδράσκιο
654 4396 685 4455 et
706 4387 915 4472 διοιδιδράσκυ.
964 4390 999 4458 ln
1025 4387 1137 4457 multis
1165 4384 1237 4452 aliis
1260 4386 1344 4452 anti·
