2940 5010
697 283 760 345 794

141 453 297 520 emblema
310 461 379 521 erat
392 453 613 541 expellendum
626 461 658 521 et
675 456 723 522 sic
745 452 968 521 scribendum:
984 452 1064 523 οὖτοι
1085 457 1117 524 δὲ
1137 458 1192 527 καὶ
1209 458 1318 529 ἔτιν-

142 560 301 642 σφθδριι
325 563 484 640 ἀνοιςὸν
510 565 549 634 ὡς
570 562 635 626 xri.

188 665 328 732 Transeo
351 666 391 731 ad
411 666 629 753 Xenophontis
651 665 873 747 Ἱππαρχικόν,
897 664 953 731 ubi
973 665 997 732 l.
1011 671 1044 733 5.
1069 666 1175 735 miror
1194 670 1320 739 retincti

141 768 310 837 lectionem
336 770 498 857 ineptam:
532 770 734 851 ἐπιμελητέον
756 771 788 836 δὲ
811 768 891 845 θπυς
925 772 963 860 (oi
991 768 1094 861 ἵπποι)
1126 772 1321 856 εθχριιςοι

143 873 237 943 ὦσιν·
270 879 294 943 oi
326 877 389 957 νάρ
417 875 487 965 [αὖ]
517 879 653 950 ἀπειθεῖς
677 884 739 951 τοῖς
764 877 922 956 πολεμίοις
949 881 1074 955 μάλλον
1096 878 1116 955 ἢ
1140 886 1207 952 τοῖς
1227 880 1322 962 φίλοις

143 987 387 1064 συμμαχοῦσιν,
412 1003 511 1068 quum
541 982 644 1049 bonus
671 981 753 1048 liber
782 985 931 1056 εὐπειθεῖς
957 1003 1017 1070 pro
1038 983 1187 1067 εὔχρνςοι
1209 984 1322 1053 obtulu-

145 1087 212 1164 rit,
246 1106 309 1172 quo
343 1096 469 1174 recepto
506 1084 547 1154 αὖ
580 1085 826 1173 expungendum
858 1106 927 1155 ene
959 1087 1126 1156 verissime
1161 1087 1323 1157 admonuit

147 1192 384 1269 Schneiderus,
411 1201 447 1259 nl
470 1190 629 1258 edendum
653 1192 713 1258 sit:
747 1188 827 1265 θπυς
860 1195 1072 1269 εὐπειθεῖς
1095 1189 1193 1261 ὦσιν·
1216 1197 1244 1262 οῖ
1266 1195 1322 1279 γὰρ

139 1301 281 1372 ἀπειθεῖς
305 1300 369 1364 nri.

202 1402 372 1488 Frigidum
406 1401 496 1469 scioli
532 1405 853 1490 interpretamentum
887 1411 1000 1471 onerat
1027 1404 1136 1471 locum
1167 1403 1194 1471 l.
1217 1408 1279 1473 19:
1305 1408 1320 1484 i

142 1507 236 1581 -πο’λις
259 1508 411 1590 ἀνέχεται
435 1508 605 1574 δαπανῶσοι
626 1510 668 1583 εἰς
692 1509 727 1574 τὸ
750 1509 875 1574 ἱππικὸν
898 1509 998 1587 ἔγγὺς
1015 1508 1255 1592 τετταράκοντα
1273 1510 1320 1579 sd·

142 1627 251 1679 λανπα
274 1615 511 1691 renumeret,
543 1616 581 1687 ὡς
606 1613 640 1689 ἢν
673 1612 808 1691 πόλεμος
830 1612 980 1691 γίγνηται
1002 1616 1048 1693 teir
1076 1614 1182 1697 ζητεῖν
1204 1614 1257 1700 δέν
1275 1617 1319 1683 ir·

145 1718 234 1784 πικὸν
257 1719 333 1784 ἀλλ’
357 1717 390 1794 ἐξ
414 1719 534 1796 ἑτοίμου
560 1718 619 1800 ἔχει
649 1718 956 1805 [παρεσκευασμένῳ]
982 1721 1127 1800 χρῆσθαι.
1175 1719 1319 1787 Dicebant

145 1824 232 1888 enim
255 1831 391 1908 utruque
422 1823 515 1889 modu
539 1822 572 1899 ἐξ
592 1823 713 1901 ἑτοίμου
735 1821 937 1902 λαμβάνειν,
968 1830 1000 1889 et
1026 1823 1210 1905 λαμβάνειν
1235 1851 1317 1909 nape-

138 1927 344 2006 τκευασμθνα
367 1935 399 1994 et
423 1928 525 1994 multa
548 1927 686 1993 similia:
720 1927 915 2013 coniungere
941 1936 1049 1994 antem
1079 1938 1257 2019 utrumque
1277 1933 1321 1999 iul

138 2040 253 2118 epium
277 2041 338 2100 cst.
392 2031 444 2097 Uti
458 2033 580 2117 parntis
602 2032 709 2098 Attice
730 2030 851 2098 dicitur
874 2031 909 2109 ἐξ
928 2034 1049 2112 ἓτοθμου
1067 2038 1222 2117 χρῆσθαι,
1244 2058 1317 2125 quse

139 2137 241 2204 uerba
260 2138 368 2204 nescio
391 2137 464 2222 quis
495 2144 582 2203 rente
613 2138 844 2223 interpretatus
867 2145 916 2203 est
946 2142 1226 2225 παρεσκευασμένῳ
1248 2152 1315 2226 χρὴ

143 2245 233 2319 σθαι,
266 2241 321 2310 sed
347 2261 409 2306 non
433 2241 568 2308 debebat
597 2241 675 2308 illud
703 2242 1026 2328 interpretamentum
1054 2264 1092 2312 eu
1116 2264 1174 2312 ora
1196 2246 1314 2314 libriin

111 2344 117 2355 '
141 2346 360 2432 Xenophontis
383 2348 558 2412 orationem
583 2348 694 2433 recipi.

188 2452 285 2518 Recte
317 2451 373 2516 sed
406 2450 526 2516 frustra
551 2451 718 2518 admonuit
754 2451 968 2519 Schneiderns
992 2454 1016 2519 l.
1042 2457 1106 2520 ⁶25:
1143 2454 1315 2530 slonyoio

142 2557 175 2621 δὲ
199 2560 305 2629 αὐτοῖς
328 2558 379 2622 ἐπὶ
401 2557 435 2621 τὸ
454 2556 592 2622 ἀκόντιον
616 2556 731 2635 αὐτός,
757 2555 890 2623 veritum
916 2557 1050 2645 simplex
1075 2563 1162 2638 ἡγοῖο
1184 2579 1255 2626 esse
1275 2578 1316 2625 re·

137 2659 333 2745 ponendum.

187 2766 410 2833 Necessarium
434 2763 472 2830 ἀν
504 2766 599 2851 periit
620 2765 643 2830 Ι.
669 2769 728 2832 ⁶26:
761 2772 850 2832 τοῦτο
883 2766 1005 2840 πάντοις
1036 2765 1121 2848 οἶμαι
1145 2771 1315 2845 ’λθκναθους

140 2895 182 2950 γε
214 2872 339 2950 μάλιςα
366 2871 540 2952 προτρέπειν
570 2871 612 2944 εἷς
635 2872 836 2951 Φιλονεικθαν.
883 2872 1066 2958 Numquam
1096 2873 1157 2941 hcc
1186 2884 1256 2942 eral
1277 2873 1316 2941 ie·

139 2985 253 3053 ctum,
289 2979 396 3063 itaque
420 2974 592 3061 Xenophon
617 2974 808 3060 opinabatur
836 2981 925 3041 τοῦτο
956 2976 1080 3051 πάντας
1112 2980 1251 3058 μάλις*
1277 2980 1316 3047 ἀν

139 3083 327 3166 προτρέπειν.
375 3082 482 3149 Etiam
516 3079 575 3145 boc
607 3079 675 3145 loco
707 3079 779 3146 luce
807 3078 927 3147 clarius
959 3091 1027 3160 est,
1060 3085 1137 3169 quia
1161 3083 1317 3172 praecedit

140 3192 165 3255 εἰ
190 3190 220 3253 δὲ
251 3188 303 3253 καὶ
329 3182 414 3252 ἀθλά
437 3211 484 3259 τις
514 3184 683 3266 προτιθέναι
715 3186 852 3263 δυ’ναιτο,
885 3205 994 3252 veram
1026 3189 1224 3274 scripturam
1255 3209 1318 3257 esse

138 3293 322 3376 <othonielem
371 3290 492 3356 Iterum
516 3288 554 3354 ἀν
580 3288 745 3355 intercidit
768 3290 852 3355 Vlll.
877 3297 913 3356 li:
938 3294 964 3357 si
989 3291 1020 3357 δέ
1044 3318 1092 3366 τις
1113 3295 1228 3377 νομθζει
1248 3310 1317 3361 πολ·

138 3399 183 3463 λά
208 3397 291 3478 ἔχειν
312 3397 493 3477 πράνματα
513 3396 537 3458 εἰ
558 3391 634 3459 οὕτω
655 3394 753 3470 δεήσει
774 3396 882 3462 ἀσκεῖν
906 3397 960 3471 πῖον
980 3398 1109 3474 ἱππικήν
1132 3400 1199 3464 xri.
1224 3399 1319 3466 Nemo

140 3502 320 3568 enimcum
345 3520 414 3565 rem
447 3498 613 3564 molestam
640 3520 706 3564 esse
728 3497 871 3565 nondum
899 3510 1051 3587 expertus
1081 3502 1233 3588 putabat:
1267 3504 1319 3571 sed

141 3605 307 3673 molestam
330 3608 399 3691 sore
422 3602 662 3689 suspicabatur:
688 3604 797 3689 itaque
820 3605 944 3670 πόλλ’
968 3604 1013 3671 ἀν
1036 3606 1120 3688 ἔχειν
1141 3608 1321 3690 πράρματα

140 3729 254 3777 uerum
285 3716 344 3774 est.
390 3709 521 3794 Expulit
545 3707 713 3786 voculam,
746 3717 781 3773 ut
809 3710 994 3795 saepissime
1017 3709 1115 3790 alibi,
1149 3715 1260 3781 tenuis
1287 3713 1321 3780 li·

141 3814 232 3882 neola
255 3812 355 3879 vocali
380 3814 406 3879 A
430 3833 528 3899 supra
552 3813 682 3899 scripta.
730 3812 832 3878 Habet
858 3812 897 3880 ἀν
924 3814 1009 3902 apud
1042 3817 1176 3884 Veteres
1200 3827 1321 3886 certam

139 3921 268 3995 sedem,
293 3938 390 4005 quem
410 3920 567 4003 cuiusque
592 3917 653 3983 loci
677 3919 864 4004 compositio
894 3921 1058 4006 assignat,
1096 3921 1183 3989 unde
1210 3923 1322 4012 depre-

141 4026 293 4093 henditur
316 4025 433 4089 vilium
455 4022 516 4088 loci
540 4022 576 4087 V.
602 4027 641 4088 3:
666 4020 742 4088 οὕτω
767 4024 830 4106 γάρ
852 4026 945 4100 αὐτὸς
966 4027 1023 4106 μὲν
1043 4027 1083 4094 ἀν
1104 4027 1199 4106 ἥκιςα
1222 4038 1322 4104 κακῶς

141 4130 301 4212 πάσχοις,
323 4128 378 4195 uhi
400 4127 628 4213 corrigendum
655 4135 704 4194 est
731 4131 825 4204 αὐτὸς
847 4131 904 4209 μὲν
928 4130 1008 4208 ἥατ’
1028 4132 1069 4201 θν
1088 4135 1155 4200 κτέ.
1205 4133 1323 4223 Super

140 4235 231 4311 latini
253 4235 395 4315 μάλιςα,
420 4235 532 4313 ἥκιςα,
564 4231 657 4316 θρισα
689 4242 750 4300 cet.
781 4237 812 4300 in
834 4233 892 4300 tali
922 4240 1152 4325 compositione
1175 4240 1323 4308 voculam

90 4407 93 4417 ,
140 4339 178 4407 ἀι
202 4340 369 4409 attrahunt
402 4337 442 4407 ad
473 4358 551 4407 sese.
600 4338 770 4408 Exciderat
795 4340 908 4410 lineola
932 4343 965 4410 in
995 4353 1175 4427 ΗΚΙΣΤΛ,
1207 4355 1239 4414 et
1271 4367 1322 4415 ne·
