2940 5010
696 281 761 345 608

137 455 257 521 iudicio
279 451 473 539 deprehendi
496 461 528 517 et
553 451 619 518 tolli
643 455 761 538 poterit
792 455 825 519 in
855 451 925 520 his:
949 453 1050 537 ὥσπερ
1078 454 1147 538 rep
1173 479 1220 523 τοι
1239 458 1323 533 lette

137 563 222 635 sinna
255 563 313 640 μὲν
341 559 488 637 roraret,
521 556 605 634 ἄλλη
636 559 667 624 δὲ
695 559 780 640 ἀνδρὶ
802 562 908 637 anah,
935 557 1013 627 οὕτω
1045 560 1099 627 κου)
1130 562 1215 643 ὀσμὴ
1243 560 1323 639 ἄλλη

138 669 195 745 μὲν
225 664 332 746 arip),
367 663 451 738 ἄλλη
486 666 517 731 δὲ
549 664 673 743 sonaret
706 663 826 744 πρέπει.
874 664 911 730 ln
941 664 1099 733 Athenaei
1130 665 1251 735 Codice
1279 675 1325 735 ert

138 773 226 847 ἐσθὴς
257 769 342 844 ἄλλη
373 771 431 848 μὲν
462 771 649 849 γυναικείου,
681 767 766 844 ἄλλη
792 771 823 835 δὲ
849 771 973 851 ἀνδρείου
1002 773 1141 859 [madh
1171 770 1253 840 obre
1275 773 1323 841 ul

138 878 218 956 ὀσμή
252 877 319 941 nei.
367 876 524 961 Expuoge
557 873 650 940 modo
673 876 755 951 κουυί
785 882 818 940 et
844 873 976 942 habebis
1006 876 1235 965 Xenophontis
1264 896 1324 945 ma·

139 1000 238 1047 trum:
270 979 371 1062 ὥσπερ
394 1019 438 1029 -
462 981 549 1055 ἐσθὴς
588 977 674 1054 ἄλλη
710 981 768 1059 μὲν
800 982 965 1058 γυναικείου
998 980 1084 1059 ἄλλη
1115 983 1150 1049 δέ
1180 985 1324 1065 ἀνδρεία,

138 1085 291 1153 οὕτωκαὶ
320 1089 401 1165 lauh
431 1084 516 1160 ἄλλκ
549 1086 607 1163 μὲν
630 1085 713 1166 abripi
748 1083 833 1160 ἄλλη
867 1087 900 1152 δὲ
931 1089 1055 1165 γυναικὶ
1079 1087 1218 1170 πρέπει,
1249 1106 1324 1175 qnae

137 1200 259 1277 qrrauto
283 1192 348 1256 siut
372 1192 493 1257 rectius
517 1191 657 1275 cogitata
680 1199 713 1257 et
737 1192 845 1257 verius
873 1191 960 1259 diota
984 1200 1018 1260 et
1040 1193 1082 1260 ad
1109 1212 1228 1261 aurem
1249 1194 1325 1262 aoei-

138 1300 217 1363 dant
241 1296 432 1362 iucundiora
456 1295 605 1361 omnibus
630 1297 836 1383 perspicuum
860 1317 931 1364 esse
965 1297 1119 1367 arbitror.
1169 1300 1323 1382 Quoniam

140 1406 172 1468 in
204 1402 295 1468 libris
325 1404 461 1467 vetustis
495 1421 553 1489 pro
586 1403 750 1481 χυυουκεέοο
783 1411 816 1469 et
847 1404 971 1485 οὶκδρεέοι
1010 1403 1111 1471 scribi
1145 1404 1217 1472 lere
1250 1406 1324 1473 solet

138 1518 342 1575 rTanttnt
378 1517 410 1573 et
441 1516 602 1573 ΑΝΔΡΙΛ
633 1507 756 1575 laetum
792 1518 842 1575 est
875 1519 910 1575 ut
940 1518 1274 1579 ΓΤΝΑΙΚΙΛΛΛΛΗ
1295 1512 1323 1577 in

139 1613 263 1693 χυυουκὶ
290 1613 375 1687 dhan
400 1611 650 1699 depravaretur,
677 1614 762 1680 uude
785 1623 818 1680 et
839 1616 925 1695 οὶοδρέ
947 1634 1005 1702 pro
1024 1625 1192 1684 ANAPIA
1218 1625 1321 1684 natum

139 1727 212 1792 est.
249 1725 281 1785 et
313 1718 360 1783 sio
384 1721 466 1793 κουοί
499 1716 640 1782 asoiolo
670 1717 841 1797 additum,
876 1727 913 1785 ut
947 1698 1096 1787 ruentem
1132 1724 1321 1790 sententiam

139 1825 280 1892 fulciret.
328 1821 388 1888 Sed
416 1823 447 1887 in
482 1842 516 1887 re
540 1822 709 1909 perspicua
741 1832 774 1889 et
799 1823 968 1891 manifesta
999 1826 1134 1892 verbum
1170 1848 1235 1894 uon
1265 1846 1321 1895 aur·

138 1931 224 2018 plius
248 1927 340 1993 addo.

184 2035 221 2100 ln
248 2037 266 2120 §
294 2039 324 2099 t.
357 2032 564 2100 scribendum
597 2054 668 2102 esse
692 2036 781 2102 πόθου
802 2034 840 2102 ἴου
864 2061 912 2110 τις
935 2041 1025 2104 τοῦτο
1049 2042 1085 2105 τὸ
1107 2048 1248 2121 χρῖμα
1271 2039 1319 2104 tal·

140 2144 212 2222 βοο;
236 2160 298 2205 nou
322 2141 358 2206 οὸ
382 2141 524 2222 χρέομοι,
551 2140 631 2205 satis
651 2139 726 2206 alibi
752 2139 1070 2223 demonstravimus,
1095 2146 1197 2211 sinoti
1223 2155 1256 2212 et
1278 2145 1319 2210 κέ·

140 2270 255 2331 χρομοοο
279 2245 381 2312 solum
409 2243 581 2310 Veteribus
606 2245 762 2311 usitatum
784 2244 903 2323 luisse,
936 2267 998 2313 non
1023 2248 1210 2331 κέχροομοοο.
1256 2250 1319 2317 Poe

142 2360 219 2421 eant
245 2372 340 2439 saepe
371 2349 495 2417 scribae
524 2349 724 2433 κεχροομέυος
748 2359 781 2418 ot
812 2351 885 2421 sim.
919 2353 1157 2423 substituentes
1179 2354 1221 2421 de
1252 2372 1319 2431 suo,

142 2458 198 2525 sed
222 2459 302 2523 satis
325 2463 451 2522 constat
474 2475 544 2523 esse
566 2455 620 2521 illa
644 2457 752 2523 omnia
780 2457 962 2524 scribarum
986 2469 1130 2546 peceato.
1178 2460 1320 2545 Κεχμμέ·

142 2588 190 2629 νου
219 2565 252 2626 iu
283 2560 400 2627 Eubuli
430 2560 611 2646 fragmento
647 2559 793 2628 illaesum
826 2565 928 2630 evasit
963 2566 994 2630 in
1027 2565 1186 2634 Athenaei
1219 2566 1320 2633 dodina

140 2668 303 2734 blarciano
328 2687 359 2753 p.
383 2672 459 2733 557.
485 2666 520 2732 F.
551 2666 606 2732 sed
630 2669 832 2751 κεχρισμένου
864 2671 1034 2756 supposuit
1053 2671 1252 2753 Graeculus,
1272 2672 1318 2760 qni

141 2773 311 2859 Epitomen
335 2771 483 2839 coniecit.
531 2771 741 2838 Reddendum
767 2783 817 2840 est
840 2774 1065 2863 Aristophani:

322 2879 385 2943 ὁδ’
409 2876 450 2946 ab
475 2882 668 2961 Σοφοκλέους
691 2884 745 2945 τοῦ
769 2879 874 2960 piam
899 2906 941 2946 κε
948 2906 975 2964 χ
984 2882 1149 2963 ριμέυυυ

321 2981 421 3066 ὥσπερ
445 2985 589 3051 καδίσκου
613 2985 790 3068 περιέλειχε
812 2984 973 3065 risina,
1098 2976 1102 2981 ⁵

139 3091 224 3178 apud
247 3090 381 3156 Dionem
406 3088 671 3178 chrysostomum
694 3091 727 3154 iu
755 3088 843 3157 Orat.
866 3090 931 3156 Lll.
954 3112 986 3177 p.
1012 3094 1095 3170 275,
1122 3090 1178 3158 ubi
1201 3092 1320 3161 Godioet

141 3216 253 3263 omues
273 3203 405 3261 servant
428 3196 640 3278 κεχρισμένου.
689 3194 897 3262 Scribebatur
917 3195 993 3262 olim
1015 3198 1124 3278 χροέυ,
1149 3198 1320 3282 κέχρεομκο,

142 3303 339 3383 κεχρεῖοθκυ,
363 3302 516 3383 ἐγχρείυ,
541 3299 812 3387 quemadmodum
836 3303 930 3381 τεομή
955 3310 987 3368 et
1007 3303 1089 3378 νείκη
1114 3313 1149 3370 et
1175 3305 1239 3371 alia
1263 3324 1320 3372 sex·

142 3415 236 3473 centa
259 3415 391 3494 propter
409 3432 418 3473 ο
439 3406 651 3493 productum:
677 3426 830 3491 quaeres
854 3408 885 3472 iu
907 3426 1050 3473 errorem
1076 3407 1207 3477 induxit
1233 3410 1321 3499 Pbry-

142 3511 299 3591 uiobum,
323 3532 424 3599 quum
449 3513 481 3576 in
507 3512 641 3577 Behheri
672 3511 792 3578 Anecd.
817 3532 848 3598 p.
873 3516 934 3588 46,
961 3518 1004 3578 10
1025 3517 1190 3593 κεχρῖοθου
1217 3517 1321 3606 (esxpi-

141 3621 212 3684 etar
244 3618 331 3683 enim
362 3616 543 3684 scribarum
573 3636 664 3682 error
693 3625 758 3691 est,
783 3635 845 3681 non
880 3613 1070 3703 Phryoiobi)
1095 3624 1128 3683 et
1152 3624 1322 3701 κεχρεῑοέου

141 3722 236 3788 vellet
269 3722 438 3789 scribendo
472 3722 680 3805 distinguere.
740 3720 835 3786 Plura
860 3718 1016 3786 indicabit
1047 3719 1264 3793 Ruhnkenius
1295 3727 1323 3792 iu

141 3828 309 3895 notissima
329 3828 535 3894 annotatione
553 3826 591 3892 ad
614 3828 780 3893 Timaeum
802 3847 832 3891 u.
854 3827 1088 3909 Ἐχχρίμοοοοο,
1112 3831 1209 3897 ouius
1230 3850 1324 3899 uuum

142 3953 284 4000 errorem
311 3931 467 3998 indicabo.
515 3932 635 4020 Nempe
655 3931 739 4018 quod
761 3932 891 3997 h'usteri
914 3931 1173 3999 emendationem
1196 3936 1326 4020 έχχρέμ

140 4062 242 4118 μοτος
267 4059 325 4125 pro
345 4039 576 4120 έχχεορήμκοος
600 4036 684 4123 apud
704 4036 936 4103 Philostratum
958 4036 1089 4122 probat,
1114 4035 1255 4109 fallitur:
1278 4042 1328 4122 o·

141 4145 342 4225 χρομοοοιοίυο
370 4146 528 4210 Graecum
555 4151 622 4221 est,
648 4150 683 4207 ut
704 4153 826 4224 χρῑμοο,
850 4151 881 4209 et
907 4150 999 4209 retus
1021 4143 1184 4230 scriptura
1206 4148 1329 4232 έχχρεέ·

141 4275 242 4329 μοοοος
267 4268 363 4335 quam
385 4248 477 4315 tacite
502 4250 533 4314 in
555 4250 786 4332 ἕχχεορήμυοος
811 4247 900 4314 abire
919 4249 1021 4335 possit
1044 4249 1076 4314 io
1098 4251 1213 4336 aprico
1237 4264 1297 4321 est.

186 4354 221 4420 lu
255 4354 400 4442 Sympos
431 4355 468 4419 ΙΙ.
503 4360 522 4420 t
556 4355 670 4420 vitium
698 4354 881 4440 correspisse
918 4352 1063 4439 intelligo
1100 4354 1195 4424 haee:
1229 4361 1245 4425 d
1275 4364 1331 4440 μέν
