2940 5010
709 286 772 349 100

136 461 248 528 ιιιιιίιι.
271 528 276 535 ,
297 458 379 525 lliuc
410 457 629 546 Xenophontis
657 457 763 524 locum
788 458 823 522 in
847 452 1020 523 llellenieis
1046 454 1100 523 tv.
1122 476 1152 523 ν.
1178 460 1231 524 ta.
1254 474 1318 523 cor-

139 566 230 633 stitui
253 571 395 652 oportet:
418 565 591 646 ἀναχωρεῖν
619 565 732 637 αὐτοὺς
757 563 881 629 ἐκέλευε
905 561 975 644 πρὶν
996 563 1067 637 τοὺς
1093 562 1231 638 tratres
1252 562 1319 642 ίριιῦ

139 673 299 752 γενέσθαι,
322 688 398 736 nam
417 688 470 736 res
489 668 685 751 itademum
704 676 791 735 recte
810 674 961 734 enarrata
975 668 1058 747 erit,
1081 666 1139 735 ubi
1156 677 1224 743 τοῖς
1243 668 1320 735 ίτλί·

141 802 212 850 ταις
244 775 421 862 receperis,
452 773 537 861 quod
569 772 755 841 Schneider.
780 781 813 841 et
836 772 980 840 llindorl.
1011 771 1095 841 male
1126 780 1321 860 spreverunt.

145 883 229 948 llum
255 880 408 968 peltastae
433 878 607 967 Spartanos
634 879 829 948 lacesserent
851 881 877 946 ol
898 880 1029 947 ίτλίτκι
1053 875 1321 961 ταριιτετανριίνιι

143 984 221 1061 ἦσαν
241 991 275 1055 ob
299 988 394 1070 πόρρω
417 994 474 1062 τῇς
501 986 749 1072 obscoeneque
773 1004 915 1072 pugnam
938 982 1156 1072 capessebant
1204 982 1323 1072 Sparte·

143 1092 195 1161 uis
214 1093 394 1180 imperatur
414 1097 451 1158 ut
474 1110 508 1158 se
529 1090 685 1177 recipiant
715 1091 905 1179 priusquam
927 1088 967 1157 ad
991 1108 1066 1158 eum
1095 1088 1206 1157 locum
1225 1108 1322 1177 potue·

143 1198 275 1276 ιιιίιιιιι,
300 1195 354 1263 ubi
376 1198 402 1263 ol
425 1197 554 1263 ίτλίται
577 1193 705 1262 stabant
729 1196 897 1276 inarmis,
920 1197 977 1283 qui
1001 1216 1035 1263 se
1059 1192 1203 1263 nondum
1226 1212 1322 1263 moro·

144 1301 240 1380 bant,
263 1299 471 1388 quamohrem
493 1309 557 1375 τοῖς
580 1301 726 1377 ίτλίταιι
749 1302 825 1382 ίμιῦ
851 1301 1071 1369 necessarium
1095 1319 1168 1369 esse
1190 1306 1322 1388 apparet.

190 1406 283 1473 luvat
311 1404 421 1473 eodem
453 1405 547 1473 modo
578 1407 675 1475 etiam
707 1406 844 1474 aliorum
874 1407 1048 1474 Poetarum
1073 1405 1268 1473 auctoritate
1291 1422 1323 1473 ae

143 1512 339 1578 testimoniis
363 1513 411 1577 uti
434 1510 474 1578 ad
498 1510 634 1579 eluenda
657 1514 789 1600 antiqua
812 1510 970 1599 quaedam
998 1509 1113 1579 menda
1137 1531 1177 1580 ex
1198 1510 1325 1599 scripto·

145 1616 236 1682 ribus
259 1617 390 1696 Atticis,
415 1618 448 1683 in
471 1616 589 1703 quihus
614 1616 742 1685 facilins
769 1617 964 1705 peccabatur
989 1624 1021 1685 et
1043 1614 1133 1685 lmus
1152 1614 1270 1684 melius
1286 1613 1323 1683 lr-

145 1721 235 1787 tehat
254 1742 350 1808 quam
377 1724 408 1788 in
431 1722 632 1789 comicorum
653 1722 811 1791 versibus.
848 1721 983 1809 Impune
1001 1720 1107 1788 adhue
1126 1719 1324 1789 Demostheni

145 1827 261 1894 vitium
286 1826 413 1893 dicendi
433 1828 558 1895 scribae
586 1826 798 1895 affricuernnt
819 1829 853 1894 in
876 1827 1022 1895 oratione
1044 1829 1120 1908 ὑπὲρ
1141 1836 1324 1907 Μεγαλντν·

147 1939 239 1999 λιτῶν
261 1952 290 2019 p.
316 1936 400 2009 202,
428 1939 479 2001 10.
503 1933 600 2008 εἴτις
632 1937 733 2000 αὐτῶν
762 1933 878 2017 ἀφίλιι
903 1933 939 2000 τὸ
968 1933 1200 2011 γιγνώσκεσθαι
1222 1932 1323 2001 uiri

146 2050 186 2122 τῇ
209 2045 297 2122 φωνῇ
320 2038 427 2118 λέγειν
450 2042 618 2117 Ἀττικῶς,
641 2040 775 2112 πολλοὺς
806 2037 846 2105 ἀν
873 2035 960 2119 elpes
987 2038 1059 2112 robe
1090 2038 1149 2118 μὲν
1178 2037 1324 2121 Ἀρκιίδαι

146 2145 218 2218 τοὺς
242 2145 273 2209 δὲ
296 2143 449 2220 Λάκωνας
473 2149 574 2213 αὐτῶν
597 2141 675 2211 εἶναι
697 2144 841 2223 νομίσαι,
864 2162 927 2210 uon
952 2150 1002 2211 est
1024 2142 1112 2210 enim
1135 2142 1217 2211 hene
1239 2142 1343 2211 (imos

148 2267 223 2315 eum
254 2250 405 2323 Ἀττικῶς
436 2250 541 2329 λέγειν
571 2257 627 2315 aut
657 2248 764 2328 λέγειν
794 2255 995 2325 Ἑλληνικῶς.
1042 2247 1325 2317 Grammaticorum

147 2354 200 2418 hic
223 2372 302 2418 usus
325 2361 391 2431 est,
414 2356 470 2441 qui
498 2356 544 2421 sic
568 2355 693 2440 antiqui
718 2354 875 2421 sermonis
903 2352 1003 2421 Attici
1027 2354 1257 2441 proprietatem
1280 2372 1328 2421 uo-

147 2468 217 2523 tare
241 2457 343 2524 solent
368 2466 399 2524 et
423 2459 462 2524 ad
483 2458 665 2546 aequalium
688 2462 845 2537 τννίίειαν
865 2461 1011 2546 exigere,
1034 2466 1071 2525 ut
1094 2457 1148 2527 illn
1167 2462 1328 2537 Ἀττικῇ,

147 2564 227 2629 haec
250 2570 437 2638 Ἑλληνικῶς
466 2562 530 2630 dici
562 2564 715 2631 scribant.
763 2566 862 2632 Nemo
889 2573 1035 2633 veterum
1059 2564 1105 2632 ita
1126 2562 1325 2651 loquebatur:

148 2667 296 2735 dicebant
324 2670 508 2751 ἀττικίζειν,
539 2669 723 2752 ἑλληνίζειν,
753 2670 898 2754 ξενίζειν,
927 2670 1098 2753 περσίζων,
1127 2668 1328 2755 βοιωτιὶζειει

147 2776 294 2857 δωρίζειν,
318 2773 398 2850 alia,
420 2774 537 2860 quihus
557 2795 650 2863 saepe
673 2785 712 2859 τῇ
734 2782 821 2861 φωνῇ
841 2776 1018 2855 addebant,
1047 2783 1083 2844 ut
1105 2774 1328 2845 bemosthentr

147 2879 300 2947 Aeschini
319 2879 440 2946 dicitur
463 2882 582 2957 Σκύθης
602 2881 763 2963 βάρβαρος
785 2884 950 2968 ἑλληνίζων
969 2893 1008 2966 τῇ
1028 2889 1116 2967 φωνῇ
1138 2882 1171 2949 iu
1192 2880 1326 2971 Clesipb.

148 2983 173 3072 §
201 2988 265 3051 tru
289 2994 321 3051 el
352 2986 539 3069 Βοιωτιάζων
567 2996 606 3069 τῇ
634 2992 722 3070 φωνῇ
754 2988 787 3053 in
816 2987 956 3055 Anabasi
988 2988 1044 3055 ill.
1069 3008 1092 3053 1.
1117 2989 1160 3053 26
1187 2995 1221 3055 ut
1247 2984 1325 3055 aiibi·

147 3092 210 3158 Pro
231 3092 399 3174 ἀττικίζειν
424 3100 457 3158 et
479 3091 647 3175 ἑλληνίζειν
673 3090 822 3159 dicebant
850 3093 949 3159 etiam
978 3093 1116 3164 ἀττικιςί
1146 3091 1256 3171 λέγειν
1279 3096 1328 3159 rui

147 3206 187 3280 τῇ
215 3204 303 3280 φωνῇ
334 3198 440 3277 λέγειν
470 3198 622 3274 ἀττικιςί,
650 3204 683 3264 ei
718 3199 855 3274 ἕλληνιςὶ
886 3199 1008 3278 λέγειν,
1040 3205 1078 3265 ul
1105 3197 1224 3279 δωριςί,
1253 3194 1330 3275 lari,-

148 3302 287 3382 τερτιςί,
311 3300 373 3367 alia
397 3305 575 3370 notissima.
624 3302 815 3391 Posidippns
838 3302 924 3390 apud
952 3301 1138 3372 Dicaearch.
1164 3303 1205 3383 in,
1223 3302 1329 3389 ileoqr.

149 3404 228 3469 min.
254 3403 398 3471 lludsoni
424 3408 462 3474 ll.
487 3428 517 3495 p.
540 3413 593 3476 25.

330 3512 368 3577 σὺ
388 3514 445 3590 μὲν
468 3513 653 3596 ἀττικίζειν,
677 3515 753 3591 ἡνίκ’
775 3513 814 3580 ἀν
835 3516 939 3599 φωνην
961 3516 1057 3601 him

330 3622 446 3684 σαυτοῦ
468 3622 537 3695 τιν’,
559 3620 586 3686 oi
608 3621 636 3685 δ’
652 3620 806 3695 Ἕλληνες
827 3622 1036 3704 ἓλληνίζνμεν.

148 3720 257 3788 Alexis
280 3720 395 3788 Athen.
423 3721 490 3789 Vll.
514 3726 590 3790 287.
613 3724 649 3792 ll.

564 3829 754 3913 αεριβράδας
777 3856 828 3910 μοι
848 3842 985 3914 κρεῖττον
1005 3829 1039 3908 ἦν

374 3933 458 4015 ἔχειν
480 3939 553 4013 μετ’
576 3938 713 4007 ἀττικιςὶ
737 3938 903 4017 δυναμένου
926 3947 1049 4005 λαλεῖν.

147 4038 347 4126 Antiphanes
369 4039 484 4107 Athen.
509 4039 577 4107 Vll.
603 4045 668 4109 525
693 4042 726 4109 B.

236 4146 320 4211 ντάνν
342 4147 442 4228 sexui
462 4147 630 4230 σφύραινα.
655 4160 689 4214 Β.
713 4147 825 4231 κίεραν
848 4150 985 4220 ἀττικιςί
1008 4150 1059 4216 δεῖ
1076 4149 1196 4231 λέγειν.
1257 4208 1261 4217 .
1333 4186 1339 4195 ·

145 4246 228 4329 lline
258 4250 430 4338 colligitur¹
447 4252 595 4319 uitiosum
626 4273 696 4321 esse
721 4253 909 4337 lectionem,
937 4275 1020 4343 quae
1050 4257 1084 4322 in
1114 4255 1339 4326 uemosuontr

145 4352 236 4419 libris
255 4364 303 4422 est
325 4365 356 4422 et
376 4367 415 4439 τῇ
439 4363 526 4441 φωνῇ
547 4360 653 4438 λέγειν
673 4362 812 4431 ἀττικιςί
832 4361 960 4449 abipso
980 4360 1114 4431 Oratore
1134 4362 1339 4453 popularium
