2940 5010
799 296 865 362 764'

235 473 453 540 controuersia
477 471 556 540 luit:
588 477 617 540 si
639 471 834 541 Philomelus
855 473 905 540 ἔτι
935 471 1155 555 Καλλιςροίτου
1185 470 1345 558 ternplum
1369 492 1416 539 oc·

238 581 385 666 capent,
417 598 520 665 neque
548 587 597 645 est
619 577 685 646 ulla
706 577 866 645 dubitatio
890 579 968 666 quiu
999 587 1068 644 tum
1093 577 1322 665 occupaverit.
1347 596 1419 665 quo·

238 684 332 751 modo
362 684 514 764 taudem,
547 704 685 771 quaeso,
714 685 824 753 eodem
849 685 986 754 Diodoro
1009 693 1112 760 teste,
1144 680 1263 750 bellum
1295 682 1420 751 hiennio

238 797 313 856 aute
346 791 450 877 potuit
481 791 677 878 erumpere?
724 791 808 858 Audi
841 791 1002 858 disertum
1033 787 1162 856 Diodori
1200 790 1421 857 testiinonium

239 894 321 960 XVl.
349 901 410 963 lh:
446 896 629 979 Δημόφιλος
653 897 667 961 ὅ
691 897 822 980 Ἐφόρου
844 904 898 965 τοῦ
921 894 1136 979 ίεοριονροίφου
1162 895 1225 969 υίὸς
1251 896 1306 960 τίν
1327 916 1423 976 παρα·

238 1001 408 1083 λειφθέντα
427 1002 563 1081 τίλεριον
585 1003 644 1068 ὑπὸ
672 1007 726 1068 τοῦ
752 1003 890 1085 πατρὸς,
920 1001 1127 1079 ίνομαοίίντα
1144 1000 1176 1066 δὲ
1200 1001 1297 1082 ἱερὸν,
1320 1022 1422 1067 curre·

238 1106 396 1184 ταγμίνος
420 1107 554 1173 ἐντεῦθεν
581 1106 691 1196 (idest
714 1110 773 1173 ἀπ’
796 1107 1022 1184 Ἀγαθοκλέους
1043 1104 1191 1189 ἄρχοντος
1217 1103 1348 1194 Olymp.
1365 1102 1422 1171 CV.

241 1209 286 1298 t.)
312 1206 420 1291 ἦρκται
451 1214 514 1279 cini
545 1221 601 1288 τοῖς
632 1215 842 1296 καταλήψεως
870 1218 924 1279 τοῦ
947 1213 979 1277 ἐν
1008 1219 1148 1295 Δελφοῖς
1177 1213 1256 1295 laced
1288 1211 1343 1278 καί
1372 1218 1423 1287 τῆς

242 1318 398 1391 τυλιίυεοις
431 1324 484 1383 τοῦ
519 1321 666 1398 μαντείου
705 1319 765 1385 ὑπὸ
800 1321 976 1397 Φιλομήλου
1007 1322 1061 1384 τοῦ
1100 1316 1236 1391 Φωκέας.
1295 1315 1425 1383 ΕΜ.)

240 1430 334 1507 putes
370 1421 531 1489 hominem
568 1423 857 1509 negligentiorem,
888 1422 985 1510 idque
1015 1421 1119 1489 alieno
1152 1421 1222 1489 loco
1253 1420 1423 1488 inseruiue

240 1525 325 1613 quod
351 1525 479 1593 biennio
502 1535 570 1614 post
591 1527 780 1594 collocatum
801 1530 954 1615 oportuit.
1001 1527 1070 1594 Non
1088 1528 1228 1605 errauit,
1253 1546 1329 1594 narn
1354 1546 1421 1595 cor·

234 1632 330 1697 liutto
349 1633 513 1718 sequitur:
537 1634 660 1710 ἐγένετο
682 1634 708 1700 δ’
727 1635 742 1699 ί
765 1632 900 1712 πόλεμος
923 1629 1008 1707 οὗτος
1032 1631 1086 1708 ἔτι
1117 1630 1255 1698 ἕνδεκα
1286 1630 1343 1707 ἕως
1370 1640 1419 1710 τῆς

234 1740 351 1819 φθορᾶς
375 1745 437 1804 τῶν
464 1738 706 1818 διανειμαμένων
732 1740 776 1805 τίι
804 1739 871 1820 ἱεροὶ
897 1741 1063 1820 χρήματα.
1110 1736 1199 1803 idem
1230 1746 1301 1824 post
1324 1756 1420 1825 pauet

235 1841 357 1907 oblitus
390 1843 441 1909 sui
474 1843 585 1909 scribit
620 1864 689 1930 cap.
715 1846 779 1909 ⁶25:
815 1844 865 1909 ἔτι
896 1841 1115 1924 Καλλιςροίτου
1146 1843 1162 1907 ί
1191 1842 1314 1917 candele
1352 1844 1419 1924 ίερίς

236 1947 376 2027 ντίλεμος
406 1949 514 2023 συνέςν
547 1948 600 2014 καί
637 1950 782 2028 διέμεινεν
812 1949 865 2024 ἔτη
897 1950 1025 2015 ε’ννία.
1073 1946 1266 2032 [tingentem
1300 1946 1420 2013 histori-

233 2071 313 2118 curn
336 2051 435 2119 vides.
482 2053 667 2120 Coniectum
692 2052 811 2120 belluna
836 2052 1003 2119 constabat
1026 2054 1076 2118 ἐτ’
1095 2055 1239 2134 Ἀρχίου,
1265 2055 1335 2141 ipso
1355 2053 1418 2121 llio·

238 2156 317 2224 doro
339 2167 421 2224 teste
445 2178 514 2246 cap.
538 2164 592 2226 ae.
627 2180 691 2246 quo
715 2180 799 2226 anno
833 2161 992 2226 saevitum
1025 2168 1073 2225 est
1107 2160 1138 2224 in
1163 2161 1268 2226 victos
1292 2177 1419 2247 poenae»

238 2281 302 2348 que
325 2261 365 2329 de
392 2264 557 2350 sacrilegis
578 2274 713 2332 suurtac.
761 2266 875 2351 ltaque
899 2266 926 2331 si
957 2265 1076 2350 incepit
1106 2264 1224 2331 bellurn
1250 2266 1302 2330 ἐτ’
1324 2269 1417 2344 Ἀννι-

238 2368 376 2442 ίοκλίους
403 2368 551 2451 ἄρχοντος
581 2369 790 2436 statuendum
825 2371 1006 2436 necessario
1033 2379 1082 2435 est
1106 2367 1151 2436 ίτι
1183 2371 1309 2448 ἐγένετο
1334 2368 1418 2436 irl-

239 2488 334 2552 λεμος
359 2469 443 2547 οὗτος
463 2474 515 2549 ἔτι
537 2473 698 2542 iubenes:
722 2477 772 2541 sin
797 2485 904 2542 aulem
934 2475 985 2541 ἐντὶ
1008 2475 1226 2556 nannenten
1252 2475 1416 2559 ἄρχοντος,

237 2579 446 2662 consequitur
476 2578 522 2644 ὅτι
558 2581 704 2657 διέμεινεν
736 2580 789 2656 ἔτι
821 2581 948 2647 iovis.
1006 2583 1101 2647 Arma
1139 2583 1242 2667 posita
1280 2591 1358 2648 suut
1390 2588 1417 2649 ct

237 2681 392 2768 reliquiae
413 2685 577 2771 copiarum
601 2706 675 2751 cum
702 2685 784 2752 duce
798 2685 951 2752 Phalaeco
974 2687 1154 2752 ὑπόσπονδοι
1173 2687 1336 2765 ἀπῆλθον,
1362 2698 1416 2754 tes·

234 2788 325 2855 tibus
350 2789 561 2857 lleurostheue
584 2799 616 2856 et
641 2791 819 2866 Aeschine,
852 2795 1084 2874 Σκιροφοριῶνος
1114 2793 1208 2871 μηνὸς
1240 2795 1335 2876 cyil„
1356 2794 1417 2878 φίί·

233 2919 355 2972 νοντος,
384 2893 419 2959 id
451 2903 499 2960 est
533 2894 658 2982 inipso
690 2898 779 2963 exitu
809 2900 884 2963 arturi
915 2897 954 2964 ah
990 2895 1164 2982 Agathocle
1194 2898 1356 2965 tredecimo·
1367 2949 1376 2977 ,
1402 2918 1418 2964 t

235 2999 418 3066 Callistrato
449 3000 543 3079 noui,
578 3011 610 3067 ct
645 3003 791 3068 insecuta
825 3012 874 3068 est
906 3001 1116 3068 Phocensiurn
1150 3003 1313 3087 pernicies
1342 3024 1418 3071 annu

235 3113 293 3171 aut
316 3105 493 3170 octodecimo
517 3106 557 3171 ah
580 3109 788 3194 occupatione
819 3107 951 3192 templi,
983 3117 1039 3172 aut
1063 3106 1191 3173 deciano.
1242 3108 1416 3197 Utrumque

236 3219 344 3276 autern
370 3209 467 3274 simul
493 3231 603 3278 veroin
632 3232 785 3279 essenon
811 3221 924 3298 potest.
971 3212 1163 3298 Priusquam
1186 3214 1352 3298 optiouetn
1379 3214 1417 3282 la·

235 3316 359 3381 ciamus
372 3334 473 3380 novus
496 3317 587 3381 testis
606 3317 786 3384 audiendus
810 3327 859 3384 est
885 3319 1059 3385 Pausanias
1073 3318 1110 3384 X.
1124 3339 1156 3383 u.
1170 3321 1208 3385 5:
1232 3323 1290 3396 rie
1311 3321 1345 3388 δὲ
1363 3328 1416 3388 τοι

235 3426 370 3500 Δελφιῖν
394 3419 576 3501 κατοίλνφιν
606 3423 786 3500 ε’τοιήτοιντο
809 3425 835 3489 οἱ
859 3433 972 3497 Φωκεῖς
993 3426 1192 3505 Ἡρακλείδου
1222 3427 1281 3504 μὲν
1305 3451 1416 3508 τρυτα·

234 3528 368 3598 νεύοντος
392 3526 423 3588 ἐν
444 3532 584 3607 Δελφοῖς
606 3529 658 3592 καί
679 3528 905 3606 Ἀγαίοκλέονς
927 3530 1087 3605 ’Alienon
1109 3529 1259 3611 ἄρχοντος
1281 3532 1417 3615 τετοίρτρ

234 3631 516 3709 attrectarique
539 3634 755 3711 Ὀλυμπιοίδος
779 3635 829 3698 ἐπί
849 3642 920 3706 ταῖς
938 3635 1057 3701 ἑκατόν.
1104 3635 1255 3700 Potestne
1278 3639 1417 3704 testimo·

234 3738 325 3803 uirum
360 3755 431 3802 esse
466 3734 643 3802 disertius?
680 3739 800 3805 Deinde
835 3740 1009 3805 l'ausauias
1034 3760 1118 3805 anuo
1149 3747 1219 3826 post
1253 3740 1418 3810 decimor

232 3842 379 3928 Philippo
402 3840 583 3907 conlectum
609 3863 677 3909 esse
702 3844 818 3910 helluur
844 3844 988 3911 scriheus
1014 3845 1095 3911 hatto
1119 3846 1195 3911 anni
1223 3856 1335 3914 uotam
1369 3869 1418 3937 ap·

232 3950 324 4037 pouit
345 3947 383 4012 X.
410 3967 455 4012 tu.
484 3955 520 4014 1:
546 3948 664 4030 δεκοίτιρ
681 3949 712 4014 δὲ
737 3947 838 4030 ὅςερον
861 3951 921 4016 ἔτει
944 3954 1030 4030 μετὰ
1058 3954 1112 4028 τὴν
1138 3955 1192 4016 τοῦ
1214 3952 1292 4032 ἱεροῦ
1321 3955 1417 4021 κατιί·

231 4061 326 4136 unqu
358 4053 501 4127 ἕπέίνκεν
529 4055 542 4119 ί
579 4056 732 4128 Φίλιππος
771 4059 866 4136 τέρας
899 4059 941 4138 τῷ
978 4059 1103 4139 τολίμςο
1139 4059 1263 4139 Φωκικῷ
1296 4082 1335 4124 τε
1368 4060 1416 4127 καί

228 4162 294 4242 ιἐρξι
320 4159 456 4233 κλνίὲντι
481 4160 522 4240 τῷ
554 4162 638 4241 αὐτῷ
664 4161 818 4241 Θεοφίλου
846 4163 903 4238 μὲν
927 4164 1087 4238 ’Adiuncto
1107 4161 1280 4244 alexanter,
1304 4166 1413 4244 eritne

229 4266 261 4330 it
285 4257 500 4343 Ὀλυμτιοίδος
524 4265 577 4330 ccl
600 4267 749 4341 ἑκατοςῆς
774 4266 834 4332 ἔτει
861 4268 976 4348 τριίτιρ.
1023 4266 1115 4333 Nunc
1139 4267 1269 4354 quidem
1295 4271 1328 4336 in
1353 4291 1416 4337 rna·

231 4368 345 4437 uilesto
368 4388 477 4438 errore
511 4378 658 4438 tenetur:
696 4369 775 4438 nihil
800 4372 885 4441 eninr
919 4380 1024 4460 potest
1056 4392 1126 4443 esse
1160 4375 1284 4444 certius
1320 4394 1416 4466 qoam
