2940 5010
713 299 773 360 745

142 468 358 556 sequentibus
391 471 498 556 inepte
531 472 702 554 repetitum
735 473 797 556 ῖδίρο
830 491 985 559 expungo.
1042 473 1213 560 Xenophon
1241 475 1335 562 plane

143 578 347 642 contrarium
372 575 513 642 scribere
537 584 704 662 potuerat:
730 577 891 661 δημοσία
929 582 1004 665 (non
1029 579 1103 668 ἰδία)
1129 582 1330 661 οἰκοδομεῖται

144 683 327 763 παλαίςρας
358 682 504 761 πολλός,
537 691 573 748 ul
602 680 697 768 panlo
728 692 801 749 ante
833 685 949 750 ίόουσιν
980 682 1029 751 οὖν
1064 688 1196 772 δημοσία
1237 691 1333 769 ἱερεῖα

144 787 277 866 πολλοὶ,
314 787 369 854 sed
398 787 512 853 maluit
544 787 716 854 variandae
749 790 902 854 orationis
936 792 1040 874 gratia
1075 793 1122 857 sio
1156 791 1283 859 dicere:
1317 795 1331 858 ό

143 890 241 969 δῆμος
269 896 363 966 αὐτὸς
387 895 471 975 αὐτῷ
492 894 717 972 οἰκοδομεῖται,
742 894 826 980 qnod
854 894 985 980 perinde
1015 905 1073 961 esi.
1121 896 1158 963 ln
1179 917 1235 963 ora
1258 898 1333 964 libri

144 1000 328 1084 appositum
350 999 412 1082 ῖδῖρι
436 997 476 1063 ad
500 998 725 1082 corrigendum
748 999 872 1065 scribae
897 1021 1037 1068 errorem
1060 1003 1123 1072 ε’ςῖν
1147 1002 1225 1068 ίδια
1245 1004 1332 1077 ἐνίοις

144 1099 180 1167 in
203 1101 341 1170 alienam
364 1103 471 1169 sedern
503 1105 634 1190 irrepsit
657 1103 826 1190 verbisque
857 1106 973 1172 vicinis
994 1105 1149 1172 adhaesit.
1197 1108 1245 1174 Ex
1273 1108 1332 1174 hoc

143 1203 215 1274 loco
248 1209 422 1276 leodanlnr
451 1229 469 1275 a
499 1209 625 1275 Polluce
644 1210 697 1275 lX.
724 1215 776 1276 45.
808 1213 834 1276 οῖ
866 1212 953 1294 παροδ
984 1219 1153 1295 Ξενοφῶντι
1186 1215 1217 1278 ἐκ
1241 1216 1331 1289 'nln-

144 1315 236 1382 ναίων
259 1315 402 1399 πολιτεία
424 1322 654 1395 αουτριῖνες.

191 1420 302 1487 Insere
322 1419 496 1486 articulum
520 1421 553 1485 in
578 1420 617 1485 ll.
645 1425 705 1486 17:
731 1421 775 1487 ἐτι
800 1422 831 1487 δὲ
857 1421 941 1510 (σόος)
966 1424 1159 1504 συμμαχίας
1183 1426 1235 1490 καί
1260 1426 1331 1498 τοὺς

140 1507 246 1595 lonver
269 1551 314 1565 ·-·
336 1509 462 1590 οὶνιόγκη
495 1512 667 1589 ἐμπεδοῦν,
697 1520 729 1578 el
759 1513 791 1577 in
818 1516 836 1597 §
864 1517 914 1578 18.
950 1513 1040 1592 μέγα
1063 1515 1096 1578 in
1121 1514 1190 1581 his:
1214 1517 1330 1593 ἀλλ’ἢ

141 1618 289 1692 πλούσιος
322 1617 339 1693 ἣ
369 1624 509 1695 γενναῖος
541 1617 558 1692 ἢ
594 1615 707 1705 (μέγα)
741 1617 926 1696 δυνάμενος,
962 1618 1082 1685 Graece
1116 1621 1203 1687 enim
1239 1620 1333 1687 homo

140 1732 251 1810 poleno
274 1742 337 1789 non
362 1722 483 1789 dicitur
504 1722 668 1799 δύνασθαι,
692 1722 746 1788 sed
769 1724 858 1802 μέγα
889 1725 1059 1801 δύνασθαι,
1094 1727 1141 1792 sic
1172 1735 1204 1792 ei
1226 1728 1331 1810 μεῖζον

141 1829 290 1897 δύνασθαι
315 1827 464 1893 dicebant
488 1835 520 1893 et
542 1827 688 1892 δυ’νασόαι
716 1829 845 1907 μέρισον
876 1849 934 1914 pro
963 1833 1167 1916 potentiorem
1199 1851 1268 1899 csse
1301 1842 1333 1899 ct

138 1935 407 2023 potentissimum.

188 2038 228 2107 ln
262 2043 280 2126 §
308 2046 360 2106 18.
391 2047 424 2106 el
459 2040 521 2106 alia
546 2039 659 2104 vitiose
683 2046 760 2104 sunt
792 2048 824 2105 el
856 2039 1015 2124 ἐξεόρηκεν
1050 2045 1082 2107 in
1113 2041 1240 2109 verbis:
1276 2044 1329 2110 καί

144 2146 319 2230 προφάσεις
343 2146 454 2226 μυρίας
479 2144 673 2224 ἐξεύρηκε
706 2150 759 2210 τοῦ
783 2147 828 2224 μη
857 2157 952 2212 ποιεῖν
975 2144 1034 2212 όσα
1066 2145 1104 2211 όιν
1128 2150 1173 2228 μη
1195 2149 1332 2227 βούλων-

143 2276 212 2321 ται.
259 2253 337 2318 Nem
367 2251 445 2336 qnid
469 2250 529 2316 sibi
561 2249 629 2314 vult
654 2251 685 2314 in
709 2250 765 2314 tali
790 2270 825 2316 re
851 2251 1053 2337 perlectum?
1103 2253 1332 2339 lleponendmn

146 2380 261 2429 censeo
285 2358 471 2438 ἐξευρίσκει,
505 2366 538 2421 cl
563 2356 585 2420 l.
613 2361 642 2419 6.
676 2354 826 2437 αόνόρωτιος
856 2359 979 2439 πονηρός
1013 2356 1245 2440 ἐξευρίσκει
1276 2362 1333 2424 σοὶ-

145 2470 243 2549 wlco
267 2467 351 2545 αὐτῷ
374 2489 410 2528 τε
434 2464 485 2528 καί
513 2470 576 2536 τοῖς
601 2462 711 2540 ὁμοίοις
743 2465 849 2544 αὑτῷ,
881 2472 912 2528 el
936 2464 1056 2549 passim
1079 2462 1167 2528 alibi.
1215 2464 1334 2532 Notum

147 2580 197 2641 eol
230 2583 258 2639 Η
279 2581 310 2637 et
334 2581 400 2642 ΙΣ,
430 2595 448 2644 η
474 2577 505 2634 ol
528 2593 580 2644 ιο,
613 2569 791 2633 sexcenties
824 2569 909 2633 inter
943 2589 976 2655 se
1006 2572 1192 2654 permutari.
1241 2569 1334 2656 Apud

147 2676 345 2767 Hesychinm
371 2676 394 2742 l.
429 2695 459 2759 p.
481 2678 554 2740 123.
592 2673 848 2743 Γυιοδόνιςον
881 2673 1000 2755 legitur
1035 2694 1092 2759 pro
1122 2676 1334 2755 γυιοδόνητον,

148 2792 180 2852 et
204 2785 324 2870 moen.
350 2780 666 2862 οὶφιλονείκιςον
691 2799 748 2864 pro
768 2781 1004 2861 οἷφιλονίκητον,
1028 2788 1059 2844 el
1083 2785 1202 2864 p.37o.
1230 2781 1334 2862 ἐξηρ·

147 2888 344 2970 τισμένος
389 2905 445 2971 pro
488 2883 709 2966 ἐξηρτημένος,
746 2894 778 2949 el
818 2907 846 2968 ρο.
873 2890 948 2950 lle.
991 2887 1335 2969 ααταπεφρόνιςο

148 3014 209 3085 pro
242 2990 524 3074 καταπεφρόνητο,
558 2999 589 3054 cl
621 3009 651 3073 p,
676 2993 750 3053 711.
785 2987 1099 3068 ἐξουδενημένος
1133 3011 1190 3076 pro
1222 2991 1337 3068 ἕξουδε·

148 3103 306 3184 νισμίνος,
342 3106 374 3164 el
407 3095 525 3160 similia
560 3095 703 3180 possim,
742 3093 826 3160 unde
862 3095 925 3160 «luo
958 3103 1084 3160 larrium
1119 3095 1200 3162 odilo
1237 3117 1274 3162 ox
1295 3097 1336 3162 ll.

148 3212 272 3299 Μὸδ.
297 3204 561 3284 ἐμβρόντιςος
586 3220 644 3286 pro
667 3200 891 3280 ἐμβρόντητος,
913 3209 945 3266 ei
969 3203 1190 3278 νομόματα
1212 3222 1269 3287 pro
1294 3226 1338 3267 νο-

150 3318 302 3398 μίσματα
327 3309 365 3376 ll.
391 3331 422 3396 p.
444 3311 520 3373 686.
569 3304 675 3371 Simili
701 3305 844 3371 socordia
868 3304 1069 3372 confundunt
1094 3306 1181 3371 aliud
1206 3316 1338 3391 agentes

151 3433 180 3488 H
200 3426 233 3488 el
251 3429 297 3485 T1
321 3426 353 3484 el
376 3426 440 3494 IT,
465 3421 501 3478 ul
526 3411 610 3497 apud
643 3410 840 3498 Hesychium
866 3412 889 3476 l.
914 3433 944 3497 p.
968 3417 1020 3477 50.
1056 3412 1251 3490 όμότηίος
1282 3433 1339 3500 pro

150 3527 328 3607 όμότιτόοο,
353 3532 382 3587 el
409 3539 481 3606 pag.
498 3523 573 3583 755.
595 3521 747 3592 τηόολα
756 3519 780 3595 β
789 3526 847 3584 εῖν
879 3539 935 3603 pro
950 3520 1165 3599 τιτόολαβεῖν,
1190 3527 1221 3585 el
1246 3540 1340 3605 saepe

149 3629 251 3699 simili
277 3627 369 3695 modo
395 3634 556 3711 peccalur.
605 3623 667 3689 Nec
692 3632 817 3688 lonlrrm
845 3633 966 3690 veneres
996 3624 1191 3690 scribae'sie
1215 3633 1337 3690 errant.

151 3738 214 3820 Qui
252 3732 422 3824 Hyperidis
459 3732 633 3795 oracionem
674 3730 760 3794 κατα
798 3730 1006 3807 Δημοσθένους
1042 3730 1213 3796 ειΙῖόεειιιιῑ
1251 3728 1339 3794 aliud

151 3850 284 3929 egentes
315 3838 604 3919 καταπεφρόντικεν
637 3855 693 3920 pro
714 3837 990 3917 καταπεφρόνηκεν
1013 3856 1051 3901 en
1074 3843 1200 3901 veluslo
1224 3835 1340 3902 Codice

151 3948 397 4034 descripserunt
419 3946 450 4009 in
476 3942 542 4008 his:
575 3946 716 4006 τοσοῦτον
740 3942 784 4016 δ’,
809 3938 830 4005 ὦ
855 3939 959 4021 ἄνδρες
984 3941 1128 4017 δικαςαί,
1160 3945 1214 4005 τοῦ
1237 3940 1340 4022 oedy-

151 4078 254 4134 ματος
286 4051 643 4131 καταπεφρόντικεν
668 4047 881 4123 Δημοσόὲνης,
904 4051 1028 4125 μᾶλλον
1052 4048 1104 4120 δὲ,
1135 4046 1161 4109 εί
1186 4047 1234 4110 δεῖ
1254 4047 1341 4124 μετόν

151 4159 324 4241 παρρησίας
358 4157 478 4226 εἰπεῖν,
513 4155 596 4231 ὑμῶν
629 4153 763 4217 καὶτῶν
797 4151 915 4230 νόμον,
949 4150 1004 4216 ubi
1035 4150 1108 4217 luce
1143 4148 1264 4217 clarius
1291 4157 1341 4218 est

153 4262 431 4346 καταπεφρόνηκεν
455 4259 494 4325 ab
518 4269 643 4325 oratore
668 4256 790 4325 dicium
816 4267 848 4324 cl
872 4277 888 4324 a
914 4256 1047 4323 librario
1071 4256 1229 4343 scriplum
1255 4277 1338 4332 essm

153 4370 210 4438 scd
234 4368 274 4436 ad
299 4366 540 4453 Xenophontem
566 4372 719 4431 revertor.

1094 4474 1121 4511 53
