2940 5010
697 276 762 341 580

176 451 250 519 l'osl
279 474 379 540 panca
406 453 491 542 apud
517 450 758 538 Xenophontem
782 451 921 538 legitur:
945 454 1164 535 αἰσχυνόμενοι
1187 458 1215 522 εἰ
1240 480 1323 541 παρ·

127 556 212 633 ὄντες
236 560 329 639 μηδέν
361 561 619 644 ὠφελήσειαν
646 560 716 632 τοὺς
752 556 960 640 συμμάχους,
994 579 1058 625 uon
1089 562 1240 628 convenii
1270 564 1320 630 rei

129 666 269 731 aoristus
290 666 484 749 ὠφελήσειαν
508 673 540 731 et
565 664 745 751 requiritur
772 682 859 729 more
882 662 1003 731 Gracco
1025 662 1196 745 futurum,
1229 667 1320 754 quod

128 769 168 836 de
195 769 249 835 illo
273 771 489 837 necessarium
515 779 564 836 est
588 789 707 857 ponere
731 770 787 856 qni
813 777 907 856 torpe
927 767 1006 856 quid
1029 773 1173 857 [οσονννι
1192 771 1322 859 pudore

130 895 169 941 ue
194 875 225 941 id
252 874 349 943 iaciat
382 876 571 942 retineatur.
619 874 731 962 ltaque
761 873 968 942 scribendum
998 882 1065 941 est:
1097 876 1322 958 αἰσχυνόμενον

128 983 154 1046 εἰ
181 982 274 1061 μηδὲν
303 982 556 1065 οἰφελήσσιεν
587 981 657 1054 τοὺς
688 979 892 1062 συμμάχους.
947 978 1056 1047 Alexis
1091 980 1252 1050 Athenaei
1285 1004 1321 1071 p.

129 1092 189 1154 241
218 1088 252 1153 B.

668 1194 745 1258 ἀλλ’
769 1191 964 1273 αἰσχύνομαι

353 1300 405 1365 τὸν
428 1299 554 1380 Κόρυδον
577 1300 603 1364 εἰ
627 1296 702 1376 δόξα
727 1300 892 1380 συναριςοῖν
915 1322 995 1364 τισιν

353 1402 430 1470 οὗτοι
454 1403 631 1485 προχείρως.
655 1405 709 1468 οὐκ
732 1405 929 1485 οἰποιρνοῦμαι
953 1402 979 1469 δ’
1001 1399 1102 1483 ὅμως,

352 1509 505 1590 οὐδὲγὰρ
529 1509 640 1583 ἐκεῖνος
664 1509 702 1575 ἂν
726 1518 808 1592 καλή
833 1534 892 1584 τις.

174 1611 279 1680 Simili
311 1612 405 1679 modo
435 1611 612 1700 loquuntur
639 1635 761 1682 omncs.
807 1614 920 1702 Lysias
941 1615 996 1682 lll.
1022 1622 1053 1682 5.
1085 1616 1317 1699 αἰσχυνόμενοι

126 1723 152 1786 εἰ
176 1720 318 1798 μέλλοιεν
347 1720 458 1786 πολλοί
487 1744 538 1799 μοι
563 1721 763 1787 συνείσεσθαι.
810 1721 959 1787 horisius
981 1729 1014 1787 el
1042 1706 1190 1788 iulurum
1216 1724 1318 1809 aptis·

120 1824 209 1893 vsime
236 1823 410 1911 composita
433 1832 510 1891 suut
534 1824 618 1912 apud
644 1823 889 1892 Demosthenem
913 1825 1008 1893 XXV.
1034 1830 1088 1893 63.
1121 1829 1176 1894 οὐκ
1198 1829 1317 1912 αἰσχύ·

127 1935 212 1997 nerle
242 1933 268 1997 εἰ
296 1932 322 1996 οἱ
350 1931 407 2008 μὲν
432 1967 476 1980 -
501 1933 729 2010 ήγήσαντο,
762 1933 849 2010 ὑμεῖς
880 1934 912 1998 δὲ
936 1968 971 1980 -
1005 1932 1047 2006 εἰς
1080 1933 1165 2012 ὑμᾶς
1198 1933 1317 2008 αὐτοὺς

126 2034 390 2116 καταμίξετε.
437 2034 556 2102 Eadem
591 2038 675 2103 ratio
704 2035 873 2102 inmollis
906 2035 979 2102 aliis
1010 2034 1116 2103 verbis
1143 2038 1317 2116 cernitur,

126 2161 223 2228 quarn
259 2139 372 2207 Graeci
405 2160 445 2206 ex
482 2142 550 2229 ipsa
586 2143 632 2208 rei
667 2150 781 2208 patrna
818 2142 1079 2209 constantissime
1115 2151 1315 2230 sequuntur.

126 2248 232 2313 Pauca
254 2244 397 2332 exempla
423 2246 609 2334 apposuisse
632 2248 695 2313 erit
718 2247 809 2313 satis.
857 2244 1031 2333 Xenophon
1055 2244 1178 2314 Hellen.
1199 2246 1243 2313 ll.
1267 2269 1316 2317 ιιι.

127 2358 183 2419 55.
209 2349 355 2432 θαυμάζοι
377 2352 403 2417 εἰ
423 2354 467 2431 μή
490 2353 716 2432 βοηθήσετε,
741 2360 773 2418 el
791 2352 832 2418 ll.
855 2372 898 2420 tv.
924 2355 978 2419 ne.
1003 2354 1160 2437 Φήννήσας
1182 2352 1316 2420 Accole-

126 2460 181 2540 δρῳ
205 2458 229 2521 εἰ
254 2457 510 2536 εὐδοκιμήσοι.
558 2455 732 2523 Aeschines
754 2457 786 2522 in
806 2456 947 2545 Clesiph.
973 2459 1089 2542 5147.
1115 2457 1317 2538 Δημοσθένης

124 2567 177 2629 οὐκ
210 2564 327 2646 eperat
351 2562 378 2627 εἰ
408 2564 453 2641 μή
474 2561 558 2636 δίκην
583 2562 727 2641 δέδυκεν,
750 2565 826 2630 αλλ’
849 2564 875 2628 εἰ
904 2564 951 2643 μή
977 2563 1030 2629 καί
1050 2566 1156 2646 χρυσῷ
1182 2562 1315 2649 τεφάνοι

125 2667 459 2751 ςεΦανοιήήσεται
496 2668 684 2746 ἀγανακτεῖ.
739 2667 828 2734 Plato
858 2667 899 2735 de
932 2668 1010 2756 hep.
1038 2667 1076 2733 V.
1112 2687 1143 2756 p.
1171 2673 1240 2737 tto
1273 2672 1315 2739 Δ.

124 2776 259 2852 ἀγαπῶν
279 2770 375 2845 εἴτις
401 2770 512 2837 εὀὶσοι
540 2770 660 2837 ποὶντοο.
707 2773 826 2838 Eadem
847 2773 1091 2859 compositionis
1114 2772 1219 2841 forma
1240 2794 1316 2843 ere·

124 2878 183 2944 bro
204 2884 337 2965 apparel
358 2877 391 2942 in
417 2875 524 2943 verbis
544 2881 728 2956 λυποῦμοοι,
753 2876 915 2961 ἄχθομαι,
939 2878 1022 2944 δεινοὶ
1043 2883 1213 2959 ποιοῦμαι,
1235 2880 1316 2948 ἐλεῶ

125 2995 158 3051 et
181 2983 334 3066 οἰκτείρω,
366 2980 501 3069 aliisque
525 2981 557 3047 id
581 3001 707 3068 genus,
744 2984 771 3048 si
796 2981 829 3048 id
853 2980 938 3069 quod
961 2981 1109 3050 loturum
1137 3002 1210 3051 esse
1238 2986 1317 3072 quis

124 3098 217 3179 putat
250 3089 279 3155 ei
304 3086 463 3164 dolorem,
497 3085 771 3173 indignationem,
802 3086 1057 3155 misericordiam
1087 3087 1211 3156 dicitur
1241 3108 1315 3159 mo·

125 3215 221 3273 vere,
256 3203 291 3260 ul
323 3194 356 3259 in
381 3191 481 3259 duab.
502 3190 526 3257 l.
551 3212 592 3258 tr.
618 3196 648 3258 7.
672 3194 698 3258 οἱ
718 3193 745 3258 δ’
768 3191 905 3276 ᾤκτειρον
928 3193 954 3258 si
987 3193 1172 3273 οἱλνίσσιντο,
1205 3202 1240 3262 ei
1264 3194 1318 3263 sie

126 3300 221 3367 multi
247 3304 363 3387 passim
388 3297 573 3384 loquuntur.
623 3296 899 3379 Quemadmodum
931 3298 1034 3384 igitur
1055 3296 1120 3364 illis
1140 3297 1222 3366 locis
1244 3320 1316 3368 om·

126 3404 221 3471 uibus
244 3404 459 3470 necessarium
482 3410 530 3468 est
554 3401 725 3481 futurum,
746 3401 855 3469 eodem
881 3402 975 3470 modo
996 3403 1119 3491 requiri
1143 3401 1176 3470 iu
1201 3412 1317 3475 nosue

125 3510 194 3577 loco
215 3516 303 3597 patel
326 3507 542 3589 αἰσχυνόμενοι
564 3509 591 3574 εἰ
613 3507 709 3587 μηδὲν
733 3511 993 3591 ιίΦελήσυιεν.

171 3614 255 3682 Sunt
277 3611 407 3701 quidam
432 3612 464 3677 in
490 3611 710 3700 Xenophontis
739 3612 912 3680 llellenieis
943 3612 1005 3680 loei
1035 3614 1070 3680 iu
1093 3613 1214 3703 quibus
1235 3636 1317 3685 rere

126 3722 289 3808 scriptura
318 3716 454 3784 feliciter
477 3726 527 3785 est
558 3725 708 3797 serrata,
732 3720 869 3806 quaein
901 3738 936 3785 re
964 3718 1063 3786 simili
1090 3728 1149 3788 aut
1178 3739 1319 3808 prorsus

125 3825 238 3894 eadem
268 3821 354 3913 apud
384 3823 463 3889 alios
487 3825 662 3912 scriptores
689 3825 813 3891 httieos
836 3823 1017 3891 scribarum
1046 3824 1246 3913 negligentia
1269 3826 1318 3893 ri·

126 3933 207 3999 tiata
229 3938 289 3998 est.
335 3928 447 4016 ltaque
470 3929 497 3996 si
525 3931 600 4017 quis
621 3929 727 3998 locum
751 3927 919 3996 emendate
951 3931 1110 4019 scriptum
1143 3930 1215 3999 loeo
1241 3950 1319 3998 cor·

125 4047 222 4126 rupto
245 4034 427 4102 adhibuerit
452 4055 491 4102 en
515 4038 687 4124 utriusque
707 4036 947 4124 comparatione
967 4034 1000 4101 id
1023 4036 1108 4123 quod
1130 4037 1317 4124 genuinum

125 4152 158 4210 et
179 4162 291 4209 nerum
315 4149 365 4208 est
386 4161 542 4230 apparere
565 4142 713 4222 debebit,
736 4141 821 4229 quod
849 4142 954 4209 tribus
973 4140 1052 4209 locis
1072 4140 1315 4211 demonstrabo.

35 4260 37 4263 ·
126 4246 184 4312 list
206 4246 288 4335 apud
314 4246 537 4336 Thucydidem
568 4247 658 4316 locus
679 4247 717 4315 V.
742 4251 773 4313 i.
820 4247 924 4314 Κλέαν
953 4246 1140 4325 ἐξέπλευσεν
1161 4249 1206 4324 εἰς
1229 4248 1315 4317 miri

130 4356 251 4438 Θρρὶκνς
283 4356 392 4439 χοιρία.
419 4392 462 4406 -
487 4355 574 4438 σχὼν
607 4354 639 4422 δὲ
669 4355 701 4428 ἐς
731 4354 864 4430 Σκιώνην
886 4393 930 4437 .··
952 4352 1169 4424 κατέπλευσεν
1199 4354 1231 4430 ἐς
1260 4352 1316 4423 τὸν
