2940 5010
719 120 779 183 196

154 293 361 373 ’ποβιίσεται,
387 297 423 358 ui
445 290 529 379 apud
562 290 678 360 Herod.
704 293 787 361 v111.
812 298 869 359 67,
906 290 1105 375 ἐκαραδόκεον
1134 294 1188 361 τὸν
1203 289 1357 377 τίλιριον’

154 410 193 483 κῇ
215 398 414 479 ἀποβήσεται
443 406 474 463 et
497 396 522 464 l.
549 400 602 463 52.
634 398 775 466 σκοπέειν
801 400 864 481 χρὴ
885 399 1003 472 παντὸς
1028 400 1194 481 χρίματος
1210 401 1259 477 τὴν
1274 424 1334 467 τε·
1375 386 1378 401 ’

151 506 265 580 asorbo
294 513 332 586 κῇ
355 503 572 581 ἀποβήσεται.
595 510 628 569 et
649 505 681 569 in
707 504 849 570 Platonis
873 501 990 593 Lyside
1014 506 1090 570 206.
1113 506 1153 571 Α.
1183 503 1339 579 debriat&

152 608 269 687 μέλλον
296 605 357 691 dap
379 609 578 687 ἀποβήσεται
600 617 633 675 et
662 629 756 697 saepe
781 608 879 685 alibi,
907 617 943 675 ut
971 609 1074 675 mirer
1094 628 1157 677 ettr
1182 608 1240 677 boe
1261 608 1344 675 bri-

152 711 325 799 stoplraues
348 713 458 779 riserit
482 714 514 778 in
535 722 610 779 noto
632 713 812 801 fragmento
832 721 892 781 τῶν
916 714 1102 781 Δαιταλίυνν

333 818 535 896 αποβνίσεταί
555 843 601 886 σοι
624 825 730 886 ταῦτα
753 828 810 886 ποῖ
826 820 868 884 τα
888 822 1038 903 ῥήματος

333 935 369 991 Β.
393 926 467 1004 παρ’
487 924 691 1004 ’Λλκιβιοίδου
713 928 803 991 τοῦτο
826 925 1059 1003 τοίποβνὶσεται.

150 1030 207 1099 sed
228 1030 269 1097 ad
293 1027 446 1095 Holenam
470 1038 631 1109 revertor,
655 1028 710 1095 ubi
732 1049 778 1095 vs.
796 1033 873 1095 896.
899 1028 982 1095 male
1004 1024 1179 1095 scribitur:

331 1136 376 1215 ριιὶ
400 1158 460 1213 μον
483 1135 634 1218 κατείπῃς
656 1136 698 1217 σῷ
722 1135 900 1216 κασιγνήτῳ
919 1134 1009 1200 πόσιν

330 1238 411 1304 τόνδ’
433 1239 476 1312 εἷς
497 1240 578 1318 ἐμὰς
599 1238 712 1316 ἥκοντα
731 1239 939 1323 φιλτάτοις
964 1238 1082 1321 χέρας,

150 1363 208 1434 pro
229 1346 400 1428 φίλτατον.
447 1342 583 1410 Gravius
608 1343 709 1410 multo
732 1351 905 1430 corruptus
928 1351 978 1408 est
1000 1360 1114 1409 versus
1137 1344 1234 1411 1021.

330 1447 418 1515 αὐτοὶ
442 1449 500 1526 μὲν
522 1444 572 1514 οὖν
595 1449 650 1523 τὴν
669 1446 770 1524 ἔξοδόν
791 1454 825 1527 γ’
846 1448 1017 1530 εὑρίσκετε,

150 1554 205 1622 ubi
228 1556 284 1631 τήν
305 1550 388 1619 utute
419 1551 551 1618 additur
570 1560 602 1618 et
625 1577 666 1632 ys
695 1551 871 1619 ridiculum
899 1561 967 1631 est,
993 1558 1161 1638 praeterea
1189 1554 1363 1636 εὑρίσκειν

149 1682 212 1728 ιιοιι
233 1670 282 1728 est
301 1659 349 1725 rei
375 1656 671 1736 accommodatum,
695 1677 778 1744 quae
801 1656 982 1740 ἐξευρίσκειν
1005 1654 1160 1743 postulat.
1208 1658 1244 1725 lu
1264 1662 1366 1725 tu!¹

149 1765 321 1853 multiplici
346 1762 429 1830 maio
451 1770 570 1829 ettam
596 1761 765 1829 manifesto
792 1762 954 1850 probabile
977 1770 1026 1829 est
1046 1781 1108 1828 oon
1134 1762 1236 1848 ipsam
1258 1772 1367 1853 pots

149 1882 201 1940 tae
228 1889 361 1938 manum
391 1867 504 1935 ieviter
524 1865 730 1953 depravatam
755 1869 788 1932 iu
813 1875 965 1954 corrupta
994 1866 1158 1952 scriptura
1184 1866 1308 1935 subesse
1323 1900 1361 1941 φ

147 1998 186 2046 ex
219 1977 315 2043 cuius
346 1972 492 2059 reliquiis
520 1991 596 2039 vera
626 1970 721 2038 lectio
757 1973 860 2059 perite
889 1970 1148 2037 reconcinnaoda
1180 1973 1245 2051 sit,
1274 1962 1349 2039 sel

147 2081 288 2148 alienum
320 2076 510 2145 vocabulum
542 2078 731 2163 irrepsisse,
763 2076 971 2164 quamobrem
998 2074 1228 2163 corrigendum
1263 2096 1342 2147 eom

146 2187 305 2253 arbitror:

373 2288 461 2356 αὐτοὶ
483 2289 541 2367 μὲν
562 2284 612 2353 οὖν
636 2292 693 2353 τιν’
714 2285 813 2364 ἔξοδον
833 2287 1000 2366 pafrem.

145 2395 303 2463 Similiter
324 2394 356 2460 in
375 2393 451 2459 lone
473 2410 521 2459 vs.
545 2394 622 2457 616.
648 2392 680 2457 in
702 2390 794 2458 libris
814 2399 863 2459 est
885 2390 1055 2458 manifesto
1077 2390 1234 2461 mendosa
1255 2394 1331 2461 seri·

144 2510 256 2589 ptura:

366 2601 441 2675 ὅσας
464 2600 600 2683 σφαγὰς
624 2601 658 2677 tt
679 2601 855 2685 Φαρμάκων
876 2603 1052 2683 θανασίμων

368 2718 516 2789 γυναῖκες
539 2706 640 2793 εὖρον,

143 2813 235 2881 futite
264 2822 312 2881 est
341 2815 482 2883 inserere
509 2842 563 2895 τε,
595 2823 752 2903 quaeest
782 2816 887 2888 συκίνη
916 2814 1082 2897 ἐπικουρία.
1130 2812 1230 2881 Poeta
1253 2814 1336 2883 mibi

143 2920 311 3007 scripsisse
335 2920 461 2988 videtur
484 2921 659 3005 φαρμάκων
682 2920 893 3003 ουρυφίίρυν,
918 2927 953 2983 ut
975 2916 1060 3003 apud
1083 2916 1264 2987 Homerum
1287 2930 1337 2989 est

143 3023 256 3113 Odyss.
281 3026 315 3093 B.
341 3030 417 3093 529.
447 3028 516 3111 ὄφρ’
543 3027 624 3094 ἓνίεν
660 3026 836 3109 ίνροοφίίρα
859 3023 1005 3107 Φάρμακ
1040 3024 1148 3107 ἐνείκῃ.
1201 3021 1336 3093 Adseri-

142 3131 206 3216 psit
227 3131 428 3216 magistellos
447 3135 639 3211 θανασίμων,
666 3129 750 3217 quod
772 3150 847 3197 eum
878 3128 940 3194 sibi
964 3126 1080 3195 babere
1101 3126 1264 3195 iubemus.

188 3233 224 3298 ln
253 3240 470 3302 versu1035.

367 3340 465 3413 κοινὶρν
485 3337 653 3415 ξυνάπτειν
676 3340 822 3420 μηχανὴν
841 3338 1014 3420 σωτηρίας,

141 3440 222 3507 mibi
243 3439 374 3527 quidem
398 3452 480 3525 κοινῇ
507 3443 623 3511 melius
647 3442 785 3508 videtur.
834 3444 970 3509 Prorsus
997 3440 1174 3509 absurdum
1199 3452 1252 3511 est
1288 3464 1336 3511 vs.

144 3550 240 3614 1049.

364 3654 474 3731 βούλει
494 3652 643 3732 λέγεσθαι
666 3657 712 3733 uir
734 3653 828 3718 daubo
854 3652 932 3735 ἔργῳ
957 3654 1075 3729 ίανεῑνς

232 3764 339 3825 ΜΕΝ.
368 3760 464 3833 κακὸς
481 3761 538 3839 μὲν
557 3758 653 3842 ὅρνις,
676 3761 702 3824 εί
727 3759 759 3824 δὲ
780 3757 912 3839 κερδανῶ
934 3759 1037 3837 λέγων

365 3860 485 3944 ἕτοιροίς
505 3865 569 3944 είροι
594 3866 638 3943 μὴ
661 3865 754 3931 θανὼν
775 3864 860 3946 λόγῳ
883 3866 993 3928 θανεῖν.

137 3971 252 4036 lacuna
278 3976 371 4035 vetus
406 3970 437 4035 in
462 3970 566 4056 primo
596 3988 691 4036 versu
723 3968 852 4035 videtur
877 3989 916 4034 ox
950 3968 1046 4034 tertio
1071 3966 1147 4034 oiim
1177 3966 1333 4055 imperite

137 4073 305 4161 suppleta,
332 4073 602 4159 quomadmodum
628 4074 729 4143 multa
760 4076 793 4141 in
822 4074 882 4141 bac
907 4072 1013 4140 sabaia
1037 4081 1070 4139 et
1095 4071 1169 4141 aiiis
1189 4073 1331 4141 uonuul·

138 4179 177 4245 lis
201 4177 384 4246 huiusmodi
406 4188 497 4259 suut,
524 4188 559 4249 ut
578 4183 630 4250 rix
657 4200 755 4252 uuum
781 4190 812 4251 et
838 4178 975 4248 aiterum
1002 4176 1190 4248 vocabulum
1214 4180 1332 4266 genui·
