2940 5010
624 325 689 389 nm

55 505 146 577 tus,
175 504 226 568 tu.
257 509 291 566 ct
321 504 408 578 454,
434 504 484 566 10.
521 499 600 566 lhid.
637 520 667 586 p.
691 504 778 576 414,
804 503 857 566 25.
893 501 925 565 iu
957 501 992 567 A.
1025 521 1082 588 pro
1113 509 1238 584 συνερῶν

55 615 109 674 est
127 607 282 688 συναίρειν.
329 606 445 672 Contra
468 605 553 692 apud
579 605 740 672 Demosth.
766 626 795 692 p.
818 609 901 682 605,
925 609 979 672 28.
1004 608 1239 683 detrectantem

53 719 192 794 συνερεῖν
222 710 253 778 S.
278 710 406 778 exhibet
438 720 614 793 συνεργεῖν,
647 718 680 775 ct
710 711 743 776 in
777 710 891 800 Lysiae
921 718 1002 778 orat.
1026 711 1094 779 Xii.
1119 717 1174 779 86.
1206 714 1241 779 in

57 815 152 885 tibris
183 824 233 883 est
262 819 322 884 τῶν
356 816 659 899 ξυνεργούντων
692 819 797 890 αὐτοῖς
836 815 922 894 ἄξιον
959 816 1150 900 ύαυρούζειν,
1183 819 1239 885 uhi

61 921 211 990 hisichius
241 942 353 989 rerum
387 921 466 988 vidit
495 921 692 1005 ξυνερούνσων
720 921 904 989 emendans.
953 922 1154 1001 hindortins,
1183 925 1240 1011 qui

59 1026 95 1092 iu
120 1026 212 1094 Thes.
245 1028 280 1093 h.
304 1028 339 1095 G.
375 1027 573 1109 Συναγορεύυν
598 1037 628 1093 et
657 1027 807 1108 Συνερέω,
838 1028 999 1109 συνεύρηιια
1027 1037 1059 1094 et
1094 1036 1241 1096 Συνεῖπον

58 1130 166 1199 trihus
192 1132 271 1199 iocis
301 1133 457 1200 disiunxit
482 1143 514 1199 et
544 1131 626 1198 idem
651 1133 683 1197 iu
710 1131 846 1198 caeteris
877 1132 1026 1198 omnihus
1049 1134 1137 1200 verhi
1161 1137 1241 1214 οῖγο-

58 1237 135 1318 ρεύο
168 1238 354 1324 oompnsitis
392 1237 486 1314 iecit,
523 1238 556 1302 in
597 1257 625 1303 r.
662 1237 794 1318 Συνερέυ
832 1236 940 1303 attulit
976 1236 1092 1303 iuliani
1133 1238 1241 1305 iocum

59 1362 93 1430 p.
117 1345 169 1409 52.
195 1341 237 1408 C:
261 1343 365 1426 φύλοις
396 1352 612 1423 συνεργεῖν
639 1342 932 1422 ἐπαγγειλάμενοι,
969 1343 1023 1408 uhi
1047 1342 1241 1432 Wytteuba·

60 1446 156 1516 chius
187 1450 346 1536 optionem
380 1447 457 1514 iacit
490 1449 575 1514 inter
606 1457 738 1530 συνερεῖν
762 1458 793 1514 et
821 1456 1005 1530 συνηγορεῖν.
1053 1447 1132 1530 Quis
1163 1469 1243 1537 puu-

54 1563 154 1622 ctum
178 1555 332 1640 temporis
354 1552 513 1619 duhttahit
534 1553 611 1639 quin
636 1562 768 1635 συνερεῖν
794 1553 888 1620 unice
912 1572 1022 1620 verum
1046 1553 1112 1620 siti
1137 1554 1244 1622 Etiam

60 1668 195 1742 συνερεῖν
218 1668 250 1726 et
280 1667 454 1741 συνηγορεῖν
481 1656 547 1722 vidi
571 1656 723 1724 contundi
736 1711 745 1737 ‚
779 1678 894 1745 nempe
923 1659 1046 1726 scribae
1075 1679 1133 1747 pro
1162 1686 1246 1728 ουνε-

57 1771 188 1849 ροῖννσας
218 1764 420 1832 substituunt
452 1771 717 1846 συνηγοροῦντος,
753 1772 788 1830 ιιι
814 1764 899 1851 apud
932 1764 1177 1832 Demosthenem
1210 1787 1241 1853 p,
1363 1817 1365 1822 .

64 1874 171 1948 1234,
196 1873 236 1936 2:
260 1871 410 1943 τοιούτους
431 1870 529 1936 τοίνυν
552 1871 623 1943 τοὺς
655 1875 985 1950 συνηγοροῦντος
1022 1871 1127 1944 αὐτοῖς
1151 1896 1243 1953 παρε-

60 1977 288 2056 σκευασμένοι,
323 1974 378 2040 uhi
406 1995 514 2041 reram
547 1974 740 2060 scripturam
767 1976 838 2047 τούς
868 1979 1065 2056 συνεροῦντας
1089 1993 1108 2040 a
1131 1974 1245 2044 Codice

64 2081 103 2148 A.
128 2089 241 2166 gratus
262 2082 395 2167 accipin.
443 2080 540 2146 Recte
570 2081 728 2165 scriptum
752 2087 802 2145 est
831 2098 862 2164 p.
885 2082 971 2157 849,
995 2083 1037 2145 9:
1069 2080 1152 2154 εῖδύς
1176 2107 1246 2148 συν-

59 2190 177 2269 εροῦντ’
200 2187 283 2268 αὐτῷ
312 2187 367 2260 την
401 2186 495 2259 δίκην.
544 2183 638 2250 Aliud
664 2203 766 2268 genus
785 2183 894 2250 mendi
918 2185 1049 2271 irrepsit
1078 2186 1164 2273 apud
1188 2187 1245 2254 lie·

63 2290 264 2359 mosthenem
302 2310 330 2376 p.
357 2295 446 2369 445,
472 2295 512 2355 2:
547 2288 628 2362 ὅπως
663 2296 781 2369 συνερεῖ
816 2288 881 2376 [καὶ
918 2292 1167 2379 συναγωνιεῖται]
1203 2295 1245 2375 τῷ

60 2400 161 2480 ροιαρςῖ
185 2396 388 2478 Φιλοκράτει,
413 2395 467 2460 uhi
492 2395 555 2461 duo
575 2394 671 2460 rerba
704 2392 894 2480 interpolata
922 2402 999 2461 snut
1020 2414 1040 2461 a
1064 2395 1247 2477 Graeculis,

60 2501 182 2591 quihus
211 2510 331 2582 συνερεῖ
362 2508 432 2566 erat
465 2501 668 2566 inusitatum.
725 2498 842 2565 Eodem
880 2497 974 2566 modo
1008 2501 1041 2565 in
1078 2500 1247 2571 Aeschinis

61 2606 151 2686 ioco,
175 2606 214 2673 de
237 2627 300 2694 quo
324 2605 364 2672 ad
388 2605 559 2695 Hyperidis
582 2605 675 2683 λύγον
699 2603 865 2686 ἐπιτάφιον
888 2605 1049 2682 diximus,
1074 2627 1175 2693 quum
1200 2629 1247 2677 es·

62 2719 115 2781 sei
136 2713 170 2778 in
191 2711 284 2778 libris
308 2712 443 2777 vetustis
465 2719 777 2786 ΤΙΙΙΟΤΑΝΕΡΕῙ,
801 2711 834 2775 σι’
857 2717 927 2776 ποτ’
949 2713 1052 2793 ύνερεῖ
1072 2710 1099 2800 (d
1122 2712 1246 2802 αηρυξ);

61 2836 165 2905 quum
185 2817 334 2903 imperite
358 2815 624 2902 descripsissem:
648 2816 681 2881 ri
703 2816 773 2880 ποτ’
797 2814 836 2880 ῖυν
858 2816 936 2895 ipen
962 2815 1002 2882 de
1032 2836 1091 2883 suo
1122 2817 1247 2886 addidit

61 2921 280 3010 magistellus:
305 2926 322 2998 ἢ
345 2921 377 2986 σι’
397 2919 587 3003 <tilpinum
619 2919 776 2987 Similiter
798 2917 920 2984 videbis
939 2929 1071 3003 προερῶν
1090 2925 1122 2988 iu
1143 2926 1246 3005 προαύ·

62 3052 140 3111 ρυν,
171 3032 318 3108 προτερεῖν
345 3026 378 3089 iu
402 3029 566 3106 concerptis
596 3023 761 3111 depravari
794 3030 985 3111 caeteraque
1007 3031 1184 3115 composita
1207 3029 1248 3095 ad

61 3130 202 3201 eundem
230 3131 372 3196 modum.
420 3134 536 3211 ’τπερῶ
560 3129 653 3194 verbo
674 3129 800 3216 praeibo
825 3127 922 3216 (qnod
945 3131 1034 3197 verbi
1068 3134 1247 3215 ύπαγορεύυ

16 3294 29 3325 ,
64 3237 213 3306 inturum
234 3244 283 3303 est
306 3235 391 3323 apnd
415 3234 551 3322 veteres)
578 3233 661 3320 apud
686 3234 893 3300 Ammouinru
923 3233 963 3302 de
986 3236 1024 3304 Ι).
1047 3237 1085 3304 V.
1117 3259 1147 3326 p.
1172 3244 1246 3306 140.

63 3343 113 3409 sio
135 3349 325 3428 corruptum
345 3349 413 3408 est:
450 3341 527 3419 ἐγὼ
558 3342 597 3406 δὲ
633 3340 786 3421 ὑπαῖριυ
819 3340 887 3405 τὸν
921 3338 1052 3423 ύρνον,
1085 3344 1155 3411 οῖντῖ
1192 3352 1245 3412 τοῖ

63 3447 248 3530 προαῖρυ.
297 3445 544 3532 Aristophanes,
568 3445 662 3510 cuins
686 3444 764 3511 haec
788 3443 884 3511 rerba
908 3455 1007 3527 suut,
1029 3447 1176 3516 dederat:

337 3551 399 3631 ἐγὼ
423 3552 448 3617 δ’
473 3552 597 3633 ύπερῶ
621 3553 672 3616 τὸν
695 3547 799 3631 ὅρκον,
1257 3611 1265 3629 ,

63 3656 151 3747 quod
174 3657 407 3744 grammaticus
438 3676 499 3722 non
534 3654 705 3722 admodum
735 3664 885 3724 accurate
908 3666 1019 3741 προερῶ
1049 3669 1119 3727 erat
1151 3664 1249 3728 intor-

64 3772 211 3853 pretatus
231 3759 430 3828 contundens
453 3762 632 3843 ὑπαγορεύει
657 3771 688 3828 et
707 3765 910 3845 προαγορεύω.
958 3762 1044 3830 Nihil
1068 3775 1118 3833 est
1139 3777 1248 3834 autem

64 3868 267 3956 frequentius
290 3887 386 3954 qnam
412 3875 447 3933 ut
466 3866 613 3934 futurum
637 3871 739 3948 οῖπερῶ
770 3869 928 3955 concipiat
954 3871 1081 3937 vitium.
1128 3875 1247 3955 Ἀπεροῖ

64 3984 125 4042 aut
146 3974 180 4040 in
203 3973 325 4054 απαῖρυ
353 3971 442 4038 ahire
465 3973 544 4040 solet
572 3981 628 4038 aut
652 3973 684 4037 in
707 3974 829 4055 οῖτορυῖ,
861 3992 962 4060 eaque
985 3975 1032 4041 sio
1056 3977 1175 4062 passim
1199 3979 1246 4043 in·

66 4090 117 4148 ter
135 4099 170 4147 se
186 4079 441 4166 permiscentur,
464 4087 501 4144 ut
527 4080 560 4144 in
585 4069 776 4165 unoquoque
806 4079 875 4145 ioco
900 4080 968 4166 ipsa
987 4082 1147 4147 sententia
1170 4083 1248 4170 quid

65 4206 179 4254 rerum
200 4185 244 4251 sit
272 4183 339 4250 sola
370 4191 536 4250 monstret.
584 4183 675 4270 Apud
698 4185 870 4252 Isocratem
900 4184 1067 4271 legebatur
1093 4188 1127 4252 iu
1156 4189 1247 4256 Anti:

66 4291 137 4359 desi
169 4293 296 4377 §mm
330 4292 497 4370 οῖσορεῖν
529 4289 581 4355 καὶ
606 4290 802 4368 παύσεσθαι,
838 4311 938 4378 quum
969 4290 1103 4358 Urbinas
1134 4313 1246 4362 verum

64 4399 190 4480 οῖπερεῖν
213 4394 338 4464 ohtnlit.
387 4394 479 4482 Apud
504 4394 749 4482 Aristophanem
776 4398 808 4462 iu
839 4397 962 4484 Equiti.
989 4416 1034 4463 vs.
1056 4402 1132 4468 677.
1169 4400 1246 4467 net-

997 4509 1027 4549 a
1040 4504 1053 4536 ε
