2940 5010
698 274 763 336 558

139 450 258 515 τοιαῦτ’
281 447 327 517 ἐπὶ
351 447 394 513 πά
413 453 472 513 τῶν
493 445 665 527 τυράννοιν,
689 445 844 514 inlidito.
869 447 954 514 Veii.
980 458 1029 516 cst
1050 457 1185 519 τοιαῦτα
1204 454 1267 520 cici
1295 455 1326 520 iu

140 574 203 641 quo
226 553 396 620 manifesta
427 553 562 638 vestigia
587 559 665 618 sunt
697 552 862 632 lectionis,
894 557 1015 621 τοιαῦτ’
1037 556 1102 623 aiei
1130 558 1178 629 ἑςι
1201 559 1246 626 πά
1268 566 1327 625 πῶν

137 660 308 745 τυράννοιν,
332 678 428 746 quam
450 660 512 724 loci
537 658 696 725 sententia
719 658 878 745 requirit:
901 658 974 725 τότε
999 662 1085 728 enim
1113 670 1147 730 et
1168 663 1224 730 οῖεῖ
1244 664 1329 731 inter

139 787 174 834 sc
197 764 381 854 opponenda
411 773 498 832 sunt.
546 763 614 832 Non
639 772 688 830 est
712 762 777 829 ulla
802 762 962 831 dubitatio
984 766 1064 852 quin
1102 767 1136 833 in
1172 770 1249 854 59.
1272 789 1330 858 pro

138 871 458 953 ennoematicae
483 869 639 937 amhahus
670 866 820 936 manibus
843 869 1066 957 amplectenda
1097 875 1141 941 sit
1165 876 1329 962 scriptura

139 976 232 1045 ὕπνον
260 976 482 1060 λαγχάνομεν.
530 975 665 1062 Saepius
699 972 766 1039 ridi
795 975 939 1041 Atticum
963 974 1058 1043 ὕπνου
1089 979 1275 1064 λαγχάνειν
1296 989 1328 1047 et

136 1094 252 1166 λαχεῖν
281 1103 301 1149 a
336 1081 501 1150 Graeculis
536 1083 570 1147 in
606 1079 669 1147 alia
702 1081 810 1146 omnia
844 1080 982 1167 retingi,
1019 1082 1115 1150 cuius
1155 1086 1206 1151 rei
1240 1087 1329 1153 iurat

137 1188 282 1275 exempla
303 1187 460 1274 quaedam
482 1204 653 1274 apponere.
702 1185 739 1251 ln
768 1184 982 1272 Theophrasti
1006 1186 1155 1255 charact.
1180 1210 1252 1279 cap.
1275 1195 1328 1259 tt.

136 1295 183 1360 sic
215 1293 335 1379 legitur
363 1294 396 1358 in
432 1292 554 1378 optimo
582 1291 726 1357 omnium
759 1290 874 1358 Codice
896 1292 1061 1361 Palatino:
1084 1295 1139 1361 καὶ
1165 1301 1223 1363 ποῦ
1249 1312 1328 1364 οιιλ-

137 1403 227 1468 πιςοῦ
248 1400 279 1465 δὲ
301 1401 337 1465 πδ
359 1400 526 1478 πολεμικὸν
546 1399 746 1476 σημαίνοντος
769 1399 938 1477 καθήμενος
960 1400 993 1464 ἐν
1012 1408 1052 1483 τῇ
1074 1410 1170 1485 σκηνῇ
1202 1399 1326 1482 ‚tear

136 1506 168 1579 ἒς
192 1504 337 1588 κόρακας.
361 1506 415 1570 οὕκ
436 1503 521 1569 ἐάσει
553 1502 606 1568 τὸν
628 1500 781 1585 άνάροιπον
812 1500 936 1569 ὕπνον
965 1505 1115 1585 λαβεῖν
1138 1509 1247 1574 πυκνά
1275 1534 1327 1585 οη-

135 1611 288 1692 μαῖνων.”
346 1610 422 1676 duit
458 1611 513 1696 qui
546 1607 639 1675 ὕπνου
671 1615 789 1690 λαχεῖν
820 1609 958 1674 coniecit
994 1608 1050 1676 sed
1084 1609 1169 1678 hanc
1205 1623 1326 1681 certam

136 1714 393 1785 emendationem
416 1716 484 1802 ipse
505 1713 591 1780 ultro
615 1712 797 1800 repudiavit
818 1722 850 1780 ct
874 1713 1002 1781 abiecit.
1049 1714 1120 1782 Non
1146 1716 1327 1787 lecissetsi

136 1822 253 1888 melius
285 1822 406 1888 Graece
439 1821 607 1887 scivisset:
645 1839 749 1905 neque
780 1820 866 1885 enim
897 1818 989 1888 ὕπνον
1011 1820 1172 1903 λαμβάνον
1208 1824 1328 1894 Graeco

135 1927 201 1995 dici
227 1934 333 2015 potest
357 1944 460 2011 neque
480 1923 559 1990 adeo
581 1925 740 2005 λαμβάνω
766 1924 869 1993 ὕπνον.
918 1924 1067 2005 Graecis,
1092 1930 1148 2014 qui
1173 1940 1325 2000 accurate

136 2032 320 2119 cogitabant
344 2042 376 2098 et
403 2050 513 2096 rerum
543 2038 694 2096 naturam
724 2031 831 2097 verbis
855 2041 1006 2098 accurato
1029 2031 1234 2113 referebant,
1261 2039 1327 2106 usi·

135 2146 239 2205 tatum
264 2148 313 2204 est
347 2137 454 2203 dicere
484 2133 576 2210 ὕπνος
600 2161 641 2215 με
661 2136 824 2217 λαμβάνον
855 2158 983 2202 romnus
1014 2159 1064 2205 me
1088 2142 1171 2228 cupit
1195 2163 1255 2230 pro
1277 2144 1326 2211 oi·

136 2244 307 2321 dormiero,
344 2262 406 2308 iton
437 2252 472 2307 ut
504 2232 640 2307 Romani
673 2263 816 2306 somnum
846 2242 934 2329 cupio
964 2263 1023 2329 pro
1054 2245 1190 2317 dormio.
1248 2248 1326 2317 Vide

135 2350 243 2437 ipsum
275 2347 533 2434 Theophrastum
564 2367 634 2434 cap.
661 2352 691 2412 7.
725 2355 837 2413 λαλεῖν
868 2373 899 2414 πι
934 2350 1025 2428 ημῖν,
1059 2347 1142 2428 άπος
1173 2353 1214 2420 άν
1242 2359 1325 2435 ἡμᾶς

135 2451 226 2527 ὕπνος
250 2453 348 2535 λάβη.
395 2451 517 2519 Eodem
552 2452 645 2518 modo
672 2450 763 2526 ὕπνος
788 2453 911 2520 dicitur
932 2457 1028 2536 αἱρεῖν
1051 2481 1145 2538 τινα,
1169 2468 1203 2526 et
1234 2459 1325 2536 ὕπνος

134 2558 202 2640 ἔχει
226 2582 267 2637 με
292 2578 349 2644 pro
373 2557 508 2624 cordedie
520 2604 532 2633 ‚
558 2563 589 2622 ei
611 2555 703 2631 ὕπνος
735 2559 830 2633 άννῖκέ
858 2583 900 2638 με
925 2578 982 2646 pro
1007 2559 1192 2645 ἐξηγρόμην.
1240 2566 1324 2634 Dici.

134 2671 190 2730 tur
214 2660 304 2736 ὕπνος
340 2663 425 2750 apud
450 2672 561 2750 poetas
585 2663 700 2729 ῖκάνειν
723 2663 813 2736 τινά.
839 2661 891 2729 ὕτε
917 2689 972 2744 μιν
994 2670 1117 2745 γλυκὺς
1141 2668 1235 2746 ὕπνος
1259 2673 1324 2740 imi.

133 2792 194 2846 νον,
219 2776 251 2834 et
273 2767 513 2851 μάρπτεινπινά
538 2777 571 2834 ei
595 2768 693 2835 πεδάν
716 2793 809 2845 τινα,
834 2768 961 2856 aliaque
985 2772 1090 2840 multa
1110 2776 1242 2854 similia,
1269 2775 1321 2844 sed

131 2894 225 2941 nemo
248 2884 336 2941 recto
357 2873 479 2940 dicitur
503 2874 571 2960 ipsc
595 2873 686 2940 ὕπνον
715 2874 906 2954 λαμβάνειν.
954 2875 990 2941 ln
1020 2877 1163 2946 Platonis
1187 2880 1320 2971 Sympo-

130 2981 178 3046 sio
205 2981 292 3046 circa
324 2980 419 3047 liorem
450 3001 480 3067 p.
504 2984 568 3045 223
594 2980 628 3046 B.
665 2978 744 3045 haec
777 2989 826 3046 est
855 3000 932 3046 vcra
961 2984 1146 3070 scriptura:
1176 2988 1230 3054 πδν
1266 2989 1321 3069 μὲν
1356 3042 1360 3051 ,

129 3084 178 3153 οὗν
200 3086 411 3170 Ἐρυξίμαχον
435 3087 562 3153 καὶτὸν
587 3085 716 3167 Φαῖδρον
743 3087 795 3151 καὶ
826 3085 942 3160 ἄλλους
965 3089 1053 3164 τονάς
1079 3089 1141 3174 ἔφη
1165 3093 1180 3156 ά
1203 3092 1318 3174 ‘epect-

129 3193 222 3271 δημος
241 3193 382 3274 οἴχεσθαι
407 3192 575 3266 άπιάνπας,
600 3187 617 3255 ἓ
640 3191 679 3255 δὲ
708 3188 828 3256 ὕπνον
860 3195 1012 3272 λαβεῖν
1035 3194 1088 3261 καὶ
1117 3199 1318 3280 καταδαράεῖν

130 3299 212 3365 πάνυ
234 3300 325 3365 πολύ.
373 3297 444 3383 lpse
468 3298 515 3362 sie
538 3296 684 3361 dixerat:
709 3297 765 3375 ἐμὲ
789 3296 821 3362 δὲ
844 3295 935 3371 ὕπνος
962 3300 1063 3379 ἔλαβε
1089 3302 1141 3368 καὶ
1170 3306 1316 3388 κατέδαρ·

130 3405 177 3468 dor
193 3402 276 3468 πάνυ
300 3402 381 3467 πολῦ
408 3402 482 3490 (non
505 3402 567 3480 ἐγὼ
586 3402 618 3466 δὲ
648 3398 739 3466 ὕπνον
771 3401 920 3492 ἔλαβον),
951 3412 986 3470 ui
1007 3405 1092 3492 apud
1127 3407 1314 3495 Sophoclem

129 3507 209 3573 dicit
232 3507 408 3573 Philocteta
440 3527 487 3572 νε.
511 3511 586 3572 767.
612 3506 774 3585 λαμβάνει
798 3508 862 3589 γάρ
896 3505 946 3575 οὖν
969 3507 1061 3584 ὕπνος
1090 3536 1153 3592 με,
1178 3524 1212 3582 et
1234 3514 1316 3605 apud

129 3611 344 3700 Antiphonem
369 3611 484 3679 Athen.
513 3631 543 3697 p.
567 3614 608 3676 25
634 3610 667 3675 G.

310 3722 348 3793 oie
373 3717 418 3789 ἔςι
443 3718 647 3784 κατακεῖσθαι
672 3720 728 3799 πρὸ
752 3719 873 3785 δείπνοιο
897 3721 1055 3804 συμφορά.

310 3824 381 3890 οὕτε
405 3824 468 3906 γάρ
493 3821 585 3897 ὕπνος
609 3822 754 3900 δήπουθεν
778 3824 872 3890 οὐδέν’
896 3825 935 3893 άν
959 3826 1074 3908 λάβοι,

310 3931 371 3997 οὔθ’
395 3922 433 3997 ho
457 3930 538 4011 λέγη
560 3954 608 4003 τις
632 3929 771 4009 οὐδαμῶς
795 3930 947 4010 μάθοιμεν
971 3931 1020 3998 άν.

171 4035 253 4103 Vide
275 4044 383 4102 autem
417 4035 495 4123 quid
517 4035 643 4101 scribac
664 4034 906 4121 designaverint
937 4057 1038 4123 quum
1067 4060 1129 4107 non
1164 4056 1319 4132 caperent

128 4143 227 4229 inepti
263 4141 340 4229 quid
380 4141 507 4208 tandem
548 4150 631 4208 esset
669 4151 1316 4222 ΑΠΙΟΝΤΑΣΕΔΕΎΠΝΟΝΛΑΒΕΙΝ.

125 4247 244 4335 Nempe
261 4258 345 4314 ΒΔΕ
366 4247 465 4314 stulte
484 4256 654 4313 mutarunt
673 4249 706 4313 in
724 4247 761 4313 ἔα
785 4249 836 4324 δέ,
862 4245 951 4328 ἕαδε,
975 4251 1032 4329 ἐμὲ
1054 4251 1087 4317 δέ
1110 4260 1143 4320 et
1159 4255 1191 4321 in
1210 4258 1316 4327 οἴκαδε

127 4353 285 4440 denique,
311 4353 395 4421 nudo
426 4353 504 4421 hacc
529 4362 576 4420 ost
601 4363 675 4423 nata
704 4353 833 4443 irrigata
858 4355 953 4423 lectio
984 4355 1124 4439 οῖχεοάαι
1158 4362 1317 4440 άπιάνπας
