2940 5010
686 294 740 341 vill

142 478 238 548 quam
252 458 377 529 festiva.
424 458 511 527 Nibil
534 459 648 527 borum
668 459 799 548 probari
822 482 944 551 nupero
968 464 1110 544 Editori‚
1133 467 1189 553 qui
1210 466 1325 553 pueris

139 580 266 658 omnia.
292 589 329 648 ut
352 579 468 667 vulgo,
491 580 709 647 continuanda
735 581 899 650 contendit
922 592 955 651 et
980 592 1153 673 utrumque
1177 587 1323 654 versicu-

137 700 207 768 lum
242 721 282 768 ex
310 699 465 789 Euripide
493 708 638 767 sumtum
662 721 741 769 esse.
788 701 876 771 Idem
906 704 1056 789 παρέχεις
1087 725 1144 793 pro
1176 707 1322 793 σαρέχρο

138 821 318 890 substituit.
365 821 490 890 Oblitus
519 830 569 889 est
594 820 644 889 ἵνα
664 847 717 903 μοι
745 844 803 911 pro
829 822 866 890 ἵν’
890 827 959 907 epol
981 826 1188 896 substituere.
1236 826 1325 909 Quid

139 945 240 1030 igitur
262 942 341 1012 baec
363 941 461 1011 verba
483 942 689 1030 significanti
714 944 786 1013 iure
804 949 1031 1034 quaesiverim.
1079 947 1321 1037 despondetur:

139 1065 247 1154 »pueri
265 1065 475 1153 copitooeruot
496 1064 567 1131 riori
588 1068 694 1131 ταῦτα
716 1064 898 1148 πράγματα
921 1069 1100 1150 βόσκομενς
1124 1079 1159 1136 ut
1181 1073 1324 1151 τρᾶναα

138 1186 179 1251 sit
199 1208 258 1272 pro
281 1184 455 1252 Minotauro
477 1194 613 1252 monstro
636 1184 787 1252 dictum.”
834 1185 917 1269 Quid
941 1186 1047 1256 dicum
1070 1186 1110 1255 de
1134 1187 1210 1255 bisi
1235 1188 1326 1256 Fieri

138 1314 244 1395 potest
267 1314 305 1373 ut
328 1306 406 1374 baec
430 1306 540 1393 »pueri
564 1306 798 1394 captaretur
832 1306 892 1373 Est
916 1315 1004 1376 certe
1022 1307 1101 1376 haec
1130 1309 1324 1396 iuterpreta-

137 1429 184 1494 tic
206 1427 329 1515 etipsa
353 1431 528 1509 τρῖννροα
551 1474 560 1492 .
582 1475 590 1492 .
612 1473 622 1491 .
643 1475 652 1492 .
675 1425 734 1492 iord
760 1451 791 1493 τι
814 1423 951 1507 ἄτοπον,
984 1435 1016 1496 et
1037 1449 1102 1495 nou
1129 1431 1198 1516 ipse
1222 1428 1328 1496 Mino·

138 1557 274 1626 taurus,
298 1547 354 1616 sed
378 1556 550 1615 monstrum
573 1555 693 1615 nmen.
741 1545 825 1629 Quid
848 1556 955 1616 autem
978 1568 1093 1617 causae
1116 1558 1188 1628 est,
1209 1568 1325 1636 qoam·

138 1670 247 1737 obrem
271 1679 303 1736 et
329 1665 579 1734 Valckenaerius
601 1675 634 1733 et
654 1666 834 1734 lteiuokius
860 1669 894 1734 iu
926 1667 1095 1736 Theocrito
1119 1669 1340 1753 emendando¹

138 1790 244 1857 oleum
266 1797 298 1856 et
319 1807 446 1876 operam
470 1785 691 1875 perdiderint?
740 1786 880 1874 Uterque
910 1796 1018 1856 tamen
1047 1789 1325 1879 quamplurimos

139 1911 276 1978 aliorum
309 1908 396 1976 locos
427 1905 594 1995 palmariis
622 1904 899 1974 emendationibus
930 1909 1077 1992 sanavit,
1111 1930 1193 1998 quas
1228 1931 1326 1978 nemo

140 2050 295 2119 umquam
325 2026 424 2096 semel
458 2035 603 2114 repertae
635 2035 667 2093 et
693 2034 838 2112 receptas
869 2025 938 2095 loco
970 2028 1132 2109 movebit,
1167 2039 1205 2099 ut
1239 2031 1328 2118 apud

140 2151 330 2220 Strabonem
354 2151 412 2217 dori
436 2147 619 2229 Στασάνορι.
666 2146 786 2234 Nempe
817 2146 981 2216 Theocriti
1014 2149 1145 2218 Codices
1173 2171 1192 2217 a
1223 2153 1329 2237 stupi-

140 2272 191 2339 dis
219 2279 251 2339 et
282 2270 464 2337 temerariis
498 2265 735 2335 correctoribus
765 2266 930 2334 Graeculis
959 2268 1145 2356 interpolati
1178 2280 1254 2337 suut
1284 2271 1329 2339 ad

140 2412 216 2459 eum
240 2390 388 2470 modum,
413 2409 509 2477 quem
525 2390 559 2454 in
582 2385 710 2454 Stobaei
731 2386 901 2456 Codicibus
924 2387 1227 2459 demonstravimus.
1265 2392 1307 2459 lie

139 2514 214 2582 letis
233 2514 351 2600 passim
374 2509 523 2577 omuibus
544 2507 797 2575 veraeleotiouis
821 2510 966 2596 vestigiis
987 2517 1173 2599 temereque
1189 2512 1305 2599 expleti

139 2634 302 2702 veteribus
333 2632 459 2700 lacunis
491 2629 683 2698 emendandi
718 2628 806 2695 uulla
834 2650 907 2718 spes
939 2639 1096 2719 superest.
1144 2633 1213 2701 Nou
1250 2654 1299 2699 nov

140 2756 238 2822 buius
281 2754 330 2821 rei
364 2753 472 2840 aptius
511 2749 692 2836 exemplum
732 2769 828 2837 quam
863 2750 973 2818 Babrii
1007 2752 1203 2822 versiculum
1245 2754 1277 2822 F‘

139 2875 284 2944 lxxxi.
309 2880 351 2941 8:

275 2997 290 3062 ὁ
313 2995 359 3060 δ’·
382 2992 454 3076 οὐχὶ
477 2993 530 3060 τὸν
553 2998 634 3074 μῦν,
658 2988 769 3071 εἶπεν,
792 2990 813 3059 ὦ
836 2995 1024 3074 παλαμναῖον
1037 3044 1047 3075 ,

274 3117 418 3193 δέδοικα,
442 3116 487 3196 μή
510 3138 570 3196 μου
592 3115 647 3191 τὴν
670 3114 754 3197 &opio
776 3115 862 3199 κνίσῃ
883 3116 1034 3201 croyon,

275 3239 373 3313 narbo
395 3235 427 3302 δὲ
450 3234 585 3315 μελέτην
608 3235 658 3301 ἐπ’
682 3234 738 3314 ἐμὲ
762 3241 818 3311 τῆς
843 3235 908 3302 ὁδοῦ
932 3235 1044 3318 τρίβει.

188 3359 274 3427 Soiu'
299 3376 381 3444 quae
404 3356 447 3421 sit
470 3374 545 3421 vera
565 3353 750 3441 scriptura?
776 3374 890 3443 nempe
912 3355 1015 3427 baeer

456 3477 501 3556 μή
524 3498 584 3555 μου
606 3475 661 3550 τὴν
685 3475 766 3555 δορὴν
789 3473 889 3559 δάκῃ
911 3478 1039 3560 Φούριον

276 3600 421 3684 χαίταν
444 3597 474 3663 δ’
498 3594 649 3675 ἔμελλε
673 3597 744 3671 τὴν
767 3596 860 3675 ἐμὴν
884 3598 1155 3679 καταισχύνει

141 3743 238 3813 quam
261 3721 325 3788 nisi
344 3718 436 3785 nobis
457 3724 616 3786 servasset
639 3714 754 3783 Suidas
776 3716 810 3782 in
832 3737 862 3782 v.
885 3726 1112 3798 Παλαμναῖις,
1131 3739 1141 3778 ι

141 3848 219 3914 ficas
247 3839 520 3910 correctiuuculas
550 3847 643 3926 putes
669 3846 909 3906 commenturos
941 3837 1041 3906 luisse
1065 3859 1118 3907 eos

142 3965 239 4034 ieraci
268 3961 398 4049 iugenio
431 3966 507 4027 suut
538 3967 575 4025 ut
605 3977 732 4045 semper
764 3957 886 4046 aliquid
915 3960 989 4025 nori
1022 3962 1105 4049 pario

140 4096 216 4155 sunt
242 4084 345 4171 igitur
371 4079 455 4168 apud
483 4077 602 4147 multos
625 4077 823 4147 conclamata
856 4087 888 4146 et
913 4077 1079 4167 deposita,

140 4217 188 4276 est
219 4226 281 4272 non
312 4211 455 4288 tangere.
503 4201 582 4266 Boni
615 4199 726 4267 Critici
753 4208 803 4267 est
834 4208 940 4268 tacere
967 4200 1075 4289 potius

139 4330 245 4397 dicere
264 4345 367 4415 neque
390 4330 528 4391 κακοῖσιν
550 4324 652 4389 tector
681 4322 776 4389 κακοί.
824 4322 866 4388 Et
894 4331 1041 4410 superest
