2940 5010
704 281 770 345 694

158 452 333 523 convellere
366 462 398 521 et
431 454 470 521 de
494 473 553 520 suo
581 452 679 521 stulte
702 462 735 523 et
764 452 969 542 impudenter
993 454 1097 523 futuri
1121 455 1339 527 formarent

156 559 313 627 stituerci
360 559 521 627 intactum
547 560 649 626 evasit
672 559 728 630 lV.
752 581 786 626 11.
810 564 841 628 6.
873 563 913 636 ὥς
941 565 995 629 οὐκ
1018 560 1058 629 ἂν
1087 560 1197 637 ἄλλοις
1220 562 1339 641 diriss-

154 689 204 745 γοι
239 666 465 746 γενόμενοι.
520 664 588 731 Non
626 672 700 731 utor
730 663 875 753 exemplo
909 667 942 733 iu
967 666 1006 733 ll.
1030 688 1065 733 rr.
1099 673 1153 735 15.
1184 670 1272 737 οὐδὲν
1302 670 1338 738 dr

156 771 265 837 τούτου
287 770 461 852 πράξαντος
491 771 567 857 quia
596 769 702 837 locum
726 769 811 837 male
840 770 986 838 habitum
1015 791 1087 840 esse
1116 772 1289 869 intelligq,
1308 782 1339 843 oi

152 876 360 963 participium
385 875 512 964 aliquod
534 874 689 943 excidisse
712 878 878 962 suspicor,
903 877 1003 945 veluti
1035 878 1106 947 οὔτε
1130 877 1216 948 ἄλλο
1238 884 1336 957 κοινάς

153 981 207 1046 eccl
232 983 354 1057 δικαίοις
377 984 459 1051 οὐδὲν
488 983 527 1049 άν
552 980 742 1071 (γενόμενον)
764 982 873 1049 τούτου
895 982 1081 1064 πράξαντος.
1130 986 1226 1067 Quod
1251 987 1338 1055 licis·

152 1086 228 1153 lius
257 1087 439 1166 inserebat,
475 1086 708 1169 τραπόμενον,
739 1095 828 1156 recte
859 1087 977 1156 habere
1008 1098 1133 1176 poterat
1168 1093 1199 1159 si
1231 1094 1335 1161 codron

154 1191 342 1275 πράττοντος
366 1202 451 1260 esset
473 1194 642 1279 seriptum.

198 1298 260 1379 Qui
290 1296 330 1366 oio
360 1319 435 1365 cum
468 1296 590 1366 inturis
612 1297 765 1383 coniungi
798 1316 893 1386 posse
912 1299 1035 1386 opinati
1064 1309 1165 1382 sunt,
1200 1322 1333 1392 quorum

153 1421 308 1488 magnum
332 1422 447 1488 agmen
472 1403 620 1490 conquiri
651 1404 773 1490 possit,
805 1422 867 1469 non
891 1402 955 1472 alio
984 1406 1147 1494 opinionis
1178 1408 1333 1495 pracsidio

154 1515 294 1573 utuntur
317 1528 414 1594 quam
438 1507 591 1575 Codicum
616 1509 831 1588 auctoritate,
863 1509 896 1575 in
927 1510 1045 1596 quibus
1077 1514 1202 1599 passim
1232 1516 1332 1583 istius

152 1611 240 1679 modi
260 1613 440 1699 scripturae
452 1611 746 1691 circumferuntur,
769 1622 805 1680 ut
818 1615 850 1678 in
863 1613 1006 1682 Platonis
1018 1615 1172 1703 Apologia
1191 1640 1225 1707 p.
1239 1620 1330 1689 suu

153 1721 191 1794 ὥς
215 1719 290 1798 ἐμοῦ
313 1721 366 1785 οὐκ
388 1718 427 1786 άν
459 1720 699 1795 τοιήσοντος
728 1718 840 1795 άλλιι,
875 1728 908 1787 el
931 1720 1016 1808 apud
1046 1722 1197 1813 Thucyd.
1221 1722 1261 1794 V.
1284 1728 1329 1793 lt.

156 1823 282 1904 γνόντος
303 1829 355 1889 νῦν
382 1829 508 1905 μᾶλλον
528 1822 567 1889 άν
589 1822 898 1904 ἐνδοξοροάνονι,
923 1835 956 1892 et
979 1825 1029 1892 v1.
1056 1830 1109 1895 20.
1135 1830 1200 1896 οὐδ’
1223 1830 1264 1897 ἂν
1283 1832 1330 1906 τήν

154 1931 256 2012 άρχὲρν
278 1932 336 2006 τήν
357 1929 509 2011 ήροιτέροον
533 1929 656 2002 εἰκότως
679 1931 749 1994 άντ’
779 1931 949 2012 ἐλευθερίως
983 1933 1329 2016 προσδεξομένος,

154 2042 188 2101 et
216 2033 301 2121 apud
331 2033 577 2102 Demosthenem
609 2054 639 2121 p.
665 2037 747 2112 128,
772 2037 827 2104 28.
858 2035 962 2102 τάιιιι
995 2061 1043 2111 τις
1076 2039 1169 2114 »iiiuc
1203 2041 1245 2108 ἂν
1266 2040 1328 2114 icoc

153 2140 358 2222 ἐρωτήσων
388 2139 543 2217 adducar,
567 2145 600 2204 et
622 2137 698 2204 alibi
722 2157 825 2226 saepe.
873 2141 957 2222 Quid
981 2143 1045 2209 erit
1072 2152 1184 2211 cutem
1212 2146 1248 2213 in
1271 2166 1328 2213 sen·

152 2245 260 2312 monis
283 2244 396 2313 (iracoi
418 2246 543 2312 ratione
566 2252 599 2311 et
623 2262 682 2310 usu
708 2245 788 2310 satis
810 2255 937 2313 certum
958 2247 986 2312 si
1016 2246 1225 2317 librariorum
1249 2253 1329 2319 testi·

150 2351 270 2418 moniis
292 2351 356 2417 erit
378 2349 559 2417 standum?
592 2347 723 2416 Nullum
744 2350 792 2417 sic
815 2351 885 2417 vitii
910 2368 1034 2436 genus,
1056 2352 1139 2419 nihil
1164 2354 1252 2442 quod
1270 2374 1328 2423 ιιι-

150 2455 297 2522 lesannm
321 2463 380 2522 cut
399 2453 574 2522 absurdum
596 2455 658 2529 sit,
685 2455 804 2540 poterit
824 2454 976 2542 redargui
999 2463 1032 2523 et
1055 2457 1232 2527 ooniutari.
1276 2461 1326 2529 llo

150 2561 296 2648 perietur
322 2560 416 2626 tectis
438 2560 555 2646 aliquis
579 2567 772 2645 corruptus,
804 2579 899 2646 quem
926 2561 1060 2629 reiicerc
1085 2572 1142 2630 aut
1167 2564 1326 2633 destruere

149 2685 212 2732 non
240 2664 358 2732 licebit.
406 2662 467 2731 Sed
500 2684 593 2731 nemo
625 2672 690 2729 tam
723 2663 847 2731 ferreus
877 2674 926 2731 cst
955 2674 992 2732 ut
1023 2668 1094 2733 istis
1126 2672 1238 2738 omnia
1265 2692 1325 2739 eme

149 2770 307 2838 credenda
332 2771 505 2837 existimet.
556 2768 659 2836 Tanta
684 2770 769 2835 enim
794 2771 843 2834 ris
872 2779 920 2837 est
944 2770 1118 2839 lectionum
1143 2775 1324 2845 absurdissi-

149 2895 277 2943 marnm
300 2876 333 2940 in
352 2873 502 2941 omnihus
523 2873 615 2940 libris
639 2873 778 2942 fideliter
802 2884 1026 2954 servatarum,
1049 2898 1132 2964 quas
1151 2899 1247 2949 nemo
1264 2885 1323 2949 cine

147 2980 276 3048 fastidio
299 2988 332 3046 et
364 2999 485 3047 nausea
509 2978 674 3066 adspicere
703 2981 813 3066 possit.
861 2982 973 3067 ltaque
1005 2983 1032 3047 si
1063 2984 1225 3072 cuiusque
1255 2990 1322 3057 scri·

147 3097 263 3178 pturae
288 3085 367 3153 fides
388 3105 427 3152 ex
455 3084 609 3150 interiore
640 3083 832 3152 Graecitatis
866 3085 1079 3173 intelligentia
1102 3087 1260 3159 diuturno
1285 3091 1321 3161 lc·

148 3190 244 3279 qendi
275 3198 307 3258 ot
339 3189 517 3257 meditandi
550 3208 612 3257 usu
642 3190 819 3276 prudenter
847 3190 981 3258 collecta
1016 3193 1220 3262 aestimanda
1250 3199 1322 3279 erit,

149 3297 320 3364 contemtis
343 3295 471 3361 minimi
496 3297 590 3382 pretii
616 3295 753 3361 testibus
775 3298 953 3362 sexcenties
977 3298 1009 3362 in
1030 3298 1203 3367 manifesto
1226 3323 1322 3372 erroro

149 3409 182 3468 et
204 3401 371 3468 mendacio
402 3398 631 3487 deprehensis,
663 3403 717 3466 οὐκ
741 3398 779 3467 olo
815 3402 986 3477 παύσοντος
1021 3410 1056 3468 ut
1088 3403 1249 3474 soloecum
1277 3429 1321 3476 er·

148 3506 297 3594 plodetur
319 3505 360 3572 ab
382 3505 549 3585 omnibus,
579 3514 610 3573 et
634 3509 687 3572 οὐκ
710 3506 748 3572 άν
772 3508 1003 3581 παύσοντος
1028 3506 1202 3594 aliquando
1231 3514 1322 3582 Xeno

148 3611 258 3698 phonti
282 3610 484 3677 restituetur.

192 3716 229 3782 ln
253 3715 384 3781 Memor.
408 3715 447 3781 ll.
471 3737 506 3783 11.
534 3721 564 3782 li.
598 3719 630 3802 (ή
652 3718 753 3799 μήτηρ
777 3720 812 3784 τὸ
843 3717 973 3805 βρέφος)
1006 3719 1113 3804 τρέφει
1138 3724 1237 3789 τολὺν
1258 3724 1322 3809 χρά-

146 3845 193 3887 νον
217 3858 262 3871 -
285 3822 338 3886 οὐκ
362 3822 459 3888 εἰδυῖά
480 3822 551 3886 τίνοι
573 3822 687 3888 τούτων
710 3822 803 3905 χάριν
827 3826 1050 3905 άτολήψετοοι,
1075 3824 1174 3893 huius
1194 3831 1322 3918 scriptu·

145 3946 201 3993 rao
223 3928 338 3992 vilium
361 3927 480 4013 optime
502 3926 693 3993 monstrabit
715 3929 858 4015 apposita
879 3947 954 3994 uera
976 3928 1090 4007 lectio,
1116 3952 1214 4018 quam
1238 3935 1321 4003 nolis

146 4032 285 4098 servarit
318 4028 490 4099 Slobaeus:
523 4033 577 4098 οὐκ
609 4034 706 4100 εἰδυῖά
743 4032 777 4099 ai
807 4059 901 4100 τινιο
940 4035 1054 4102 τούτων
1086 4035 1183 4120 χάριν
1214 4042 1323 4119 άτολή-

141 4144 250 4220 ψετοοι.

188 4241 224 4309 ln
247 4241 366 4309 uicinia
390 4247 409 4330 §
431 4248 461 4310 8.
486 4245 678 4311 οὐδετάτοτε
699 4248 798 4322 adrico
822 4245 886 4312 οὔτ’
906 4240 983 4312 ciro
1006 4245 1071 4313 οὔτ’
1091 4249 1224 4327 dorcinca
1247 4254 1324 4322 οὐδὲν

142 4347 195 4432 lqt'
220 4343 240 4431 ᾧ
264 4349 421 4434 paxtun,
444 4349 650 4438 cogitandum
674 4362 720 4420 est
744 4351 860 4440 ecquid
892 4351 966 4420 boni
995 4353 1037 4420 sit
1063 4355 1096 4420 in
1128 4355 1257 4427 Stohcei
1287 4359 1325 4427 lo
