2940 5010
681 258 743 320 lus

164 431 200 498 ln
227 429 402 498 Philonidis
424 430 493 497 luco
515 428 599 518 apud
623 428 699 496 Poll.
724 429 777 496 lll.
804 432 857 498 29:

188 546 345 618 παναγεῖς
362 536 493 617 γενεάν,
513 543 748 618 reprenendam.
768 541 936 618 Μεγαρῆς,
959 538 1046 605 δεινοὶ
1067 549 1272 622 narrandas,

122 652 160 710 ut
183 663 277 710 nemo
300 641 447 729 expediat
470 640 546 728 quid
574 642 617 707 sit
637 651 794 720 παναγεῖς
818 640 947 720 γενεάν,
979 644 1026 711 sic
1049 664 1145 713 uerno
1168 644 1309 724 dubitet,

122 749 200 836 quin
225 750 370 828 ααναγης
392 746 487 827 γενεαὶ
512 748 553 813 sit
577 746 806 834 reponendum.

168 854 361 921 criticorum
379 872 477 919 curae
493 851 632 918 multum
651 861 833 919 nocuerunt
848 851 1015 940 Eupolidis
1031 853 1213 944 fragmento
1228 857 1313 946 apud

125 959 409 1048 Harpocrationem
432 978 462 1023 v.
488 965 603 1034 Μεῖον,
626 956 711 1042 quod
735 959 768 1023 in
793 957 885 1026 libris
912 959 958 1025 ita
980 960 1157 1029 scribitur:

304 1067 465 1145 τοιγαροῦν
484 1063 639 1146 ςοατηγὸς
664 1061 698 1140 ἐξ
721 1063 913 1129 interanei
935 1064 1045 1147 χρόνον

304 1168 399 1244 οὐδεὶς
420 1169 550 1236 δύναται
569 1167 669 1251 ὥσπερ
690 1172 872 1249 μεναγωγος
896 1171 982 1240 istria

307 1283 363 1351 τῆς
381 1276 471 1341 τοῦδε
493 1275 575 1350 νίκης
595 1274 712 1341 πλείον’
735 1276 865 1343 ἑλκύσαι
890 1275 1026 1356 sadada,

125 1380 180 1448 ubi
205 1379 327 1446 urendo
347 1389 379 1446 et
400 1378 537 1445 secando
559 1378 644 1445 ducti
668 1379 814 1448 homines
838 1390 957 1467 augent
978 1381 1110 1449 malum.
1159 1383 1318 1470 Transpo-

126 1488 178 1554 nit
203 1485 298 1560 οὐδείς
329 1493 399 1571 post
420 1490 580 1567 τοιγαροῦν
603 1483 801 1564 Gronovius,
832 1493 905 1574 post
933 1488 1089 1568 ςοατηγός
1117 1487 1321 1556 llindorllus:

126 1591 242 1660 deinde
262 1590 391 1657 δύναται
407 1597 554 1655 mutatur
568 1590 602 1655 in
620 1591 748 1668 ἐδύναθ’,
773 1599 810 1656 ut
825 1590 1064 1660 trochaicorum
1080 1593 1237 1681 reliquiae
1251 1613 1323 1661 esse

127 1697 313 1774 videantur,
337 1714 416 1782 quos
428 1693 532 1760 larabi
554 1695 638 1782 apud
656 1695 849 1762 lleinekium
867 1698 912 1763 ita
931 1696 1092 1784 explebat:
1112 1697 1214 1782 ὥσπερ
1233 1723 1323 1779 μονα·

128 1806 233 1887 γωγος
249 1801 359 1875 isaiano
378 1800 422 1867 τα
436 1800 619 1883 πράγματα
640 1801 646 1892 Ι
664 1803 707 1884 τῷ
728 1801 812 1884 ζυγῷ
831 1811 887 1880 της
904 1803 993 1869 τοῦδε
1010 1804 1108 1883 νίκης,
1132 1825 1216 1892 quae
1233 1804 1323 1872 valde

129 1912 232 1977 miror
260 1904 423 1975 [lindorlio
454 1904 579 1992 placere
607 1908 767 1993 potuisse,
798 1908 874 1994 quia
905 1927 1038 1995 prorsus
1069 1907 1244 1976 barbarum
1274 1917 1323 1976 est

129 2016 240 2088 ἱςοὶνον
268 2034 324 2101 pro
349 2010 420 2086 ἱςοίς
446 2010 595 2096 positum.
644 2011 815 2098 Sequiores
837 2011 987 2080 Graeculi
1008 2013 1055 2079 ita
1075 2013 1247 2094 errabant,
1269 2014 1323 2103 qni

131 2120 251 2188 formas
274 2118 473 2206 antiquiores
495 2117 527 2181 in
552 2140 602 2195 -μν
626 2125 780 2183 exeruntes
803 2115 1002 2204 expellebant
1025 2126 1059 2185 et
1082 2139 1139 2206 pro
1160 2118 1250 2201 ἵςημο
1270 2127 1323 2186 aul

132 2231 187 2296 ἱςῶ
206 2223 356 2292 dicebant
377 2229 434 2289 aut
453 2220 566 2299 teatio,
590 2240 669 2307 quus
685 2219 801 2288 leniter
820 2222 954 2309 corripit
975 2221 1124 2292 Socrates
1140 2223 1275 2312 quidam
1293 2226 1323 2292 in

132 2330 269 2398 Luciani
287 2325 554 2413 Pseudosoplrista
573 2325 714 2394 uxxvl.
734 2332 764 2394 7.
788 2329 937 2411 οἱφνςῖνν
960 2328 993 2395 δέ
1012 2353 1093 2404 τινος
1111 2329 1251 2406 εἰπόντος
1273 2330 1323 2398 nul

133 2436 233 2517 ἑτέρου
253 2432 383 2517 οὶφνςοὶ
394 2457 486 2508 raro,
501 2435 624 2516 ’Ἄμφω
636 2433 709 2514 μέν,
725 2432 805 2518 ἔφη,
823 2437 876 2501 οὐκ
889 2429 970 2500 οἶδα.
1000 2434 1204 2522 Quamquam
1217 2444 1323 2504 aulem

133 2545 196 2609 ista
220 2540 299 2606 satis
329 2542 547 2604 constet'esse
570 2540 795 2621 παρεφθορυίας
818 2537 931 2616 λέξεως
951 2548 1060 2607 tamen
1084 2560 1323 2630 nonnumquam

137 2649 170 2714 in
193 2644 373 2712 Atticorum
399 2642 518 2727 scripta
541 2641 756 2729 irrepserunt,
779 2652 815 2710 ut
833 2643 909 2710 olim
930 2644 964 2711 iu
985 2647 1098 2735 Vespis
1114 2666 1162 2714 rs.
1184 2652 1224 2714 41
1247 2646 1323 2735 lege

135 2752 244 2818 luatur:

318 2855 371 2920 τὸν
392 2853 487 2932 δῆμον
511 2855 594 2933 ημῶν
616 2854 769 2933 βούλεται
792 2853 958 2933 attritum,

138 2957 342 3027 euitandam
367 2958 535 3025 Ravennas
555 2978 650 3025 sunm
674 2959 808 3031 δνϊςοὶναο
831 2959 982 3028 reddidit.
1028 2960 1186 3048 Equidem
1212 2963 1246 3029 in
1269 2962 1323 3031 Eu

137 3063 272 3154 polideis
296 3063 442 3130 versibus
466 3061 547 3128 nihil
574 3063 700 3144 deesse,
729 3065 785 3133 sed
808 3073 920 3132 contra
945 3066 1091 3134 nonnihil
1114 3067 1199 3135 male
1220 3067 1323 3156 agqlu

138 3174 279 3239 tinalum
309 3188 378 3236 esse
406 3170 560 3253 suspicor.
614 3169 756 3237 Primam
791 3170 868 3237 mali
896 3170 1000 3238 labem
1032 3180 1110 3260 puto
1139 3173 1171 3238 in
1201 3173 1323 3242 ἑλαύοο

142 3275 260 3357 sodada
292 3274 412 3342 inesse:
445 3293 544 3360 quum
575 3271 698 3341 εἵλκυσε
729 3275 847 3356 sodada
875 3285 969 3363 podia
1003 3275 1143 3345 dedisset
1173 3278 1323 3347 tralatiult

142 3382 221 3448 vitio
240 3378 399 3457 εἵλκυσαν,
430 3379 544 3448 deinde
570 3381 700 3447 inodora
723 3390 835 3450 natum
861 3392 928 3462 est,
956 3404 1019 3471 quo
1041 3382 1126 3451 lacto
1146 3384 1322 3470 superveni

143 3489 198 3575 qui
221 3489 350 3555 δύναται
372 3484 411 3552 de
434 3505 494 3552 sun
514 3485 668 3552 adiecerit
689 3496 836 3554 ruentem
857 3490 1050 3556 sententiam
1066 3494 1254 3555 sustentans
1275 3488 1322 3557 ari

142 3592 227 3660 licet.
275 3592 387 3678 ltaque
411 3590 488 3658 laec
508 3599 620 3678 sponte
637 3593 782 3659 nascitur
803 3594 999 3662 emendatio:

323 3698 434 3779 τοιγὰρ
457 3699 612 3778 ςρανηγὸς
635 3696 671 3774 ἐξ
693 3698 805 3765 ἐκείνου
828 3705 881 3764 τοῦ
904 3698 1013 3781 χρόνον

324 3802 419 3877 οὐδείς
440 3803 519 3881 aeod’,
540 3800 640 3884 ὥσπερ
660 3807 841 3883 μεναγαγὸς
865 3805 965 3882 ἑανῶν,

324 3917 380 3984 τῆς
403 3908 592 3983 rodlandum
616 3909 731 3975 πλείον’
757 3907 879 3977 εἵλκυσε
902 3908 1039 3990 sadada,

146 4034 227 4102 quae
251 4013 290 4080 de
314 4012 538 4080 Themistoclis
561 4014 695 4082 victoria
717 4014 892 4083 Salaminia
915 4015 980 4082 dici
1003 4022 1150 4103 apertum
1175 4024 1235 4084 est.
1283 4014 1323 4083 ln

148 4121 283 4186 duxerat
313 4120 398 4184 enim
428 4117 559 4205 Eupolis
581 4119 612 4183 in
637 4139 675 4186 aa
706 4119 811 4188 fabula
842 4120 985 4212 (Δημονς)
1016 4129 1140 4189 veteres
1164 4121 1323 4190 Athenien

147 4226 231 4291 unm
263 4225 436 4305 ςρατηγοὺς
460 4224 512 4290 καὶ
537 4223 746 4306 δημαγωγοὺς
778 4225 813 4305 ἐξ
843 4227 916 4312 qidoa
945 4227 1189 4307 ἀναβεβηκότας
1218 4235 1269 4306 el,
1301 4247 1321 4293 u

146 4331 282 4428 quisque
306 4328 468 4417 prodibat,
492 4330 599 4399 nescio
620 4332 694 4418 quis
713 4334 784 4401 eius
809 4353 859 4401 ros
881 4339 988 4418 gestas
1011 4340 1043 4402 et
1066 4332 1165 4401 vitam
1193 4339 1225 4398 ct
1246 4332 1323 4417 inge
