2940 5010
598 274 640 335 et

114 442 240 515 insto
269 442 501 513 homostheoes
533 442 617 510 dixit
648 444 681 509 in
713 442 850 533 Philipp.
872 443 896 511 l.
931 465 962 533 p.
988 450 1051 525 47,
1078 452 1128 514 14.
1165 448 1197 514 in

114 570 168 621 no
188 550 279 619 loeo:
310 548 411 635 ύτπερ
441 550 506 633 γάρ
533 551 560 617 cl
584 547 781 625 πλάττοντες
803 550 874 626 τοὺς
906 551 1051 629 πηλίνους
1077 555 1121 628 εἰς
1143 554 1199 629 την

114 682 127 725 ν
146 662 353 743 χειροτονεῖτε
373 657 446 733 πούς
468 652 660 738 ταξιάρχους
690 655 742 721 καὶ
765 657 837 732 τοὺς
860 656 1046 741 φυλάρχους
1068 661 1122 725 ούκ
1147 660 1199 725 ἐπὶ

114 762 246 845 tum,
275 780 340 849 quo
372 760 453 827 nihil
479 762 585 848 putuit
618 759 803 827 mordacius
833 759 907 827 lici.
955 762 1074 830 Eodem
1107 763 1201 830 modo

114 874 211 937 resi
238 866 284 943 ύς
315 866 435 949 άγοράν
463 865 604 951 ύφιάνειν
635 873 667 933 et
690 865 845 934 πλάττειν
866 869 909 942 εἰς
934 870 991 945 την
1020 868 1138 951 άγοράν
1168 880 1202 938 el

114 970 210 1053 lello,
232 990 346 1040 omues
365 971 500 1040 Athenis
520 973 563 1047 εἷς
585 973 641 1050 την
658 970 776 1054 άγοράν
797 972 987 1040 dicebantur
1002 973 1199 1057 ἐργάζεσθαι.

114 1096 167 1149 irre
186 1096 277 1147 nunc
300 1074 383 1145 mihi
405 1076 485 1145 hacc
512 1076 683 1143 Aeschinis
705 1079 738 1143 iu
764 1076 956 1145 Timarchea
978 1076 1003 1167 3
1024 1082 1077 1146 97.
1101 1082 1199 1164 τούτῳ

114 1184 264 1255 πύλιπεν
286 1182 303 1251 l
323 1184 428 1265 πατὴρ
447 1183 553 1251 οὐσίαν
575 1184 637 1266 ἀφ’
662 1178 696 1258 ἧς
719 1183 818 1266 ἔτερος
837 1185 895 1263 μὲν
918 1181 957 1250 ita
976 1184 1029 1251 καὶ
1051 1186 1201 1269 ἐλειτούρ-

114 1288 202 1359 eriis
222 1288 281 1369 ptr
302 1286 363 1355 ιιάν
392 1286 592 1376 ἐλειτούργει)
616 1288 731 1355 -ἔτι
758 1290 790 1356 it
818 1292 892 1372 πρὸς
917 1290 1036 1364 τούτοις
1062 1299 1199 1370 γυναῖκα

114 1416 164 1465 tra
185 1394 378 1475 ύπιταροὲνην
404 1393 589 1477 ἔργάζετύοιι
617 1394 670 1460 καὶ
698 1392 776 1476 ἔργα
798 1394 907 1461 λεπτά
930 1396 973 1471 εἷς
1001 1398 1057 1473 την
1080 1398 1200 1478 άγοράν

114 1522 215 1579 υτον,
234 1508 270 1567 et
285 1497 373 1566 lacili
391 1500 520 1585 negotio
540 1499 801 1587 interpolatorem
821 1498 1048 1588 deprehendes.
1083 1502 1200 1569 Geuui·

114 1612 151 1675 nl
170 1612 310 1687 γυναῖκα
332 1603 490 1687 άμάργινιν
509 1605 700 1686 ε’πιςαμὲνην
723 1604 908 1689 ἐργάζεσθαι
931 1606 974 1680 εἰς
995 1608 1052 1683 την
1070 1607 1199 1689 άγοράν.

114 1710 221 1779 lenm
239 1707 361 1797 optime
381 1719 536 1777 noverant
554 1712 598 1778 rai
614 1710 771 1791 ἀμόργινα
788 1729 871 1798 quae
890 1718 1013 1778 essent:
1036 1713 1201 1799 sequiores

114 1816 208 1883 inon
235 1816 336 1883 item:
365 1815 476 1903 itaque
500 1814 587 1883 (loeti
612 1836 724 1885 omnes
749 1815 1072 1884 sedulo‘vocahulum
1100 1819 1199 1885 inter·

114 1928 203 2001 rtur,
234 1918 486 2008 Harpocration,
521 1921 721 2011 Hesychius,
753 1932 876 1989 veteres
899 1922 1127 2010 ¹Aristophanis
1153 1925 1200 1989 in·

114 2034 185 2107 lea,
207 2024 275 2093 elii.
303 2023 432 2113 Optime
440 2027 622 2117 Hesychius
631 2028 822 2110 ’Λμύργινοιι
843 2031 1009 2111 λεπτούφιῑ
1022 2028 1202 2109 ἐνδύματα,

114 2130 156 2201 etl
187 2130 382 2201 Aeschinem
408 2132 484 2199 elim
507 2140 699 2200 annotatum
727 2142 776 2201 esi
806 2132 885 2214 ἔργα
908 2132 1015 2200 λεπτά
1045 2141 1103 2200 aui
1136 2134 1201 2217 ἔριοο

114 2262 141 2317 ι,
170 2236 259 2325 quorl
285 2237 320 2303 in
353 2243 479 2304 textum
510 2258 546 2305 sc
572 2239 769 2317 insinuavit,
803 2236 918 2305 deinde
958 2238 1146 2322 ἐκφέρουσαν
1182 2261 1202 2308 a

127 2340 301 2421 additum,
323 2340 358 2407 iul
380 2340 487 2430 ipsum
511 2363 575 2430 quo
597 2343 714 2411 Suidas
734 2343 840 2409 utitur
864 2343 896 2407 in
920 2343 1117 2432 explicandis
1133 2366 1202 2412 ver·

114 2446 275 2517 madreia
291 2447 336 2523 sic
357 2447 415 2523 την
435 2448 553 2531 άγοράν
573 2450 748 2532 ἐκφέρειν
767 2450 812 2515 τά
829 2448 1041 2533 ύφοοινύροεναε
1066 2471 1129 2518 non
1152 2460 1202 2518 esi

114 2570 179 2623 lum
207 2552 350 2637 ἐκφέρειν
378 2572 416 2621 eo
439 2572 537 2621 sensu
567 2552 622 2620 sed
647 2554 820 2621 novicium.
867 2552 977 2621 Scatet
1009 2555 1112 2623 nitida
1142 2558 1200 2625 he·

114 2678 130 2727 r
150 2658 256 2727 mlio
275 2656 408 2727 insulsis
428 2658 641 2727 emblematis.
688 2660 724 2725 ln
750 2658 774 2749 Β
791 2664 863 2725 101.
887 2660 1037 2743 φοβηθεὶς
1056 2662 1120 2744 γάρ
1140 2664 1200 2739 τάς

114 2764 204 2849 ulle
225 2764 360 2831 άπάδοτο
380 2758 405 2831 ά
425 2759 461 2840 ἦν
482 2766 568 2847 αὐτῷ
591 2766 745 2845 ιοτημοιτοο
766 2764 841 2833 άνευ
867 2772 927 2832 τῶν
949 2767 1060 2849 άρτύιος
1083 2770 1202 2850 εἰρημέ-

114 2870 205 2955 ndns
226 2870 418 2953 Κηφιτύατιν
448 2868 571 2953 ἕτερον,
606 2871 702 2951 άγρὸν
736 2873 1010 2955 Ἀμφιτροπῆσιν,
1032 2873 1202 2958 ἕργαςηριοο

132 2982 201 3053 τοῖς
220 2976 391 3059 άργυρεύοις
411 2972 442 3042 ἓν
465 2976 524 3055 μὲν
547 2976 579 3041 ἐν
602 2980 745 3054 Αὐλῶνι,
768 2974 868 3058 ἕτερον
891 2977 917 3041 i'
940 2976 992 3043 ἐπὶ
1016 2980 1201 3064 Θρασύλλῳ.

114 3078 168 3153 h:
201 3078 278 3149 ύνευ
309 3086 370 3149 τῶν
396 3080 508 3163 άρτύιος
539 3080 701 3163 εἰρημένον
730 3084 839 3164 χοιρίον
862 3083 1073 3166 Κηφιτύοιοιν,
1102 3083 1202 3170 ἕτερον

114 3196 262 3275 apricis
294 3186 371 3277 (non
394 3184 500 3274 ·iisrr)
523 3224 571 3237 -
592 3182 623 3252 ἓν
650 3188 707 3267 μὲν
735 3188 857 3253 Λύλῶνι
889 3189 954 3253 xri.
1006 3189 1126 3277 Nempe
1157 3195 1202 3259 τά

114 3318 119 3362 r
140 3292 289 3377 εἰρημένοι
311 3288 350 3381 (s
363 3295 406 3358 er
431 3288 515 3378 sqq.)
540 3309 605 3358 non
629 3298 723 3357 erant
744 3292 847 3375 χορίον
869 3298 1017 3371 tantum,
1042 3295 1097 3362 sed
1120 3298 1201 3365 cisia

114 3422 163 3481 ορ,
193 3396 309 3466 cleirac
339 3395 514 3477 δημιουργοὶ
547 3403 579 3463 ei
606 3395 809 3479 ύεράποοινοιι,
837 3399 978 3479 εὀχοοτιά
1003 3406 1151 3485 Σφηττοῖ
1170 3413 1204 3471 et

114 3506 373 3581 ιἈνιωπειιηοιν.
399 3500 456 3567 uhi
484 3501 627 3589 primum
660 3502 769 3586 χορίον
801 3504 835 3569 in
862 3504 980 3587 χοιρίων
1013 3516 1202 3595 corruptum

114 3614 233 3699 parius
255 3614 306 3675 est
326 3612 504 3684 corrector,
527 3606 644 3693 quide
667 3628 726 3674 suo
748 3608 843 3690 άγρύν
866 3609 1114 3679 addirlilcontra
1136 3634 1201 3681 mo-

114 3710 369 3791 lllrenieusium,
391 3711 510 3799 quihus
528 3713 638 3796 χορίον
658 3713 799 3781 solemne
821 3723 870 3782 est
892 3714 1010 3784 dicere.
1058 3718 1202 3786 Praeter·

124 3818 235 3889 rerlris
254 3816 287 3887 is
305 3820 365 3899 μὲν
383 3819 415 3884 ἐν
434 3820 555 3885 Αὐλῶνι
578 3818 734 3886 hahemus
755 3829 942 3907 perpetuam
973 3823 1202 3909 propemodum

114 3922 243 3993 nicrum
278 3922 558 4012 interpolationem
594 3925 808 3993 nescientium
841 3930 983 4005 Αὐλῶνι,
1017 3933 1202 4011 Μαραθῶνι,

114 4038 191 4111 rior,
212 4036 417 4113 Ῥαμνοῦντι,
450 4033 613 4110 ’λγνοῦντι
646 4038 678 4098 et
709 4032 782 4097 sim.
814 4028 899 4098 haud
928 4051 1021 4100 secus
1051 4031 1202 4104 adverbia

114 4144 137 4205 ri
148 4136 419 4227 praepositionem
441 4156 593 4224 respuere
614 4145 710 4224 atque
731 4142 896 4219 Σφηττοῖ,
919 4146 1078 4218 Μεγαροῖ,
1104 4143 1202 4209 'Aac-

114 4268 164 4325 rr,
198 4246 455 4329 ’Δριφιτροπῆτι,
490 4242 704 4325 Δεκελείοιοι,
739 4242 949 4328 Κηφιτίοοτιν,
987 4244 1202 4325 Ὀλυμπίασιν
