2940 5010
710 39 770 85 bet

142 198 330 279 μαινόμενος
360 199 407 264 sio
433 198 515 282 'poni
541 215 598 282 pro
625 195 809 275 μαινόμενός
838 219 895 268 τις.
944 193 1110 262 Rescribe:
1135 197 1195 261 οὐδ’
1227 196 1265 261 όιν
1291 195 1330 283 (ό)

141 302 330 383 μαινόμννος
355 300 566 369 σπουδάσειεν.

189 406 309 475 Goutra
341 408 454 474 vitiose
482 404 625 472 abundat
646 406 717 481 ἴσως
740 407 772 471 in
793 401 816 471 i.
842 426 883 472 ιν.
912 413 962 473 13.
987 407 1031 473 coi
1068 409 1100 473 δὲ
1126 407 1330 486 συμβουλεύω

139 512 377 579 δνονιαντόοαι.
400 512 492 591 μόλις
516 514 579 593 γόος
606 510 644 576 όιν
673 510 771 599 [ἴσως]
807 513 838 576 ἐν
868 513 1000 594 τοσούτῳ
1031 511 1128 594 χρόνῳ
1153 512 1187 576 τό
1220 512 1331 589 δῆγμα

141 618 235 699 όγιῖνς
266 617 387 697 γόνοιο,
421 637 484 682 non
514 626 648 703 possunt
672 617 759 681 euim
790 617 881 694 μόλις
914 627 945 683 et
980 617 1051 689 ἴσως
1087 617 1262 700 coniungi,
1297 624 1333 680 ut

139 722 351 811 perspicuum
375 732 435 788 est.
485 722 620 803 Quaeris
646 719 729 785 unde
754 720 825 795 ἴσως
850 722 894 785 sit
919 731 1041 787 natum.
1078 721 1265 807 Respondeo
1294 740 1332 785 ex

140 829 277 916 antiqua
312 836 345 893 et
383 847 456 893 vera
491 827 628 892 ieetione
660 835 778 900 ΠΩΣ,
814 846 887 890 uam
923 826 1050 893 dedisse
1086 827 1329 911 Xenophontem

141 931 236 1011 μόλις
259 934 322 1013 γόος
345 931 384 997 όν
411 956 491 1007 πως
523 933 554 997 ἐν
577 932 711 1013 τοσούτῳ
733 931 830 1013 χρόνῳ
855 933 919 996 mi.
968 931 1068 1018 Saepe
1091 932 1181 1009 μόλις
1208 931 1329 1018 (μόγις)

142 1060 209 1110 ποις
246 1038 285 1101 ab
324 1039 440 1102 Atticis
475 1039 739 1120 coniunguntur,
776 1047 810 1101 ut
847 1037 880 1100 in
911 1036 1084 1124 Cynopaed.
1108 1037 1131 1103 1.
1158 1056 1197 1101 ιν.
1231 1041 1261 1102 8.
1298 1039 1331 1101 οὐ

143 1142 206 1221 μὴν
237 1143 314 1206 ἀλλ’
335 1142 493 1219 ἐπέμεινεν
521 1143 534 1206 ό
558 1147 652 1222 Κῦρος
685 1141 806 1220 μόλις
840 1165 937 1216 νιως,
964 1149 996 1207 et
1025 1162 1119 1228 saepe
1151 1140 1234 1226 apud
1261 1139 1332 1204 Pia-

143 1252 265 1313 tonem.
317 1246 525 1312 Dirimuutur
545 1248 636 1325 μόλις
661 1271 744 1323 πως,
778 1255 814 1312 ut
837 1245 961 1331 reliqua
985 1249 1094 1312 omnia
1127 1245 1332 1322 istiusmodi,

145 1350 270 1417 reculis
297 1351 374 1430 μέν,
400 1351 453 1426 δέ,
479 1352 534 1427 δή,
558 1376 625 1427 τοι,
651 1352 733 1432 γοόρ,
762 1353 824 1432 γόοι
847 1351 887 1416 όν
912 1360 943 1416 et
968 1352 1149 1427 similibus,
1180 1359 1215 1416 ttt
1247 1348 1332 1435 apud

143 1453 312 1522 Platonem
346 1453 386 1521 de
417 1455 562 1539 Legg.1.
590 1476 618 1541 p.
642 1461 717 1522 644.
743 1457 779 1521 lt.
811 1457 902 1534 μόλις
925 1457 982 1535 μέν
1007 1481 1070 1529 πως
1095 1456 1276 1539 ἐφέπομαι,
1302 1463 1334 1520 et

143 1558 234 1627 uiti.
1388 1550 1390 1554 ’

200 1664 337 1731 diuitum
377 1664 559 1731 sublevabis
591 1667 783 1731 sententiam
818 1666 850 1729 iu
881 1666 974 1730 Mem.
998 1665 1023 1733 Ι.
1048 1684 1089 1730 ιν.
1120 1669 1151 1730 8.
1181 1665 1208 1729 si
1243 1664 1334 1749 piane

143 1766 251 1837 deleto
274 1766 465 1835 embiemate
502 1770 612 1857 [ἐρώτα
643 1776 719 1849 γοῦν
749 1769 801 1835 καῖ
834 1769 1069 1858 ἀποκρινοῦμαι]
1102 1767 1248 1834 voculam
1275 1771 1333 1846 μέν

144 1873 326 1941 inserueris
350 1893 387 1939 ae
413 1875 459 1939 sie
481 1876 669 1961 scripseris:
694 1878 732 1941 σὺ
755 1877 786 1941 δὲ
810 1878 924 1941 σαυτόν
951 1875 1033 1963 (μὲν)
1059 1878 1154 1947 δοκεῖς
1179 1898 1209 1940 τι
1233 1875 1333 1956 φρόνι-

142 2000 204 2060 μον
226 1978 333 2063 ἔχειν,
357 1978 465 2045 όλλοόι
489 1980 520 2044 δὲ
542 1981 676 2058 οὐδαμοῦ
701 1983 783 2046 οὐδὲν
806 1980 859 2046 οἴει
884 1981 1029 2062 Φοόνιμον
1054 1976 1150 2056 εόναις

190 2084 309 2152 eontra
333 2086 525 2151 sententiam
552 2085 722 2169 respondet
749 2085 971 2151 Aristodemus
997 2088 1014 2171 §
1038 2089 1078 2152 9:
1110 2085 1166 2164 μό
1191 2086 1274 2159 Δί’,
1299 2086 1332 2148 οὐ

143 2189 210 2271 γὰρ
233 2191 287 2269 όςῶ
311 2189 380 2262 τοὺς
412 2191 528 2270 umbos
558 2191 645 2266 κσὲ..
670 2188 724 2255 sed
756 2191 789 2265 oi
815 2193 865 2256 Δῖ
890 2191 930 2257 ab
962 2210 999 2257 eo
1033 2190 1157 2256 dietum
1192 2189 1334 2275 oportuit

143 2302 178 2361 et
198 2295 269 2359 siue
293 2296 512 2361 controversia
535 2295 660 2360 dietum
683 2303 741 2360 est.
791 2296 926 2382 Saepius
946 2295 1071 2361 seribae
1092 2298 1126 2371 oi
1150 2297 1214 2361 Διόι
1234 2303 1266 2360 et
1284 2295 1332 2373 μοὶ

145 2398 210 2465 Δόοι
231 2396 318 2464 aliud
344 2409 474 2482 agentes
497 2401 582 2464 inter
601 2420 635 2464 se
660 2398 893 2475 confuderunt,
917 2403 1011 2466 euius
1033 2401 1080 2467 rei
1105 2419 1204 2465 unum
1229 2420 1334 2465 exem·

144 2500 236 2591 pium
268 2521 308 2568 ex
339 2502 398 2567 boe
429 2503 498 2589 ipso
535 2505 753 2589 Xenophontis
784 2504 865 2570 libro
897 2516 1040 2571 sumtum
1079 2504 1226 2570 attulisse
1257 2507 1335 2568 satis

141 2618 222 2675 esto.
271 2606 544 2692 begituer.v1.
574 2615 624 2674 10.
661 2609 712 2673 ubi
744 2609 867 2674 Socrati
901 2610 1046 2692 roganti:
1071 2612 1096 2674 οἴ
1122 2609 1183 2688 σ’ὶροο
1207 2611 1251 2687 μὴ
1276 2618 1332 2691 opo·

141 2712 290 2794 βοόμινοι
312 2713 356 2778 rai
380 2719 512 2778 τοιαῦτα
543 2714 594 2779 tet
620 2717 656 2778 τό
677 2715 721 2791 μὴ
744 2714 855 2780 εἰδέναι
879 2717 912 2780 τό
931 2717 993 2783 όςιν
1017 2717 1071 2780 οὐκ
1102 2716 1231 2794 όνδρεῖοό
1255 2716 1333 2789 sirm

141 2816 317 2904 respondet
348 2816 595 2903 Euthydemus:
627 2819 668 2890 νόν
693 2819 778 2883 Δῖα.
811 2820 920 2885 πολλοὶ
956 2821 1020 2901 γὰρ
1044 2818 1083 2883 όον
1107 2817 1183 2884 οὕτω
1208 2842 1247 2896 γε
1274 2825 1333 2883 τῶν

141 2946 181 2990 τι
203 2922 393 3002 μαινομένων
416 2922 468 2987 καῖ
496 2930 555 2987 τῶν
583 2923 687 2988 δειλῶν
708 2923 835 3003 οἴνὸςεῖσι
860 2921 930 2988 εἶεν.
980 2923 1177 3008 Obioquetur
1207 2922 1333 2988 stultis·

142 3030 229 3095 sime
251 3028 320 3113 ipse
343 3026 423 3104 sibi,
447 3027 547 3092 donee
572 3028 626 3106 μόι
655 3029 728 3093 Δία
752 3027 945 3094 restitueris.

188 3131 346 3209 bibrurii,
377 3134 432 3217 qui
462 3133 638 3197 oscitanter
668 3135 701 3207 ob
730 3134 794 3197 Δῖα
817 3142 848 3198 et
872 3135 922 3212 μόι
946 3136 1010 3199 Δῖοο
1039 3135 1125 3200 inter
1148 3151 1182 3198 se
1208 3151 1334 3217 permu-

144 3244 238 3316 tunt,
263 3239 451 3324 saepissime
483 3239 514 3301 in
549 3237 672 3302 Doriois
703 3238 750 3303 rei
774 3239 826 3303 τόν
851 3242 915 3305 Δόα
948 3249 979 3305 et
1002 3244 1035 3306 οό
1057 3240 1109 3306 τόν
1134 3240 1197 3303 Δόα
1222 3247 1253 3303 et
1285 3240 1332 3303 ναὶ

141 3345 187 3411 σόν
207 3345 263 3410 rid
286 3341 518 3429 Spartanorum
544 3343 722 3426 impingere
746 3341 860 3408 soient.
908 3343 944 3406 ln
982 3343 1146 3407 Plutarchi
1174 3343 1333 3428 upopbtb.

143 3470 176 3539 p.
201 3451 279 3516 208.
304 3446 341 3513 ii.
373 3448 592 3533 seripserunt:
624 3447 688 3512 Νοιῖ
713 3447 815 3524 δῆτα,
846 3447 874 3511 εἴ
903 3450 936 3525 γ’
961 3447 1005 3516 tet
1030 3448 1165 3521 δίκαιον,
1192 3467 1247 3530 pro
1268 3447 1333 3512 Nori

144 3556 220 3622 Ata.
268 3552 349 3618 Male
372 3551 448 3617 ibid.
475 3572 504 3636 p.
529 3555 604 3617 bet.
629 3552 663 3617 B.
698 3550 806 3616 editur
829 3554 863 3627 νόν
884 3553 926 3617 τόν
955 3552 1025 3627 orci,
1058 3555 1117 3624 τοῖς
1142 3555 1245 3622 καλοῖς
1269 3575 1332 3628 γε,

142 3678 205 3749 pro
235 3658 284 3724 ναὶ
319 3661 361 3724 σω
386 3660 450 3722 σιώ.
499 3656 617 3721 Eodem
655 3655 748 3721 modo
783 3666 957 3742 peccarunt
995 3677 1023 3741 p.
1051 3660 1124 3721 189.
1154 3654 1192 3723 F.
1225 3659 1258 3730 νὴ
1292 3657 1333 3720 τόν

141 3765 222 3840 stri,
247 3761 438 3830 αατόκτανόν
461 3787 536 3838 τεν,
560 3763 585 3825 εἴ
610 3765 654 3839 μὴ
684 3762 877 3843 ὠργιζόμαν,
904 3771 940 3827 iu
965 3779 1101 3846 repone:
1126 3760 1175 3826 ναὶ
1199 3764 1240 3827 τόν
1261 3762 1334 3834 σιώ,

142 3869 335 3939 κατόνινανον
359 3866 397 3932 όν
422 3891 482 3943 τιν,
505 3867 537 3930 αἴ
562 3869 605 3944 μὶν
629 3868 814 3948 ὠργιζόμαν.
863 3868 950 3935 idern
983 3865 1134 3931 mendum
1160 3866 1193 3941 ri
1217 3867 1258 3930 τὼ
1280 3867 1332 3930 σιώ

144 3974 287 4043 recurrit
310 3992 339 4058 p.
356 3976 432 4038 253.
451 3971 484 4038 B.
504 3979 535 4038 et
561 3992 589 4058 p.
604 3977 679 4039 255.
698 3974 734 4040 Ε.
762 3984 793 4040 et
818 3976 853 4042 F.
880 3973 1063 4039 dierrdosius
1087 3971 1183 4036 etiam
1210 3991 1238 4054 p.
1256 3973 1330 4036 208.
