2940 5010
315 95 410 170 οὐδεὶς
434 94 519 161 κατὰ
543 94 678 169 σπουδὰς
701 88 1043 175 μετεγγραφήσεται,’

315 202 391 266 αλλ’
414 198 512 281 ὥσπερ
536 198 570 277 ήν
593 203 628 267 τὸ
650 204 764 281 πρῶτον
786 196 1041 280 ἐγγεγράψεται.

136 310 168 369 et
191 302 224 369 in
247 302 391 371 Nubibus
415 309 512 371 1436.

270 409 375 488 μοὶτκν
394 412 461 489 ἐμοὶ
481 410 709 488 κεκλαύσεται,
731 412 770 477 σὺ
789 409 817 476 δ’
835 407 980 490 έγχανύιν
1003 403 1166 485 τεθνήξεις.

136 514 169 579 id
193 524 242 580 est
272 517 480 596 κεκλαυμένου
509 515 577 585 ἔςαι
607 524 641 582 et
673 516 803 603 passim.
850 514 941 580 Trita
972 522 1051 579 sunt
1082 512 1228 579 omnium
1256 526 1327 581 urtl

138 619 313 699 εἰρήσομαι,
337 622 559 703 τετούσομαι,
583 624 840 703 ε’μτετοήσομαι,
864 616 1084 699 τετρύξομαι,
1106 620 1333 699 μεμνήσομαι,

136 726 346 804 κεκτήσομαι,
369 730 587 807 τετμήσομαι,
613 726 755 813 aliaque,
780 744 862 811 quae
881 726 990 790 omnia
1008 742 1048 789 ex
1065 720 1198 808 perfecti
1219 722 1337 791 forma

137 830 362 916 producuntur
384 842 421 898 ut
446 834 508 920 seri
520 884 529 909 ‚
560 836 681 919 socero,
711 832 757 898 sio
781 831 940 910 λέλυμαι,
970 830 1157 907 λελύσομιιι.
1204 828 1338 897 Notau-

138 934 215 1001 dum
243 944 294 1001 est
322 937 469 1015 δέδεμαι,
502 939 681 1018 δεδήσομαι.
729 936 836 1017 Quum
869 934 1079 1001 haecomnia
1108 933 1186 1001 oiim
1214 935 1249 1001 iu
1271 934 1340 1003 do-

137 1040 341 1107 suetudioam
367 1042 520 1110 abiissent
549 1044 678 1129 saepius
700 1040 822 1107 [aetum
845 1060 915 1107 esse
943 1038 1032 1115 ridi,
1065 1047 1104 1105 ut
1125 1058 1186 1126 pro
1215 1037 1346 1108 tuturo

136 1142 269 1230 perfecti
293 1156 416 1213 resecta
441 1168 505 1215 una
534 1147 657 1237 syllaba
681 1149 786 1234 ipsum
811 1144 990 1233 perfeetum
1013 1144 1122 1231 inepto
1151 1143 1345 1213 substitue-

136 1259 238 1316 retur.
286 1250 326 1317 Ut
356 1253 440 1339 apud
473 1252 717 1321 Demosthenem
747 1274 777 1339 p.
802 1256 888 1329 178,
912 1248 966 1317 tt.
1003 1247 1078 1316 iibri
1098 1257 1228 1316 tautum
1261 1268 1347 1317 uotl

138 1372 250 1420 omnes
282 1366 411 1424 serrant
436 1362 462 1424 si
492 1360 523 1426 δέ
555 1360 711 1441 ταοελθὼν
739 1353 782 1430 εἷς
811 1359 930 1426 ὁτισοῦν
960 1356 1082 1423 δύναιτο
1116 1352 1241 1431 διδάξαι
1276 1356 1348 1428 τίς

138 1463 319 1541 παρασκευή
342 1466 495 1545 χρήσιμος
515 1464 583 1535 έςαι
607 1474 646 1549 σή
669 1464 759 1529 τέλει
783 1466 848 1536 τοῖς
872 1464 886 1528 ὁ
909 1463 1012 1543 ταμὼν
1038 1461 1140 1544 φόβος
1165 1460 1297 1529 λέλυται
1310 1504 1353 1537 ‚

139 1583 334 1651 quamquam
356 1569 489 1637 λέλυται
512 1572 661 1637 vitiosum
684 1588 754 1637 esse
772 1566 878 1655 palam
902 1576 970 1643 est,
995 1566 1134 1655 (acutior
1149 1564 1270 1652 aliquis
1290 1567 1360 1631 in

139 1669 253 1737 Codice
276 1672 456 1741 Monaoeusi
480 1677 833 1751 commutabimur,
859 1691 969 1739 verum
1000 1669 1087 1738 sotus
1115 1681 1225 1739 serrat
1246 1672 1360 1759 opti-

139 1795 213 1841 mus
236 1776 402 1844 Parisinus
428 1781 451 1847 S
472 1779 674 1868 λελύσεται),
698 1781 745 1846 sio
769 1777 845 1845 alibi
868 1797 962 1863 saepe
984 1778 1154 1844 λελύσεται
1178 1784 1212 1843 et
1233 1776 1360 1845 λελύ-

140 1905 269 1961 σονται,
296 1893 332 1949 ut
356 1884 432 1951 aiibi
460 1886 772 1961 demonstravimus,
805 1886 838 1949 iu
858 1885 990 1949 λέλυται
1014 1890 1047 1949 et
1068 1882 1238 1959 λέλυνται,
1270 1882 1360 1949 uu!

138 1988 286 2054 λύσονται
309 1988 480 2075 depravata
500 2002 585 2058 suot.
633 1991 756 2057 Novum
781 1990 878 2056 ituius
900 1988 947 2055 rei
975 1986 1182 2074 exemplum.
1215 2006 1360 2075 quaut-

139 2112 237 2177 quam
260 2112 298 2159 ex
322 2095 478 2180 pessimae
512 2105 605 2163 notae
627 2098 806 2183 scriptore,
841 2104 948 2161 tamen
978 2093 1055 2179 quia
1077 2090 1253 2159 admodum
1276 2090 1360 2159 iu·-

139 2196 304 2263 euieutum
329 2207 394 2273 est,
418 2220 613 2286 expromam.
660 2202 793 2287 Legitur
816 2200 899 2288 apud
923 2199 1071 2266 Flavium
1093 2196 1266 2286 iosephum
1286 2195 1360 2264 de

138 2302 175 2367 B.
195 2300 219 2365 1.
242 2302 295 2367 IV.
323 2308 373 2369 10.
404 2304 493 2383 μόνον
524 2309 665 2390 ὀφθῶμεν
689 2308 794 2381 αὐτοῖς
818 2308 870 2373 καὶ
900 2303 1158 2382 καταλέλυνται,
1183 2304 1360 2371 sentisne

139 2408 409 2475 καταλελύσονται
430 2410 665 2477 emendandum
696 2430 784 2489 esse,
813 2409 897 2496 quod
930 2409 1053 2475 dietum
1085 2419 1135 2477 est
1163 2416 1202 2475 ut
1222 2408 1360 2494 φράζε

138 2515 189 2579 καὶ
215 2512 433 2596 τετεύξεται.9

184 2617 268 2699 Quid
291 2620 459 2687 interesset
485 2623 570 2690 inter
596 2624 770 2702 λελύσομαι
792 2631 825 2689 et
847 2624 1019 2700 λυθήσομαι
1050 2619 1143 2707 plane
1175 2620 1360 2689 uesoiitu‘

140 2724 330 2813 Dionysium
365 2727 465 2794 Helie.
501 2738 533 2795 et
567 2728 710 2796 eruditos
743 2727 823 2795 adeo
856 2746 967 2793 omues
1002 2725 1185 2793 luculenter
1219 2724 1360 2813 cotug-2·

139 2837 244 2915 potest
267 2852 305 2897 ex
329 2833 400 2899 eius
424 2833 529 2901 verbis
553 2837 585 2900 iu
610 2835 691 2901 libro
714 2835 782 2916 rapi
812 2832 975 2906 συνθέσεως
998 2831 1156 2911 θνομύτον
1179 2850 1253 2919 oap.
1276 2826 1360 2897 VI·

140 2954 170 3019 p.
194 2940 236 3002 45
261 2936 300 3005 R.
335 2938 388 3005 ubi
420 2938 512 3007 ducet
535 2941 704 3007 λελύσεται
729 2959 786 3028 pro
811 2940 977 3015 λυθήσεται
999 2937 1065 3004 diei
1088 2956 1181 3025 posse
1211 2944 1252 3005 ut
1279 2956 1357 3005 ve·

140 3042 267 3106 uustior
287 3042 341 3107 dat
365 3046 466 3110 oratio
489 3054 521 3111 et
545 3044 584 3110 ad
609 3065 703 3111 aures
734 3046 857 3131 gratior
880 3042 1025 3111 aooedat:
1055 3044 1069 3109 ὁ
1095 3048 1340 3127 χυμοφιλιΐ·

141 3171 205 3212 σαι
230 3146 331 3226 λέγων
355 3152 390 3215 τὸ
414 3155 722 3232 Φιλοχιορήσαι,
757 3150 882 3237 iuquit,
907 3148 959 3214 aori
983 3150 1201 3216 λελύσεται
1226 3148 1337 3227 λέγειν

140 3255 175 3317 τὸ
208 3255 422 3331 λυθήσεται
446 3253 675 3337 μετασκευάζει
702 3255 762 3329 τοὶς
786 3253 886 3332 λέξεις
906 3252 943 3319 ἵν’
966 3256 1050 3337 αὐτῷ
1074 3254 1210 3334 γένοιντο
1235 3256 1325 3337 ἑρμο-

139 3360 258 3424 σθεῑσαι
277 3360 436 3434 καλλίους.
484 3361 546 3442 Qui
565 3361 599 3427 in
620 3367 806 3444 χυμοΦιλεῖν
830 3360 971 3446 respexit
991 3359 1096 3428 louum
1117 3358 1326 3451 Antiphontis

140 3483 159 3528 a
184 3462 353 3530 Sohaeiero
378 3464 555 3532 indicatum
579 3474 660 3531 orat.
683 3464 720 3530 V.
745 3470 764 3552 §
787 3469 839 3532 78.
872 3474 904 3531 et
932 3467 963 3531 io
996 3466 1165 3533 λελύσεται
1198 3464 1326 3533 Demm

142 3568 248 3635 thenis
283 3568 411 3647 iocum,
446 3569 484 3637 de
513 3590 577 3657 quo
603 3571 755 3639 diximus.
803 3570 903 3659 Saepe
926 3571 991 3637 riti
1013 3569 1098 3660 apud
1128 3568 1252 3639 multos
1274 3596 1325 3653 με·

140 3678 272 3753 μνήσθαι
301 3696 359 3761 pro
382 3678 593 3755 praeodoratur
629 3696 796 3764 perperam
828 3678 967 3764 positum
999 3686 1032 3743 ot
1065 3678 1243 3759 πεπρᾶσθαι
1273 3696 1328 3765 pro

141 3782 354 3864 σεπρύσεσθαι
383 3782 466 3869 quod
493 3784 548 3869 qui
573 3783 670 3851 semel
694 3784 727 3848 in
754 3782 927 3850 luculentis
956 3782 1148 3871 quibusdam
1173 3792 1207 3849 et
1231 3783 1330 3851 oertia

141 3888 295 3975 exemplis
333 3886 412 3955 beno
446 3890 666 3976 perspexerit,
701 3887 897 3957 confidenter
929 3888 961 3955 iu
993 3888 1130 3957 caeteris
1162 3886 1332 3959 ermriirua

142 3992 373 4061 eiusdemmodi
397 3993 480 4081 quod
501 4014 578 4063 sana
599 3996 681 4063 ratio
702 3997 805 4082 posoit
827 3994 987 4066 rerooalrit
1007 4003 1040 4063 et
1061 3992 1262 4083 ubioumque
1284 3992 1333 4063 fu·
