2940 5010
643 337 707 399 oet

120 509 252 579 subolet
271 508 352 576 milri
381 508 496 575 titium
520 507 552 573 in
583 508 713 577 Memor.
735 508 790 576 lll.
815 529 860 575 ιιι.
886 514 928 590 9,
954 508 1008 576 ulti
1034 530 1132 597 quum
1156 509 1254 577 dixis.

68 625 123 685 ul
144 615 308 686 Socrates:
329 613 375 682 ύτι
397 615 428 680 ἐν
451 614 546 680 παντί
570 614 738 697 πρύγματι
766 618 792 681 oi
816 612 962 697 ύνύρωποι
985 617 1103 691 τούτοις
1125 617 1253 697 μύλιεα

67 722 206 789 ύύίλοωσι
229 722 384 788 πείύεσύαι
407 716 456 792 οὓς
480 717 519 785 ἂν
543 721 679 799 ἡγῶνται
705 721 871 799 βελτίτοως
894 717 993 800 εἶναι,
1013 721 1130 809 triplex
1153 721 1252 789 huius

67 826 121 895 rei
151 825 333 914 exemplum
359 823 470 892 alieri:
495 824 547 890 καί
570 825 634 907 γὰρ
658 827 689 890 ἐν
721 825 796 908 νύσῳ
826 822 857 891 ὃν
881 825 920 891 ἂν
951 829 1087 906 ἡγῶνται
1114 827 1251 908 ίατρικύ·

68 956 168 1001 ται-ον
190 927 268 999 εἶναι
289 931 386 1013 τούτῳ
408 929 534 1010 μύλα-α
563 931 739 1007 πείύσνται,
763 929 814 996 καί
842 933 880 997 ἐν
908 934 1036 1015 πλοίῳ
1063 934 1089 998 οἱ
1117 933 1251 998 πλέον·

67 1062 134 1113 πει·
154 1037 186 1104 ὃν
212 1037 251 1104 ἂν
274 1036 593 1116 κυβερνητικώτατον,
624 1036 676 1101 καί
699 1036 729 1100 ἐν
752 1037 890 1122 γεωργία
917 1035 947 1104 ύν
970 1038 1009 1105 ἂν
1037 1037 1252 1120 γεωργικώτα·

66 1166 134 1213 ποτ.
179 1142 249 1210 Non
272 1149 362 1229 potes
386 1160 448 1206 non
471 1142 591 1206 sentire
614 1160 710 1227 qnam
740 1142 782 1207 sit
812 1143 1034 1229 importunum
1057 1147 1083 1210 οί
1106 1143 1252 1216 πλέοντες

67 1258 213 1338 olquam
237 1247 338 1313 scitae
357 1246 454 1312 huius
474 1244 536 1311 loci
556 1245 778 1331 compositioni
798 1245 935 1327 officiat,
959 1247 1014 1315 sed
1035 1249 1063 1316 si
1082 1248 1252 1326 deleveris,

67 1372 184 1421 nance
209 1353 311 1420 oratio
330 1353 392 1417 erit
415 1359 447 1417 et
470 1351 511 1416 ita
536 1351 615 1416 sotis
641 1370 715 1417 vera
738 1351 887 1438 quidem,
914 1373 988 1419 nam
1009 1373 1104 1441 saepo
1127 1352 1253 1421 Socrati

68 1459 240 1539 rioavrtxd
271 1456 391 1534 οίταξία
422 1455 501 1523 solet
532 1475 601 1524 esse
631 1455 664 1521 in
699 1476 775 1534 ore,
798 1467 833 1524 ut
853 1459 908 1524 lll.
933 1479 964 1524 v.
987 1461 1018 1524 6.
1054 1459 1093 1548 (σί
1125 1461 1156 1525 ἐν
1180 1467 1253 1533 ταῖς

67 1556 190 1654 ναυσίν)
214 1560 288 1630 ὅταν
310 1562 403 1643 μηδὲν
426 1563 588 1644 Φοβύνται
612 1562 704 1640 μεςοί
732 1564 806 1629 είσιν
830 1563 977 1641 ἀταξίας.
1024 1563 1107 1631 Huic
1131 1565 1252 1631 incom-

67 1666 167 1739 modo
189 1669 308 1755 optime
331 1666 511 1735 medeberis
534 1674 566 1733 et
590 1666 686 1732 simul
712 1667 796 1734 unde
832 1677 945 1736 natum
975 1668 1018 1735 sit
1048 1673 1075 1736 oi
1104 1670 1251 1742 ποιέοντες

68 1774 252 1859 inlelligeS,
277 1772 306 1839 si
330 1792 456 1839 mecum
470 1790 619 1858 repones:
643 1773 697 1837 καί
720 1775 751 1839 ἕν
774 1776 858 1857 πλῷ
882 1771 913 1841 ύν
935 1775 973 1841 ἂν
989 1774 1253 1857 κυβερνητικώτα-

66 1904 132 1949 m.
177 1878 306 1947 Dicitur
336 1879 422 1943 enim
448 1879 479 1942 ἐν
508 1877 582 1959 νύστρ
605 1877 657 1943 καί
684 1880 714 1943 ἐν
738 1883 807 1963 πλῷ
832 1879 885 1946 καί
907 1881 937 1945 ἐν
969 1880 1108 1965 γεωργία
1140 1879 1253 1946 eodem

65 2004 167 2055 nemu
190 1991 286 2072 elque
315 1980 389 2049 ὅταν
421 1989 525 2049 νοσῶσι
549 1984 602 2049 καί
627 1983 744 2050 πλέωσι
769 1986 821 2052 καί
846 1992 1042 2069 γεωργῶσιν,
1065 1995 1162 2072 atque
1191 1984 1252 2052 hoc

67 2092 177 2181 iprum
200 2086 357 2175 estquod
380 2089 540 2155 sententia
565 2087 626 2155 loci
648 2091 794 2176 requirit.
842 2092 912 2158 tilia
934 2093 1016 2158 ratio
1040 2100 1089 2159 est
1112 2090 1173 2157 loci
1195 2089 1251 2156 lll.

67 2218 112 2267 rx.
137 2200 190 2263 10.
224 2193 278 2261 nbi
307 2204 545 2280 componuntur
577 2196 607 2260 ἐν
631 2194 684 2271 νηί
703 2233 746 2246 -
771 2195 824 2262 καί
857 2199 887 2263 ἕν
917 2198 1057 2283 γεωργία
1076 2236 1120 2251 -
1142 2197 1194 2261 καί
1221 2197 1252 2261 ἐν

67 2303 147 2386 clap
164 2338 210 2351 -
228 2299 281 2367 καί
304 2299 333 2364 ἐν
357 2298 547 2381 σωμασκίᾳ,
578 2299 612 2364 in
635 2300 753 2385 quibus
777 2302 926 2368 omnibus
954 2302 1075 2369 dicitur
1098 2301 1112 2367 ί
1141 2297 1251 2369 ἐπιεύ·

67 2430 160 2489 μενος
183 2403 314 2487 ἄρχειν,
336 2401 420 2490 qttod
451 2424 564 2470 verum
588 2412 655 2470 est:
679 2413 737 2472 τῶν
761 2408 793 2474 ἐν
813 2418 853 2492 τῇ
877 2407 928 2484 νηῒ
952 2407 1080 2475 πάντων
1100 2409 1114 2473 ὁ
1142 2405 1252 2477 ἔπιε-ύ-

67 2536 160 2594 μενοσ
183 2508 275 2594 ἄρχει
300 2518 332 2575 et
355 2509 388 2574 in
413 2507 477 2575 alto
500 2518 533 2575 et
557 2509 591 2575 in
616 2521 729 2597 portu,
763 2533 825 2579 non
857 2522 984 2582 tanturn
1009 2512 1083 2581 ὅταν
1107 2513 1252 2580 πλέωσιν.

69 2615 209 2685 Conlmo
231 2634 301 2682 esse
323 2615 418 2697 πλοίῳ
442 2624 474 2681 et
495 2616 563 2698 πλῷ
594 2636 687 2682 nemo
714 2618 887 2685 mirabitur
909 2621 966 2706 qni
990 2619 1177 2686 meminerit
1202 2638 1252 2686 eo·

67 2742 144 2793 rttm
165 2740 247 2809 qnae
271 2719 310 2786 de
336 2738 373 2786 eo
396 2739 433 2786 rc
453 2719 494 2786 ad
518 2719 766 2789 Oeconomicnrn
791 2726 1029 2794 annotavimus.

113 2827 264 2897 llendnm
295 2826 379 2891 inest
402 2826 435 2891 in
469 2825 715 2893 Nicomachidae
748 2828 1023 2915 querelalll.1v.
1050 2835 1079 2895 1.
1114 2831 1169 2908 ἐμὲ
1193 2831 1251 2909 μὲν

67 2938 130 3017 cdx
151 2931 266 3000 εἵλοντο
289 2927 320 3004 ὃς
342 2932 377 2995 ἐκ
402 2929 584 3009 καταλίγοιι
601 2932 822 3014 ερατευύμενος
845 2935 1100 3018 κατατέτριμμαι
1123 2934 1177 3000 καί
1199 2949 1253 3000 λο-

67 3045 184 3123 χαγῶν
206 3035 258 3103 καί
281 3034 460 3117 ταξιαρχῶν
484 3037 537 3101 καί
561 3038 733 3119 τραύματα
765 3041 821 3105 ὑπὸ
845 3041 904 3105 τῶν
932 3040 1087 3121 πολεμίων
1111 3046 1252 3106 τοσαῦτα

68 3146 170 3231 ἔχων,
195 3139 280 3231 quod
304 3141 351 3206 sio
369 3141 489 3227 optime
510 3141 746 3229 deprehendes,
767 3154 799 3210 et
821 3144 1053 3231 deprehensum
1071 3145 1181 3211 statim
1202 3165 1251 3212 sa·

10 3274 24 3323 ε
67 3250 180 3327 nobis,
205 3248 233 3312 si
254 3245 426 3333 diligenter
449 3247 717 3315 animadverteris
741 3270 805 3335 qno
825 3270 921 3316 sensu
944 3251 1178 3332 κατατρίβομαι
1202 3251 1251 3317 vel

10 3380 26 3433 5:
66 3354 323 3436 κατατέτριμμαι
347 3360 437 3419 ποιῶν
460 3378 490 3419 τι
516 3352 653 3420 dicatur.
701 3355 867 3423 Facillime
891 3355 921 3422 id
946 3355 1054 3443 colligi
1085 3364 1189 3444 potest
1211 3375 1251 3423 ex

66 3458 293 3549 Aristophanis
316 3455 498 3544 fragmento
521 3460 605 3545 apud
629 3460 744 3527 Athen.
770 3483 799 3550 p.
826 3467 898 3528 184.
923 3463 960 3528 ll.

202 3563 266 3638 ύςις
291 3566 397 3637 αὐλοῖς
420 3564 473 3630 καί
494 3565 615 3647 λύραισι
640 3567 896 3650 κατατέτριμμαι
917 3568 1072 3650 χρώμενος

204 3668 276 3738 sirei
298 3694 340 3750 με
365 3668 518 3736 σκάπτειν
541 3672 699 3749 κελεύσας

64 3790 98 3851 el
120 3798 139 3848 ο
161 3777 304 3845 Platonis
328 3774 396 3842 loco
421 3774 460 3842 de
484 3776 561 3865 Rep.
577 3778 632 3845 ΙΙΙ.
657 3800 687 3866 p.
707 3784 782 3847 tot.
808 3780 841 3845 B.
872 3777 948 3846 ύταν
969 3804 1016 3852 τις
1041 3780 1076 3844 τὸ
1095 3782 1175 3845 πολὺ
1196 3786 1249 3845 τοῦ

64 3887 137 3968 βίον
160 3886 192 3952 ἐν
215 3883 397 3965 δικαςκρίοις
421 3883 548 3967 φεύγων
579 3909 615 3950 τε
639 3884 692 3949 καί
716 3885 826 3952 διώκων
857 3886 1106 3966 κατατρίβηται,
1139 3884 1252 3950 simiti-

17 4044 23 4049 -
65 3990 193 4078 ltneque
212 3985 309 4067 locis,
334 3987 388 4054 ulti
413 3990 447 4055 τὸ
472 3993 722 4074 κατατετρῖφίαι
748 4011 810 4055 non
834 3990 981 4056 detritum
1005 4011 1070 4055 esse
1090 3988 1252 4074 significat

10 4106 23 4167 l
65 4105 124 4167 ant
146 4093 309 4170 attritum,
342 4093 398 4159 sed
430 4095 514 4179 qnod
540 4095 652 4162 Latine
685 4095 807 4162 dicitur
835 4096 942 4162 tritam
971 4116 1037 4161 esra
1067 4103 1098 4160 et
1132 4093 1252 4162 Graece

10 4190 22 4299 ff
64 4202 180 4286 τρίβων
203 4197 288 4279 είμί,
313 4206 344 4263 et
369 4207 547 4285 usurpatur
566 4200 605 4266 de
635 4200 792 4287 singulari
823 4202 956 4290 peritia,
988 4220 1086 4287 quant
1116 4201 1189 4286 quis
1213 4220 1251 4266 ex

10 4300 19 4393 ’ξ
65 4308 164 4395 longo
189 4323 248 4372 ttstt
272 4301 445 4392 collegerit.
494 4304 605 4393 ltaque
629 4308 884 4392 κατατέτριμμαι
909 4307 1130 4394 ερατεωύμενος
1154 4306 1181 4372 is
1205 4304 1251 4371 di·
