2940 5010
706 298 770 359 716

148 469 272 548 lunxit,
303 476 339 534 nt
362 465 465 534 solent
497 467 650 534 ineruditi
675 469 707 534 ln
738 489 773 535 re
801 466 1023 553 chronologica
1054 467 1195 535 mirilico
1225 471 1326 537 omnia

146 571 351 640 conlurnlere.
399 572 591 639 simillimus
626 572 702 639 huic
734 594 825 641 error
855 574 1049 641 commissus
1081 579 1134 640 est
1165 574 1200 639 in
1223 572 1325 641 'Xenc

145 680 276 767 phontis
300 678 446 764 Agesilao
465 679 548 744 Vlll.
575 684 605 746 7.
642 678 697 745 ubi
721 679 791 745 eius
815 678 1056 767 simplicitatem
1079 678 1188 745 uictus
1207 685 1241 745 ct
1266 678 1326 747 lrn·

145 785 311 872 galilalcnr
343 783 497 850 extollens
522 783 637 850 tralata
660 810 731 863 τις,
755 786 882 871 inquit,
906 786 966 860 τὰς
994 786 1086 868 θύρας
1117 788 1226 851 αὐτοῦ.
1249 784 1326 851 airri-

145 998 159 1062 ό
183 997 430 1078 Ἡρακλέους
453 993 505 1062 ὅτε
528 997 665 1072 κατῆλθε
687 997 797 1075 λαβὼν
820 998 1015 1073 lancinare,
1039 996 1096 1062 ubi
1119 995 1209 1062 docti
1231 994 1326 1061 haml-

145 1122 203 1168 nes
227 1101 337 1167 faciles
368 1099 505 1166 credunt
528 1102 543 1165 έ
567 1102 752 1183 Ἡρακλέους
775 1101 960 1187 significare
983 1101 997 1166 έ
1021 1102 1211 1183 Ἡρακλέους
1245 1100 1327 1190 (riri-

143 1206 256 1294 νονος).
305 1204 366 1271 Sed
398 1226 501 1292 neque
534 1205 611 1273 haec
640 1205 777 1273 mirifica
813 1205 934 1293 ellipsis
965 1208 1050 1273 serio
1082 1204 1257 1273 refutanda
1285 1214 1327 1273 cst

144 1331 249 1399 neque
270 1311 401 1376 omnino
430 1310 499 1382 hoc.
520 1312 640 1378 Graece
667 1311 805 1389 dicitur,
828 1311 884 1379 sed
911 1312 1009 1395 έδφ’
1032 1311 1234 1395 Ἡρακλέους.
1280 1310 1327 1379 Ια-

144 1419 209 1484 ctio
230 1434 309 1482 sana
328 1425 395 1494 cst,
417 1416 473 1482 sed
493 1417 595 1502 ipsius
615 1417 785 1503 scriptoris
796 1436 887 1484 error
909 1425 976 1497 est,
1000 1419 1057 1503 qui
1076 1416 1244 1485 nesciebat
1263 1418 1327 1485 hri·
1366 1404 1368 1421 '

143 1522 325 1590 studemum
348 1522 492 1601 πέμπτον
521 1524 584 1603 αφ’
617 1525 803 1605 Ἡρακλέους
826 1521 937 1589 luisse.
984 1522 1182 1590 Plutarchus
1212 1524 1248 1590 in
1270 1524 1328 1591 viu
1366 1520 1368 1527 '

143 1627 282 1714 Agesilai
306 1626 366 1692 hoc
394 1627 614 1714 Xenophontis
648 1630 832 1696 testimonio
855 1648 936 1695 usus
961 1629 1071 1694 omisit
1107 1628 1217 1695 sciens
1239 1628 1327 1697 verba

144 1737 157 1799 έ
182 1734 367 1815 ’Ἡρακλέους
390 1752 460 1819 cap.
483 1737 535 1799 19.
566 1734 752 1818 Agesilaus,
782 1735 909 1821 inquit,
942 1756 983 1800 ec
1006 1736 1083 1799 Asia
1103 1754 1253 1801 reiterans
1269 1734 1327 1821 ρκ’·

143 1840 257 1905 stiocm
280 1839 380 1905 victus
408 1837 638 1925 simplicitatem
671 1840 821 1917 retinnit,
852 1841 905 1906 καὶ
935 1842 995 1914 τας
1019 1841 1112 1921 δέρας
1134 1842 1265 1922 ἀφῆκεν
1285 1838 1327 1907 ci·

143 1971 203 2019 τος
233 1946 328 2019 οὔσας
359 1944 480 2028 σφόδρα
515 1945 659 2018 παλαιὰς
689 1947 728 2019 ὦς
752 1947 849 2012 δοκεῖν
880 1940 957 2011 εἶναι
989 1945 1113 2018 ταύτας
1141 1948 1265 2021 έκεένας
1294 1944 1327 2019 ἃς

143 2052 287 2126 ἐπέθηκεν
328 2050 547 2131 Ἀριςόδκμυς,
582 2048 666 2116 nnuc
699 2050 901 2137 Xenophonti
935 2049 1032 2116 redde
1067 2052 1242 2129 ἐπεθήκατο
1279 2068 1329 2139 pro

143 2159 329 2233 ἐπεςήσατο.
378 2152 572 2221 Plutarchus
602 2155 690 2220 eninr
719 2158 918 2237 Ἀριςόδκραος
954 2158 969 2221 ὅ
1000 2157 1190 2237 ’Ἡρακλέους
1222 2176 1330 2223 conco-

144 2282 243 2348 quere
267 2281 328 2326 non
352 2269 496 2346 poterat:
520 2259 633 2325 rrrdior
655 2262 834 2347 antiquitas
856 2263 904 2328 sic
927 2261 1073 2337 errabat,
1098 2261 1155 2327 sed
1184 2262 1240 2327 ubi
1264 2280 1329 2329 eru·

144 2367 213 2435 dita
235 2365 343 2432 sturlia
363 2365 464 2432 excoli
487 2374 599 2451 coepta
623 2375 721 2445 sunt,
745 2386 839 2432 nemo
861 2366 968 2453 paullo
988 2364 1113 2433 doctior
1135 2377 1169 2434 et
1183 2366 1332 2435 historiae

144 2474 338 2559 antiquioris
364 2492 426 2537 non
451 2471 543 2557 plane
569 2473 702 2555 ignarus
725 2472 758 2536 in
785 2479 850 2537 tarn
875 2473 1049 2537 immanem
1075 2491 1222 2541 errorem
1250 2482 1331 2561 potc-

142 2589 195 2645 rat
228 2576 398 2664 implicari.
447 2578 649 2662 Quamquam
673 2578 758 2642 enirn
792 2581 825 2643 in
856 2577 997 2663 Regibus
1019 2580 1194 2665 utriusque
1225 2580 1331 2667 stirpis

143 2681 371 2751 enumerandis
396 2701 456 2745 non
482 2683 588 2746 omnia
617 2683 649 2746 in
684 2683 920 2768 antiquissimis
948 2682 1116 2761 Ἀγιάδαις
1151 2686 1206 2750 καὶ
1242 2688 1331 2766 Elpc-

143 2789 309 2862 υιυντέδανς
334 2788 412 2853 satis
433 2796 556 2852 certain
579 2794 612 2852 et
642 2787 838 2874 exploratam
864 2787 957 2854 fidem
985 2787 1124 2867 habent,
1154 2797 1268 2855 tamen
1290 2790 1332 2854 in·

143 2905 196 2963 ter
218 2913 328 2959 omnes
349 2891 516 2960 constabat
540 2892 658 2978 quibus
681 2893 823 2979 Regibus
844 2894 988 2980 aequalis
1011 2894 1184 2982 Lycurgus
1208 2894 1328 2961 luisset.

144 2999 294 3088 Ephorus
327 3006 441 3064 auctor
475 3007 524 3064 est
560 2998 658 3086 (apurl
691 2998 879 3065 Strabonem
906 3000 944 3066 x.
977 3020 1008 3085 p.
1031 2998 1121 3087 481.)
1157 3007 1330 3083 Λυκοῦργον

143 3106 441 3185 ὁμολογεῖσθαι
466 3104 575 3187 παρα
609 3104 771 3170 πάντων
806 3103 894 3171 ἕκτον
916 3105 980 3170 ἀπὸ
1008 3104 1179 3187 Προκλέους
1208 3104 1331 3186 ysrael-

143 3237 215 3289 ναι,
247 3229 342 3297 quem
371 3208 511 3276 l‘rcclern
539 3228 639 3295 quum
672 3209 713 3275 ab
742 3209 879 3276 Hercule
914 3219 1040 3276 sextum
1073 3210 1174 3277 luisse
1210 3218 1331 3277 constet

145 3315 274 3405 (Herod.
299 3315 382 3381 Vlll.
418 3320 492 3380 151.
531 3314 603 3379 coll.
635 3315 702 3381 Vll.
741 3316 830 3403 204.)
867 3317 1076 3401 consequitur
1111 3317 1331 3383 verissimca

144 3420 323 3490 Dieuchirla
354 3419 438 3505 apud
472 3420 556 3486 Plut.
590 3421 665 3509 Lyc.
690 3430 716 3487 1.
756 3423 942 3510 Lycurgum
981 3421 1044 3487 dici
1085 3421 1186 3487 laissa
1221 3421 1330 3489 ἕκτον

143 3531 201 3608 μὲν
220 3529 284 3593 aial
303 3526 492 3607 Προκλέους,
514 3526 733 3593 ἑνδέκατον
757 3528 789 3592 δὲ
808 3530 870 3609 αφ’
890 3528 1088 3608 Ἡρακλέους.
1125 3527 1212 3594 Satis
1237 3528 1330 3595 eliam

144 3633 311 3701 constabat
334 3632 520 3720 Lycurgum
549 3635 704 3714 Χαρίλλου
731 3634 838 3723 (quern
870 3633 963 3700 multi
989 3633 1072 3699 male
1096 3635 1254 3715 Χαρέλαον
1284 3652 1333 3721 ap·

143 3739 275 3829 pellant)
312 3739 448 3819 πρόδικον
472 3741 634 3817 γενέσθαι,
668 3741 720 3807 cui
753 3742 785 3805 in
819 3761 930 3826 regum
964 3741 1047 3805 serie
1076 3740 1108 3804 έν
1140 3748 1206 3815 τοῖς
1241 3742 1332 3823 Eripu-

142 3849 308 3919 ιιυντέδαις
332 3864 412 3909 suus
444 3853 554 3909 certus
577 3844 667 3911 locus
691 3846 877 3931 assignatus
901 3854 949 3911 est
976 3845 1103 3935 (nempe
1127 3854 1177 3911 est
1200 3844 1332 3927 ἕβδομος

142 3955 206 4019 διεδ
229 3948 423 4037 Προκλέους).
471 3949 584 4035 ltaque
611 3952 753 4039 Lycurgi
785 3958 893 4030 aetas,
929 3969 1125 4038 quamquain
1164 3970 1227 4015 non
1265 3970 1333 4017 exa·

144 4060 288 4127 ctissime
323 4055 384 4121 hale
413 4053 511 4121 deca
545 4063 595 4121 est
625 4065 848 4142 compertum,
879 4066 986 4123 tamen
1019 4056 1197 4121 intratam
1224 4065 1333 4122 arctos

143 4165 223 4231 lines
247 4161 370 4229 inclusa
396 4169 466 4236 est,
496 4172 533 4226 ut
554 4159 593 4226 ad
618 4160 705 4227 illius
738 4182 901 4241 errorem,
926 4163 980 4249 qui
1011 4180 1086 4227 eum
1123 4160 1212 4228 dicat
1245 4162 1331 4229 sacal

143 4272 198 4345 τὴν
218 4266 422 4349 Ἡρακλειδῶν
441 4265 562 4332 καέοδον
584 4268 726 4344 γενέσθαι
749 4288 811 4334 non
834 4270 935 4356 possis
956 4286 1017 4332 non
1041 4266 1221 4333 subridere.
1270 4274 1332 4335 An·

142 4373 303 4460 tiquitatis
325 4371 371 4435 illi
395 4391 520 4439 crrorcs
543 4383 637 4450 sinn,
673 4394 774 4460 quum
809 4373 947 4442 rionrlurn
976 4374 1149 4459 quisquam
1180 4371 1264 4441 hacc
1287 4372 1333 4438 ali·
