2940 5010
706 321 769 383 685

642 491 664 560 ὦ
687 491 843 570 Πλάτων,
866 488 1021 567 Πλάτων,

282 603 321 678 ὥς
344 601 428 670 οὐδέν
453 596 553 676 ἦσθα
585 601 667 675 πλην
691 595 915 680 σκυθρωπάζειν
937 596 1044 677 μθνον,

143 707 204 777 ubi
235 727 403 796 perperam
438 703 525 776 οἶσθα
557 724 709 792 reponere
742 704 923 771 voluerunt.
978 701 1147 769 Caeterum
1176 714 1328 792 pervetus

144 815 210 881 iste
227 815 387 902 opinionis
408 831 499 878 error
517 819 575 876 est.
622 810 658 876 ln
680 808 849 874 (lodicibus
870 807 1094 893 Aristophanis
1114 808 1231 895 duplex
1251 811 1327 878 olim

144 920 309 1008 scriptura
334 917 496 985 ferebatur
529 917 604 992 θςην
627 923 658 981 et
684 916 792 991 ἥνςην,
817 934 878 979 non
903 913 992 991 θςην,
1016 921 1052 979 ut
1081 915 1267 982 etiamnunc
1293 918 1327 983 iu

142 1024 267 1093 eolrolio
301 1024 416 1089 vitiose
453 1022 582 1108 legitur.
638 1018 787 1087 Probavit
822 1019 907 1094 ἤιςην
943 1017 1181 1087 Grammaticus
1220 1022 1329 1088 neseio

143 1130 241 1217 quio,
265 1130 321 1215 qui
346 1127 464 1198 lormas
486 1129 582 1210 ᾔτην,
613 1124 729 1206 ᾖσμεν,
760 1122 815 1207 lea
841 1131 873 1190 et
898 1121 976 1207 ἦσαν
1002 1125 1159 1213 exemplis
1188 1128 1329 1194 munivit

144 1235 179 1303 iu
203 1233 343 1323 Etymol.
368 1235 483 1320 Magno
507 1253 536 1319 p.
558 1235 641 1306 438,
667 1235 720 1296 tt.

190 1338 274 1408 ibid.
301 1340 334 1404 iu
360 1342 378 1424 §
403 1344 456 1404 ut.
486 1344 545 1404 τῶν
571 1337 603 1401 ἕν
623 1337 724 1417 μέτρῳ
748 1334 958 1414 πεποιημένων
994 1336 1127 1426 [έπῶν],
1148 1337 1327 1424 parendum

143 1453 198 1515 ott
220 1445 262 1511 iis
286 1445 341 1531 qui
358 1446 438 1510 ἐπῶν
463 1441 691 1511 removendum
716 1461 785 1507 esse
808 1451 1016 1509 censuerunt.

191 1548 275 1618 lnid.
301 1551 334 1614 iu
360 1551 378 1634 ς
403 1553 456 1615 θθ.
487 1550 558 1623 τοὺς
582 1549 625 1621 εἰς
649 1547 836 1629 φιλοποσίαν
868 1547 1157 1628 προαχθέντας
1180 1550 1234 1616 καὶ
1257 1553 1328 1625 τοὺς

144 1657 191 1732 alc
215 1654 329 1738 έροντας
348 1655 602 1732 έκκνλντθέντας,
624 1653 804 1719 rectissime
821 1653 883 1717 viri
904 1651 989 1719 docti
1010 1654 1245 1731 έκκυλοοθέντας
1259 1677 1329 1743 pro·

144 1758 306 1831 buerunt
331 1780 387 1846 pro
408 1759 671 1839 ἐγκυλισθέντας,
698 1777 837 1844 namque
858 1755 1075 1833 έξοκεθλαντας
1099 1759 1259 1844 signifieat
1282 1760 1332 1828 di·
1407 1837 1410 1842 ⁸

145 1866 299 1952 eiturqne
326 1864 365 1930 de
398 1885 456 1941 eo,
489 1865 587 1950 quia
618 1872 705 1929 recto
737 1863 867 1929 tranuito
900 1862 1042 1929 deflectit
1073 1873 1105 1929 et
1135 1865 1168 1929 in
1201 1864 1330 1952 aliquod

145 1978 246 2059 turpe
269 1970 383 2036 vitium
405 1969 603 2055 flagitiumve
623 1967 793 2035 delabitur.
843 1966 903 2035 Sed
924 1967 1009 2035 idem
1032 1969 1163 2056 requiro
1182 1971 1215 2034 in
1240 1991 1330 2056 prae·

144 2076 218 2145 ced.
241 2078 284 2151 εἰς
314 2075 501 2160 Φολοτοοθαν
523 2073 756 2156 προαχθέντας,
785 2081 817 2140 el
839 2074 1060 2156 παραχθέντας
1084 2075 1329 2161 aXenophonlo

145 2183 307 2269 noriptum
340 2200 410 2247 esse
440 2180 596 2267 suspicor.
644 2179 803 2260 Παρθρεον
838 2187 887 2245 est
917 2180 957 2244 ob
987 2180 1085 2267 officio
1116 2181 1267 2248 deducere
1296 2190 1329 2250 et

144 2288 274 2375 flectere
293 2285 325 2350 in
349 2286 478 2362 uitium,
505 2304 566 2352 nou
587 2285 757 2366 προάγειν,
788 2282 873 2370 quod
906 2284 1175 2370 quemadmodum
1208 2289 1329 2372 προτρέ·

145 2395 285 2469 ποτθαο,
317 2392 358 2457 od
386 2393 532 2457 virtutem
563 2390 724 2478 impellere
755 2389 926 2476 significat.
974 2390 1062 2457 ldem
1097 2392 1248 2460 ruendum
1281 2403 1330 2463 est

144 2499 356 2567 commissum
383 2499 415 2562 in
449 2497 670 2564 Demosthenis
705 2497 849 2563 Prooem.
870 2501 923 2563 ne.
958 2497 1013 2563 uui
1040 2501 1219 2581 προήγαγον
1245 2504 1328 2581 ὑμᾶς

143 2604 291 2695 positum
312 2612 360 2670 est
383 2624 442 2692 pro
464 2606 497 2668 in
521 2603 667 2690 [roaldem
690 2624 742 2668 ooo
763 2602 977 2688 impulerunt,
1008 2604 1093 2691 quod
1114 2614 1163 2672 est
1185 2611 1330 2687 παρθχα·

146 2734 207 2791 γον
229 2711 323 2788 ὑμᾶς.

194 2815 233 2882 ln
258 2818 347 2901 §22
375 2813 412 2880 ὧν
438 2814 563 2896 πρθτθεν
588 2814 757 2894 οὶποθχονπο
783 2816 959 2894 κερδῶν-
978 2815 1092 2882 ποθτςον
1116 2821 1170 2884 οὐκ
1192 2818 1330 2901 οὶπέχον-

144 2944 222 2999 παο,
245 2921 371 3005 corrige
399 2920 536 2986 οὐκέτι
568 2920 765 3000 ἀπέχονται,
790 2928 826 2985 ut
851 2918 943 3005 paulo
968 2931 1062 2987 anio:
1087 2922 1258 3004 χρημάτων
1282 2927 1331 2992 δυ·

146 3024 273 3108 niueum
295 3026 473 3108 οθπέχοοθαν
496 3024 564 3105 πρὶν
586 3026 656 3105 έροῖν
678 3025 853 3106 ἐρασθέντες
875 3025 1014 3093 οὐκέτι
1039 3027 1194 3095 δύνανται.

195 3131 233 3199 ln
259 3135 277 3220 ς
300 3134 352 3196 θ9.
387 3150 442 3214 pro
473 3133 569 3195 εἰπεῖν
592 3127 638 3194 θτν
671 3131 777 3196 ὑῖκδν
808 3132 914 3211 αὐτῷ
945 3132 1042 3205 δοκοθη
1066 3132 1204 3214 ποθοχεον
1229 3137 1242 3200 θ
1264 3147 1332 3219 Κρνό

147 3238 245 3318 elac,
269 3235 433 3303 uerissima
460 3233 539 3298 mihi
564 3233 740 3301 leelioesse
763 3235 911 3303 videtur:
934 3233 981 3303 θτν
1003 3238 1033 3302 ol
1058 3237 1160 3303 ὑῖκθν
1182 3264 1212 3305 το
1230 3242 1330 3319 δοκοίη

146 3342 302 3425 ποθσχεον.
348 3341 525 3406 Pronomen
550 3341 576 3404 oi
601 3340 714 3404 tritum
748 3340 832 3426 apud
861 3343 1059 3430 antiquiores
1089 3361 1183 3430 saepe
1211 3364 1229 3410 a
1253 3349 1331 3413 scri·

146 3446 201 3517 ltin
223 3447 408 3523 omittitur,
430 3464 524 3531 saepe
548 3446 579 3510 in
602 3447 686 3525 αὐτῷ
707 3453 873 3526 mutator,
897 3457 953 3512 aut
978 3447 1040 3512 alio
1064 3466 1126 3533 quo
1148 3448 1241 3515 modo
1260 3471 1331 3518 eor·

147 3554 326 3640 rumpitur.
375 3550 409 3615 ln
436 3551 572 3616 Aoolnasi
592 3551 616 3616 l.
644 3572 664 3614 r.
692 3556 720 3614 1.
746 3551 950 3618 scribendum
983 3560 1031 3618 est
1055 3554 1205 3634 ἐβούλετό
1232 3560 1266 3624 ον’
1289 3545 1331 3625 τὼ

148 3656 437 3738 vaide-dopmno
462 3666 626 3736 παρεῖναι,
651 3655 703 3721 ulti
722 3677 894 3743 pronomen
919 3656 993 3723 libri
1018 3678 1128 3725 omnes
1158 3664 1331 3743 omittunt,

149 3761 423 3852 queamdmodum
445 3771 476 3828 et
498 3762 521 3827 1.
543 3782 576 3827 11.
601 3765 637 3834 8.
672 3761 767 3828 lll.1.
794 3769 832 3842 ὅ,
861 3764 928 3830 Vll.
946 3785 966 3828 1.
990 3767 1044 3830 58.
1068 3782 1087 3828 a
1108 3765 1217 3831 multis
1239 3770 1331 3835 omit·

148 3868 236 3936 titur
266 3868 430 3934 iudicante
464 3869 694 3934 Bornemanno.
744 3868 804 3935 Vix
835 3869 978 3956 elapsum
1010 3876 1058 3934 est
1094 3870 1126 3934 in
1161 3872 1331 3941 Memorab.

149 3974 179 4043 l.
201 3994 234 4041 lt.
260 3979 313 4041 ὅθ..
345 3970 390 4040 θτν
418 3972 577 4054 θαυμαςθν
608 3976 641 4040 ον’
667 3974 763 4049 δοκοίη
785 3970 874 4040 εἶναι.
920 3975 956 4040 lu
984 3977 1026 4039 iis
1048 3994 1130 4061 quae
1152 3979 1260 4043 statim
1286 4000 1333 4046 se·

151 4087 301 4169 quuutur
337 4080 521 4147 llindorfios
556 4090 643 4148 reete
677 4079 746 4146 ὕδνα
775 4100 832 4166 pro
855 4081 936 4145 ὑΐδνα
962 4081 1113 4166 scripsit,
1147 4090 1183 4148 ut
1206 4081 1334 4151 demon·

150 4192 260 4255 urani
280 4186 403 4251 similes
427 4186 549 4254 formae
569 4189 712 4270 θχθθδοα,
739 4188 907 4270 βοτρθδοα,
930 4187 1057 4268 καρθδοα
1068 4237 1078 4266 ,
1102 4186 1195 4256 aliae.

199 4289 237 4357 lu
274 4292 366 4377 536.
400 4290 439 4359 ἄν
469 4295 509 4360 πθ
517 4318 533 4367 ς
562 4318 603 4374 με
635 4295 732 4378 ἐρωτᾷ
748 4292 829 4372 νέος,
860 4292 1001 4360 rescribo
1031 4289 1070 4359 ἄν
1104 4295 1142 4361 τθ
1171 4320 1213 4376 με
1235 4298 1332 4384 έροντᾷ
