2940 5010
642 280 703 343 544

76 456 210 537 rorando
239 454 381 536 προοίκει
413 471 470 539 nro
495 452 668 531 προσέοικε,
692 472 912 541 ιμιιιιιιιριιιιιιι,
936 474 976 519 ne
1004 454 1084 542 quid
1115 454 1267 521 dissinna-

74 560 165 637 tonr,
198 577 299 647 ρτειιο
334 576 385 623 rne
415 555 553 622 retrahit
584 556 674 623 loeus
706 561 737 623 in
767 559 888 625 Hellen.
920 561 959 625 ll.
985 580 1026 625 ιν.
1051 566 1105 627 40.
1139 561 1207 626 ἐπεὶ
1233 561 1264 627 δὲ

73 665 268 739 δικαιοσύνης
297 663 380 730 οὐδὲν
412 663 485 741 ὑμῖν
515 666 680 743 προσήκει,
704 674 736 728 et
760 662 932 731 Oratorurn
957 664 1019 731 4οοί
1049 664 1102 731 444ιί
1124 664 1263 751 legitur:

72 770 186 839 τούτου
214 774 270 835 τοῦ
306 768 498 851 πράγματος
531 769 614 834 οὐδέν
644 791 696 846 μοι
729 772 872 851 προσήκει
906 767 953 835 vel
996 771 1063 850 ἐμοί
1096 770 1263 847 οὖδαμόίεν

72 876 233 959 προσήκει.
279 872 401 940 llrlenn
433 874 660 959 turpissinrunr
691 872 843 939 ruendum
875 875 1025 941 Erlitores
1058 875 1197 941 tolerant
1229 877 1262 940 in

72 980 198 1049 aalma
222 978 380 1059 ίδόμειοι,
412 976 467 1045 seu
491 978 656 1044 Graeculis
682 978 742 1044 ista
766 978 973 1065 relinquenda
998 989 1076 1046 sunt
1099 980 1261 1065 negligen-

71 1084 449 1172 immolarentur,
478 1084 534 1169 qui
560 1102 599 1148 oe
623 1084 873 1170 suspicabantur
903 1084 1033 1170 quidem
1056 1104 1152 1170 quarn
1177 1092 1261 1149 esset

71 1188 253 1259 abundem
276 1190 385 1257 dioere
414 1190 499 1256 ἔοικα
530 1188 670 1267 ἡδόμενος
699 1209 755 1275 pro
779 1190 924 1255 ίαοιοιιιιέ
953 1191 1086 1274 speeiem
1116 1189 1260 1275 praebeo.

71 1294 212 1363 Veteres
241 1304 393 1361 accurato
419 1294 599 1379 cogitantes
633 1292 783 1360 dicebant
814 1296 936 1361 ἐοίκατε
961 1296 1131 1375 ἡδομένοις,
1165 1293 1261 1379 ἰιΙιμιο

70 1398 274 1469 reddendum
310 1399 512 1487 Xenophonti
539 1408 610 1475 est,
641 1400 696 1484 qni
721 1418 815 1485 saepe
847 1401 894 1466 sie
926 1400 1011 1486 loqui
1046 1398 1127 1465 solet
1160 1399 1259 1465 relnti

70 1504 128 1577 44.
152 1526 184 1573 τ.
209 1509 240 1573 7.
274 1504 404 1579 ἐοικότος
424 1505 655 1586 ἀγαλλομένῳ,
677 1514 709 1571 et
737 1504 769 1570 in
792 1504 895 1573 Anah.
926 1509 961 1574 4.
987 1525 1052 1571 ιιιι.
1081 1510 1132 1571 10.
1168 1503 1259 1569 είδότι

69 1612 224 1689 Mar,
254 1619 288 1678 ot
312 1610 345 1677 444
375 1609 549 1698 Cyropaed.
576 1609 628 1675 44.
654 1630 687 1674 44.
715 1614 765 1675 44.
797 1611 864 1675 taen
887 1636 974 1685 τινας
996 1610 1133 1684 ἐοικότας
1157 1616 1259 1689 πεφο·

68 1718 241 1799 Boubon,
261 1724 296 1784 et
318 1716 351 1781 in
372 1714 573 1781 Heliouvll.
593 1735 622 1780 v.
647 1717 700 1779 22.
724 1715 914 1794 πεισομένοις
935 1740 966 1782 τι
990 1720 1115 1796 μᾶλλον
1137 1716 1155 1792 ἦ
1175 1715 1258 1790 ποιοί·

68 1846 176 1891 omar
194 1820 348 1899 ίόκεοαν,
375 1829 409 1887 et
435 1823 471 1886 4.
495 1826 528 1887 4.
555 1826 609 1887 40.
640 1819 774 1901 ε’ῴκεταν
803 1819 1019 1887 ὑποπεπωκόσι
1056 1845 1114 1887 που
1137 1820 1168 1886 ἐν
1199 1845 1256 1899 με-

66 1928 225 2013 ημβρίιρ.
270 1924 424 1993 Eiusdem
447 1926 576 2011 generis
600 1933 650 1991 est
674 1924 759 2010 quod
783 1924 901 2011 legitur
926 1928 958 1993 in
983 1926 1104 1993 llellen.
1129 1924 1199 1993 Vll.
1225 1945 1255 1989 ι,

67 2038 126 2103 22.
161 2030 222 2103 ι’ίτε
255 2030 381 2106 είκιίοίκ
407 2029 704 2112 ορατοτεδειιομένρι.
751 2030 837 2097 Novo
869 2032 947 2098 nitio
975 2032 1060 2113 έῴκει
1097 2031 1257 2117 seriptum

64 2146 119 2209 nt
142 2136 266 2207 Bellon.
290 2135 347 2202 444.
368 2156 414 2201 4ιι.
439 2139 471 2202 8.
494 2136 699 2214 λιιμαίιεοίαι
726 2136 752 2201 δ’
777 2138 792 2200 ε’
800 2136 893 2218 ᾤκει
917 2138 987 2210 τοὺς
1015 2135 1255 2219 αφικνοιιμέιοιις

65 2242 340 2325 Δακεδαιμονίων,
370 2240 530 2307 sententia
559 2240 647 2307 enirn
680 2240 742 2306 loci
765 2240 906 2326 postulat
929 2250 965 2307 ut
985 2240 1166 2307 scribatur:
1199 2254 1257 2306 λιι-

63 2348 236 2431 μιίνκτίιιι
267 2348 294 2415 δ’
321 2346 468 2421 ἐδόκει,
505 2366 567 2412 non
592 2348 678 2413 enirn
708 2344 748 2411 ule
779 2347 886 2432 speeie
920 2366 1017 2432 quarn
1053 2345 1107 2412 illa
1140 2344 1257 2410 mulier

65 2450 243 2543 metebel
267 2450 328 2518 hoo
350 2451 494 2529 dieitur,
518 2450 573 2518 sori
596 2450 637 2518 de
658 2450 744 2518 sarria
773 2451 941 2518 hominurn
966 2461 999 2518 ot
1018 2450 1257 2519 existimatione

63 2578 135 2649 qm
158 2556 321 2627 nentur.

113 2664 298 2733 Atticorum
321 2662 373 2729 est
396 2661 505 2729 dicere
527 2662 570 2728 τόι
603 2664 735 2729 ναυτικοὶ
759 2664 812 2730 καὶ
832 2663 877 2730 πόι
903 2662 1025 2745 πεζοί,
1050 2683 1111 2729 aon
1135 2662 1179 2728 τοὶ
1201 2686 1254 2727 πε·

61 2768 164 2855 (aab.
186 2766 272 2856 quod
295 2766 415 2855 legitur
440 2767 491 2833 44.
518 2766 648 2845 44448,
671 2779 789 2837 otreio
812 2772 921 2851 μόραιν
953 2789 1013 2834 non
1037 2776 1109 2836 ταῖν
1136 2767 1186 2833 44.
1211 2787 1253 2832 ιιι.

63 2880 125 2945 17.
170 2872 331 2941 Baniurae
364 2871 485 2939 termae
517 2874 763 2959 eorrspieinntnr
797 2876 848 2941 Vl.
882 2894 910 2939 ιι.
944 2877 997 2939 40.
1029 2872 1253 2953 ἐξορμίοατο.

61 2990 102 3051 et
121 2976 149 3069 S
165 2982 220 3047 24.
243 2977 456 3059 τννειδόμεοοι.
502 2977 681 3065 Perpetuus
704 2982 848 3046 onrniurn
875 2999 952 3045 usus
976 2978 1113 3065 requirit
1140 2987 1176 3042 ut
1201 2977 1252 3042 44.

61 3106 98 3153 v.
123 3090 177 3153 55.
211 3084 339 3171 legatur
370 3083 542 3164 παρίςανπο
575 3084 626 3149 ἐπ’
649 3086 759 3167 οίμαόῷ
789 3105 846 3171 pro
868 3086 918 3149 ἐπ’
942 3085 1084 3162 οὶμαόοῖς.
1133 3082 1252 3147 liecen-

62 3192 190 3261 tioram
217 3186 329 3257 sordes
356 3187 574 3255 adhaeserunt
595 3186 663 3253 444.
688 3210 719 3255 ιι.
747 3194 776 3255 7.
811 3188 865 3254 ubi
886 3188 1028 3270 χαμόθεν
1051 3185 1171 3272 legitur
1194 3207 1253 3272 pro

60 3296 203 3385 antiqua
233 3292 336 3361 torma
365 3295 524 3376 χαμῖιόεν.
573 3292 669 3360 [lecte
704 3293 889 3360 llinllorfius
914 3292 982 3358 444.
1007 3312 1040 3357 ιι.
1068 3294 1120 3357 tt.
1156 3292 1252 3360 Grae·

59 3398 215 3471 culorum
239 3399 319 3467 uitio
340 3408 451 3465 natam
474 3397 642 3465 lectionem
667 3399 846 3478 ueneratione
870 3397 1053 3466 emendavit
1082 3399 1114 3463 in
1140 3402 1252 3478 λουμέ·

58 3530 148 3583 καις.
193 3504 352 3591 l'erpetuo
374 3504 406 3569 in
437 3502 488 3568 his
519 3503 666 3570 Graeculi
697 3504 737 3569 ad
766 3525 858 3571 snam
890 3502 1018 3571 (licendi
1044 3504 1250 3570 eonsuetrnli·

59 3630 144 3683 nem
164 3606 360 3677 delabuntur
382 3609 508 3675 λούεται
540 3608 718 3674 scribentes
741 3618 772 3675 et
795 3611 955 3686 λούονται,
978 3608 1143 3686 λοιίεπίαι,
1165 3610 1250 3677 λουό-

57 3740 156 3803 μενος
189 3734 248 3804 pro
278 3720 412 3791 λοῦται,
443 3718 594 3793 λοῦνται,
618 3715 766 3787 λοῖιοίαι,
798 3717 954 3794 λούμενος.
1009 3716 1048 3783 In
1076 3714 1249 3781 Clementis

57 3818 236 3893 mannan.
259 3817 445 3905 Paedagogo
466 3818 523 3886 444.
547 3839 578 3904 p.
597 3822 662 3884 218
687 3818 773 3907 Syll.
798 3840 909 3886 omnes
932 3818 1063 3885 tlodiees
1081 3819 1249 3886 enlrilrent:

57 3928 294 4011 σμήχεται,
324 3923 495 4006 κτενίζετ’,
526 3923 704 4002 ἐκβέβηκε,
727 3926 892 4004 τρίβεται,
922 3922 1101 3999 λούεται,
1126 3933 1248 3991 σκοπεί-

57 4058 138 4113 ςιι,
157 4030 333 4105 τέλλεται,
357 4030 529 4112 μερίζεται.
578 4028 629 4093 Bis
653 4038 741 4095 eerto
769 4031 864 4095 rnetri
892 4026 1010 4093 irnlieio
1034 4028 1179 4097 irarulonr
1202 4040 1248 4095 te-

59 4158 182 4211 rremus
203 4134 419 4205 manifestam.
466 4134 564 4200 llecte
587 4134 766 4201 lleinelrius
789 4135 945 4201 non-exn:

249 4248 420 4321 Σμῆπαι,
443 4240 615 4323 κτενίζετ’,
638 4240 817 4321 ἐκβέβηκε,
840 4241 1005 4321 τρίβεται,

249 4352 420 4423 Λοῦται,
443 4354 628 4425 οκοπείται,
650 4347 822 4421 ςὲλλετκι,
846 4344 1018 4427 μορίζετιιι.
