2940 5010
693 288 758 353 206

137 460 228 527 rilrus
240 459 318 527 lraec
332 458 398 527 lere
410 458 564 526 dictitans
576 477 723 526 sermone
743 457 907 546 populari:
931 456 979 533 σθς
999 458 1122 543 ἐπιπρὸ
1142 468 1204 537 τῆς
1225 460 1336 543 tripes:

136 569 191 632 οὐκ
220 565 319 642 ἄρσεις
351 567 396 646 μὴ
428 565 610 649 πράγμασιν
639 563 763 646 πάρεχε
787 566 830 645 σῷ
862 563 997 648 δεσπθιρ
1025 565 1099 647 πρὸς
1123 568 1183 644 πδρν
1208 566 1335 635 αὔλειον

137 672 228 752 θύριον
258 672 432 753 προσεςώς,
463 672 480 747 i
513 672 663 737 σέποθοινεῒ
688 670 811 746 Ἕλλην
841 670 899 747 ὣν,
928 665 971 745 οἷς
994 671 1049 739 οὐκ
1076 669 1141 742 ὄπιν
1173 670 1335 753 ἓπιμιξθιι.

140 776 198 843 Cui
223 776 405 843 Menelaus:

322 878 343 947 ὦ
367 876 486 964 γριιῖσι,
510 888 616 948 πιοῦσιν
641 879 735 947 πάντ’
758 879 817 955 ἔπερ
842 886 946 954 καλῶς
968 880 1087 959 λέγειν.
1201 918 1204 925 ·

141 985 224 1051 satin
250 1005 349 1052 senus
366 987 533 1065 videatur,
556 988 612 1073 qui
634 985 697 1051 illis
720 984 799 1052 liaeo
824 984 1040 1072 respondenti
1087 984 1200 1053 litium
1225 984 1340 1054 absum

143 1088 233 1156 diora
255 1089 361 1156 addit:

322 1193 414 1273 ἕξεσι.
438 1196 586 1276 πεθσομοιι
608 1196 683 1277 γάρ.
708 1198 784 1262 ἀλλ’
808 1193 878 1269 ἄνες
902 1194 1007 1276 λθγον.

140 1302 159 1366 d
182 1300 317 1365 miseros
337 1300 550 1388 interpretes,
574 1298 692 1387 quinus
720 1299 799 1367 haec
827 1299 981 1387 explicari
1004 1318 1096 1387 posse
1122 1298 1286 1369 ridentur
1306 1310 1339 1371 et

140 1405 196 1490 qui
220 1403 360 1490 aliquam
386 1406 490 1472 inesse
511 1407 544 1471 in
569 1405 641 1472 istis
664 1407 859 1473 sententiam
881 1406 1018 1473 tirmiter
1041 1404 1201 1485 credunt,
1234 1426 1337 1495 qnam

139 1507 272 1574 nitendo
296 1510 411 1577 elicere
445 1520 614 1597 satagunt,
641 1518 678 1576 ut
699 1510 752 1577 ille
781 1513 838 1597 qui
865 1521 969 1577 νενιοθ
992 1510 1114 1577 Saxam
1144 1511 1271 1579 rodam
1292 1513 1339 1579 rri-

143 1614 233 1680 teado
256 1636 353 1702 neque
373 1615 497 1702 produt
522 1615 634 1681 litum.
683 1614 793 1701 Neque
817 1614 923 1682 adhuc
955 1614 1050 1702 plane
1076 1624 1206 1683 exemia
1227 1626 1284 1685 est
1302 1638 1341 1687 ax

140 1718 358 1805 Interpretum
383 1719 502 1786 animis
534 1720 588 1786 illa
620 1718 831 1806 simplicitas,
864 1720 969 1808 qualis
996 1729 1066 1787 erat
1094 1721 1169 1787 eina
1200 1723 1262 1808 qui
1296 1722 1337 1791 ad

140 1822 259 1889 Phoen.
284 1844 330 1889 rs.
353 1827 430 1893 916.

322 1926 401 2010 ἅπερ
425 1929 549 2011 πέφυκε
571 1936 678 1996 σοῦσον
700 1928 845 2009 κάνάγκη
868 1955 904 1996 σε
927 1932 1012 2014 δρᾶν.

142 2034 329 2100 annotarit:
354 2033 459 2099 »llum
481 2034 593 2100 melior
616 2034 704 2100 lectio
727 2056 744 2099 c
768 2033 929 2100 codicibus
949 2042 1078 2100 eruetur
1100 2032 1276 2103 ridendum
1295 2058 1340 2103 σε

142 2137 297 2224 explicari
323 2139 433 2204 saltem
470 2140 555 2205 locus
581 2140 716 2226 possit.”
764 2139 844 2221 Quis
872 2140 974 2226 igitur
997 2136 1195 2219 mirabitur,
1227 2141 1260 2208 si
1292 2144 1341 2211 nc

141 2250 288 2309 monstra
310 2249 343 2309 et
366 2252 515 2329 portenta
550 2244 855 2330 interpretationum
890 2244 1211 2312 comminiscunturl
1265 2248 1340 2317 Post

138 2367 242 2435 pauca
265 2350 383 2414 iterum
408 2349 570 2416 Menelaus
594 2358 689 2433 urget
712 2368 757 2415 vs.
782 2353 860 2417 449.

322 2451 474 2533 ἄγγειλον
498 2452 568 2519 εἵσω
592 2453 774 2519 δεσπόταισι
797 2462 875 2520 σοῖσι
899 2462 974 2529 σοῖς.

139 2558 197 2624 Cui
223 2576 321 2624 anus:

321 2668 432 2744 πικρῶς
456 2660 496 2727 ἂν
519 2660 607 2742 cinci
630 2666 665 2741 γ’
688 2664 845 2741 ἀγγελεῖν
868 2666 939 2739 τοὺς
960 2663 1031 2737 σοὺς
1053 2664 1179 2743 λόγους.

138 2770 172 2833 in
196 2786 259 2854 quo
282 2786 377 2833 versu
397 2768 424 2832 si
454 2767 532 2853 quid
555 2767 718 2833 emendari
743 2775 848 2853 potest
871 2770 996 2851 πικρούς
1020 2769 1083 2836 erit
1106 2770 1337 2857 probandum,

138 2891 201 2958 quo
231 2891 330 2938 sensu
361 2879 500 2938 utuntur
529 2872 682 2938 vocabulo
706 2874 810 2954 πικρθι
842 2873 897 2957 qui
925 2872 1024 2939 alicui
1047 2873 1170 2943 malum
1206 2882 1337 2951 minan·

139 2986 215 3056 tur,
239 2985 276 3042 ut
300 2978 333 3042 in
356 2975 416 3042 lrac
439 2977 508 3063 ipsa
532 2996 567 3043 ro
590 2977 819 3065 Aristophanes
844 2975 1035 3063 Tliesmoph.
1057 2982 1137 3050 855.

320 3082 434 3163 πικρὰν
456 3080 582 3155 Ἑλένην
606 3082 675 3164 ὄψει
699 3083 800 3164 τάχ’,
824 3084 850 3148 εἰ
874 3086 919 3162 μὴ
941 3085 1073 3163 κοσμίοις

322 3184 422 3264 ἕξεις,
446 3184 500 3259 ἕως
525 3186 563 3253 ἂν
587 3194 645 3252 σῶν
669 3186 844 3268 πρυτάνεων
866 3212 915 3261 rec
937 3192 1035 3271 Φιννῇ.

141 3291 195 3359 sed
220 3289 298 3378 quid
322 3311 441 3376 quaeso
464 3291 511 3357 sic
535 3290 745 3376 prolicinrusl
781 3311 886 3377 neque
909 3294 1066 3372 ἀγγελεῖν
1086 3292 1126 3359 tv
1149 3294 1216 3363 ullo
1241 3298 1339 3369 motio

142 3416 257 3463 sanum
281 3416 350 3463 esse
371 3402 475 3481 potest
495 3414 599 3481 neque
621 3419 661 3473 γε
684 3395 886 3481 ineptissime
906 3399 1144 3484 interpositum.

187 3501 225 3566 ln
254 3500 437 3566 istiusmodi
470 3496 549 3564 locis
581 3507 729 3578 mortuo,
761 3509 796 3567 ut
826 3502 940 3577 aiunt,
973 3502 1168 3570 medicinam
1192 3504 1339 3579 iacimus

143 3613 175 3672 et
199 3603 415 3690 nequidquam
441 3623 499 3668 nos
523 3605 747 3670 excruciemus
772 3612 804 3669 et
828 3606 965 3681 οἰνήρυσιν
988 3610 1178 3690 μοχθοῦμεν.
1228 3612 1337 3695 Qum

142 3709 246 3777 multa
266 3708 305 3775 de
326 3726 443 3794 genere
468 3707 526 3773 linc
556 3707 671 3774 lrabeat
696 3707 862 3795 Euripidis
890 3708 1032 3789 Helena,
1057 3715 1195 3799 quaein
1223 3722 1341 3805 paucis

143 3814 235 3881 libris
257 3813 442 3880 deterrimis
465 3821 496 3878 et
521 3812 679 3899 llagiticse
709 3812 911 3899 interpolatis
932 3816 973 3882 ad
1002 3836 1061 3883 nos
1092 3822 1260 3905 pervenit,
1282 3844 1340 3913 pa.

144 3921 208 3985 lam
240 3918 363 3986 iaciunt
395 3918 564 3984 Editorum
598 3918 742 3984 infelices
772 3918 1056 4005 interpretationes
1086 3930 1120 3989 et
1150 3922 1342 4001 levissimae

143 4026 367 4101 coniecturae,
393 4025 426 4089 in
450 4023 567 4109 quilius
592 4023 672 4089 nihil
696 4023 846 4110 estquod
870 4034 1017 4112 repertae
1037 4028 1185 4096 veritatis
1210 4032 1342 4105 virtuto

142 4130 238 4195 feriat
264 4130 428 4207 animum,
463 4127 518 4195 sed
552 4138 662 4195 contra
691 4130 813 4207 multa,
845 4130 963 4217 quibus
997 4140 1107 4200 certus
1137 4132 1342 4209 Graecitatis

145 4254 223 4299 usus
246 4242 303 4300 unt
324 4252 532 4300 numerorum
557 4236 639 4300 ratio
665 4237 803 4321 turpiter
826 4234 987 4315 violetur,
1018 4246 1055 4304 ut
1082 4237 1164 4307 nihil
1187 4242 1235 4309 sit
1266 4264 1341 4313 cor-

141 4341 270 4427 ruptius
293 4358 390 4427 quam
415 4339 446 4406 id
471 4340 576 4426 ipsum
610 4340 694 4427 quod
728 4350 886 4429 reponunt
911 4343 1050 4413 amissae
1073 4346 1224 4415 veritatis
1249 4348 1344 4421 inda·
