2940 5010
703 258 766 320 564

144 434 298 502 τούναντίοι
326 432 516 515 τροίττοντες
545 436 710 515 φανῶμεν,
743 449 837 497 nemo
865 429 1039 497 mirabitur
1059 431 1093 497 iu
1116 431 1277 500 omuibus
1295 434 1340 501 li·

143 539 210 606 bris
232 540 330 607 etiam
355 540 388 604 iu
418 537 571 605 Urbinate
602 536 664 624 legi
697 540 787 617 ἡμεῖς
817 537 1065 618 δεδοίκαμεν
1099 540 1157 620 μιί.
1203 539 1335 608 Addam

145 664 246 713 unum
277 646 383 712 locum
420 663 459 711 ex
494 639 638 729 Epistola
663 641 729 708 vlt.
765 647 817 709 tt.
848 643 1019 723 βουλοίμην
1044 642 1085 710 ἂν
1112 686 1164 703 -.
1183 646 1336 724 γενέσθαι

143 754 274 836 φανερὸν
302 747 348 817 ύτι
376 750 465 832 μέρος
484 773 515 815 τι
536 750 587 814 καί
613 748 652 814 δι’
676 748 734 829 ἐμὲ
759 750 907 827 γίγνεται
939 756 1009 817 τῶν
1037 747 1197 818 δείντοον
1222 754 1337 835 αύτῷ,

144 855 198 923 nbi
221 854 427 923 scribendum
459 862 508 921 est
538 854 685 933 γίγνεται
719 854 771 920 τὰ
802 854 921 921 δέοντ’
953 856 1057 937 αύτῷ,
1092 863 1129 920 ul
1159 856 1193 922 in
1225 856 1336 944 Epist.

144 960 228 1028 vill.
255 965 307 1029 10.
341 961 432 1044 μέρος
461 986 491 1027 τι
515 959 568 1026 καί
598 960 637 1026 δι’
659 960 718 1039 ἐμὲ
743 958 956 1043 τυγχάνουσιν
983 956 1023 1026 σίν
1046 959 1230 1041 ίτείύμουν.
1279 961 1336 1029 vt-

142 1065 199 1133 dcs
222 1064 299 1152 quid
323 1066 402 1133 istos
431 1067 464 1132 in
488 1085 630 1133 errorem
655 1064 842 1152 impulerit,
878 1073 914 1131 ut
944 1064 1150 1152 impudenter
1173 1066 1335 1135 rescribe·

141 1180 216 1238 rent
248 1172 338 1255 μέρος
372 1197 471 1238 τι-
494 1179 553 1239 τῶν
584 1172 720 1238 δεόντων.
774 1170 915 1259 Apparet
948 1171 1030 1237 eatis
1058 1191 1099 1238 en
1131 1169 1183 1238 his
1206 1181 1334 1260 quanta

142 1275 241 1344 luerit
264 1279 296 1342 in
325 1278 397 1343 istis
423 1277 695 1346 homuncionibus
725 1279 911 1352 temeritas:
934 1297 974 1345 en
997 1275 1204 1365 sequioribus
1227 1279 1331 1347 etiam

142 1381 356 1470 scriptoribus
380 1402 494 1469 magna
519 1385 611 1472 copia
637 1382 858 1472 exemplorum
882 1381 989 1470 colligi
1018 1383 1142 1470 possit,
1160 1381 1258 1470 quale
1280 1394 1334 1453 est

142 1488 227 1574 quod
248 1486 342 1575 paulo
363 1496 437 1554 ante
461 1508 500 1556 ex
519 1486 707 1556 Onosandro
729 1487 944 1577 protulimus,
969 1487 1024 1554 ubi
1045 1507 1147 1574 quum
1166 1490 1330 1576 scriptum

77 1590 82 1599 '
140 1601 248 1660 essent
278 1602 514 1661 ΚΑΙΟΝΤΩΝ
538 1595 569 1660 δὲ
594 1596 621 1660 οἱ
647 1595 792 1678 Φύλακος
821 1591 927 1676 πυροί,
961 1601 993 1659 et
1025 1592 1125 1660 stulte
1154 1594 1208 1661 cal
1238 1593 1332 1662 ίντυι

141 1717 199 1785 pro
230 1699 376 1766 καιίντυυ
407 1698 570 1766 dedissent
598 1701 786 1788 supervenit
818 1706 983 1767 corrector
1004 1700 1061 1785 qui
1084 1705 1143 1766 reia
1174 1699 1331 1784 φυλάκου

142 1802 325 1870 emendavit
345 1804 479 1870 scilicet.
509 1804 535 1871 Ε
555 1804 709 1894 Dionysio
737 1803 837 1871 Halic.
864 1822 965 1871 unum
982 1803 1164 1893 exemplum
1181 1804 1225 1873 de
1247 1805 1332 1873 mul·

140 1909 184 1976 tis
208 1908 363 1976 delibabo.
410 1908 579 1997 hegiloni.
605 1915 661 1980 87.
685 1911 699 1976 i
719 1911 776 1989 μὲν
800 1912 842 1993 τῷ
867 1910 1059 1994 προτέρῳ,
1083 1911 1150 1978 dil
1172 1913 1217 1994 τῷ
1239 1910 1330 1978 ποιεί·

139 2040 189 2091 ους
217 2017 291 2082 ἰδεῖν
321 2014 513 2098 ἐκρατύνετο.
562 2015 771 2102 Perspicuum
802 2023 853 2082 est
875 2014 938 2102 legi
967 2025 1133 2105 oportere:
1164 2016 1261 2098 ίμέν
1285 2020 1329 2100 τῷ

140 2120 331 2202 τρίτερος
356 2160 391 2171 -·
422 2121 495 2188 ἰδεῖν
524 2122 717 2202 ἐκρατύνετο.
765 2119 827 2188 Sed
861 2140 959 2208 parco
991 2120 1158 2209 pluribus:
1184 2123 1215 2188 si
1238 2124 1328 2210 inge·

140 2226 231 2293 niosa
255 2228 406 2293 iuventus
435 2226 520 2292 inter
543 2225 712 2313 legendum
738 2224 798 2291 boc
822 2234 897 2313 aget
921 2224 1034 2292 multis
1056 2225 1214 2314 exemplis
1240 2248 1327 2295 com·

140 2332 243 2418 periet
273 2350 369 2419 quam
405 2351 520 2415 graves
551 2351 677 2399 errores
706 2352 745 2399 ex
776 2351 813 2398 eo
846 2330 934 2398 fonte
964 2330 1192 2411 manaverint,
1224 2353 1327 2420 quum

139 2434 288 2502 Graeculi
309 2456 370 2503 non
392 2443 493 2504 totam
514 2438 693 2503 sententiae
716 2433 1034 2524 comprehensionem
1056 2435 1166 2503 animo
1186 2446 1222 2505 et
1237 2458 1329 2506 men·

142 2549 175 2606 te
198 2541 505 2629 complecterentur,
529 2540 585 2608 sed
604 2561 706 2630 pauca
724 2549 848 2608 tantum
873 2540 971 2608 rerba
992 2540 1092 2607 veluti
1111 2543 1206 2629 pueri
1228 2542 1327 2611 simul

141 2655 348 2733 assequentes
379 2649 483 2714 etsie
518 2649 687 2714 iuncturas
710 2656 742 2713 et
762 2647 992 2714 commissuras
1028 2645 1201 2714 verborum
1233 2666 1328 2717 verno

140 2772 203 2818 non
225 2752 519 2821 animadvertentes
538 2760 659 2819 temere
682 2750 762 2818 alias
784 2753 966 2839 perineptas
987 2750 1176 2819 inveherent
1196 2749 1238 2820 de
1256 2773 1327 2821 suo.

140 2856 203 2925 Sed
231 2858 295 2925 iam
319 2857 405 2926 undo
428 2857 571 2944 digressa
594 2858 697 2925 oratio
719 2865 768 2924 est
791 2857 831 2923 ad
856 2855 1098 2945 Xenophontem
1122 2866 1327 2937 revertatur,

139 2962 225 3051 apud
248 2983 344 3050 quem
372 2965 406 3030 in
438 2963 559 3031 Hellen.
579 2963 632 3030 1v.
657 2984 722 3030 rur.
747 2968 779 3029 4.
810 2964 841 3028 ἐν
872 2969 1048 3047 συμφοραῖς
1077 2963 1250 3043 γενιμένυν
1272 2965 1325 3051 φί·

139 3083 200 3135 λον
224 3070 349 3150 βέβαιοι
372 3069 512 3157 legitur,
535 3068 591 3136 sed
613 3069 783 3150 γενομένου
805 3069 911 3152 Φίλοι
933 3068 1061 3149 βέβαιοι
1084 3067 1372 3137 emendandum..

138 3193 207 3241 esse
226 3175 437 3245 arbitramur.
484 3174 605 3264 Nempe
635 3175 768 3256 βέβαιός
796 3175 861 3255 εἰμι
886 3173 965 3239 nibil
987 3172 1150 3260 significat
1181 3176 1246 3242 nisi
1272 3176 1326 3261 ct·

138 3294 211 3357 νιος,
234 3280 423 3363 σύμμαχος,
446 3282 556 3363 ἐραςνίς
588 3288 646 3347 aut
679 3278 866 3348 huiusmodi
890 3279 967 3366 quid
998 3278 1134 3347 accedit.
1180 3280 1327 3350 Terentii

136 3383 232 3450 verba
252 3384 284 3450 in
309 3385 453 3474 Hecyrae
475 3387 589 3453 initio:

318 3490 379 3556 Per
403 3490 453 3577 pol
478 3510 574 3577 quam
599 3509 718 3577 paucos
741 3491 883 3577 reperias
904 3488 1132 3558 meretricibus

320 3592 429 3661 fideles
449 3597 579 3665 euenire
600 3607 781 3676 amatores,
805 3596 898 3686 Syra.

137 3697 332 3788 respondent
355 3699 406 3767 bis
428 3702 628 3789 Apollodori:

317 3806 469 3887 Ὀλίγαις
490 3809 601 3889 denelae
624 3808 731 3888 μέρον
755 3811 923 3892 ἑταίροισιν
934 3860 944 3890 ,
968 3809 1075 3892 Σύρα,

318 3912 462 3994 βίβαιος.

137 4027 170 4087 ct
193 4018 271 4107 quid
292 4020 406 4087 tritius
428 4026 479 4085 est
503 4038 600 4105 quam
630 4021 724 4106 φίλος
746 4022 905 4103 dedecor?
930 4021 991 4088 hoc
1014 4022 1120 4108 ipsum
1143 4019 1248 4107 igitur
1276 4024 1372 4090 sio-

138 4125 356 4213 reponendum
380 4133 430 4193 est
450 4123 537 4212 apud
561 4127 802 4214 Xenophontem
828 4137 864 4195 ut
885 4125 1068 4195 scribatur:
1092 4123 1168 4193 ὅταν
1190 4126 1224 4194 δέ
1241 4151 1323 4205 τινες

28 4255 30 4259 ’
138 4233 169 4297 ἐν
199 4237 374 4316 συμφοραῖς
403 4231 573 4312 γενομένων
603 4235 713 4316 φίλοι
738 4233 864 4315 βέβαιοι
895 4238 1045 4317 Φανῶσιν.
1092 4231 1174 4299 ibid.
1198 4232 1321 4301 Hellen.

138 4335 177 4403 V.
201 4359 235 4406 n.
251 4342 312 4431 717.
347 4338 373 4404 εί
399 4338 431 4405 δὲ
455 4339 509 4406 ὑπ’
533 4339 662 4417 ἐκείνους
691 4337 834 4423 ἔσονται,
866 4361 928 4409 non
959 4340 1006 4408 sic
1035 4336 1093 4408 sed
1122 4339 1181 4407 ὑπ’.
1199 4338 1323 4413 ἐκείνοιν
