2940 5010
712 311 753 379 25

186 485 376 554 Athenionis
404 487 620 574 fragmentum
644 497 693 556 est
716 488 802 577 apud
826 486 940 555 Athen.
959 488 1041 556 xlv.
1064 489 1142 556 660.
1173 490 1206 555 in
1234 490 1328 560 cuiue

141 592 205 659 fine
227 590 326 660 verba
347 592 476 660 turbate
498 612 567 662 esse
581 593 744 662 videntur.

325 698 539 781 καταρχόμεθ’
560 703 650 779 ἡμεῖς
673 702 699 767 οί
720 699 883 783 μοίγειροι,
908 701 1040 781 ίύομεν,

321 805 456 879 σπονδὰς
478 811 642 884 ποιοῦμεν,
665 809 707 889 τῶ
727 810 852 886 μοίλιςα
873 806 945 881 τοὺς
969 808 1051 882 ίεούς

322 912 397 990 ύμῖν
416 910 581 978 ὑπακούειν
600 912 652 978 διὰ
675 913 711 978 τὸ
731 913 821 978 ταῶύ’
840 911 997 994 εὑρηκέναι

320 1017 364 1082 τοὶ
384 1014 511 1095 μύλοι-α
535 1019 731 1085 συντείνοντα
753 1018 827 1100 πρὸς
849 1017 884 1083 τὸ
905 1015 1099 1098 ζῆνκαλῶς.

253 1130 287 1187 Β.
324 1121 398 1203 ὑπὲρ
420 1123 585 1202 εὐσεβείας
602 1120 652 1190 ούν
675 1125 770 1207 torte
790 1126 911 1187 παῦσαι
934 1121 1052 1202 λέγων.
1095 1189 1097 1193 ,

254 1236 293 1291 A.
327 1225 478 1309 ίὶμαρτον.
513 1239 547 1294 Β.
571 1223 990 1311 &intercontinuante

322 1332 390 1410 ἐμοὶ
413 1331 457 1398 σοί
478 1332 508 1398 τ’
532 1332 613 1400 ἔνδον
633 1336 766 1416 εὐτρεπῆ
789 1332 870 1399 ποίει
888 1333 1007 1412 λαβῶν.

140 1434 374 1522 Colloquuntur
393 1455 516 1523 coquus
539 1446 572 1504 et
596 1439 641 1517 is,
673 1439 730 1525 qui
750 1456 825 1506 eum
846 1435 885 1503 de
904 1435 972 1503 ioro
996 1436 1192 1505 conductum
1216 1458 1327 1508 secum

140 1540 271 1609 abducit
291 1539 434 1606 domum.
481 1540 517 1606 ln
535 1542 586 1608 via
605 1561 728 1629 coquus
744 1541 898 1628 garrulus
914 1543 1120 1628 coquinariae
1139 1545 1220 1611 artis
1238 1564 1327 1632 prae·

140 1646 295 1713 stantiam
320 1647 365 1711 ita
390 1643 551 1725 celebrat,
576 1655 612 1713 ut
635 1647 807 1714 contendat
825 1646 872 1713 ῶτι
895 1645 1063 1726 ποίντοονίί
1086 1653 1253 1732 μαγειρικὴ
1277 1651 1327 1717 τί·

138 1773 202 1835 χνος
226 1752 299 1834 πρὸς
319 1750 484 1830 εὐσέβειαν
500 1760 620 1823 πλεῖςα
637 1749 853 1836 προσενήνεχύ
870 1749 966 1827 ὅλοις,
991 1752 1087 1840 idque
1104 1755 1214 1841 ¹ipsum
1232 1755 1328 1842 ionga

139 1858 285 1924 oratione
306 1854 521 1935 demonstrat,
544 1876 609 1944 qua
628 1865 763 1926 enectus
784 1859 827 1936 ie,
852 1859 909 1944 qui
939 1856 1102 1926 hominem
1130 1858 1328 1929 conduxerat

141 1961 217 2044 ὑπὲρ
249 1960 414 2040 εὐσεβείας
437 1959 487 2028 οὖν
509 1962 604 2046 οὶφείς
627 1968 758 2055 παῶσαιῚ
772 1963 896 2043 λέγων,
923 1964 1039 2050 inquit.
1094 1963 1156 2031 Pro
1173 1967 1268 2049 ῶφείς
1293 1966 1328 2032 iu

141 2064 256 2134 Codice
280 2073 330 2132 est
346 2064 452 2148 ἄφες,
485 2067 518 2132 in
546 2085 610 2154 quo
634 2067 740 2150 οαφίς
768 2067 1008 2145 modulatum,
1034 2068 1152 2135 extrita
1184 2067 1329 2138 litterula

141 2172 176 2238 iu
199 2170 318 2238 detrito
343 2177 376 2237 et
399 2168 551 2237 lacunoso
574 2170 693 2238 codice.
750 2170 791 2240 Ut
814 2191 849 2240 se
870 2171 1037 2260 expediat,
1067 2174 1141 2256 ὑπὲρ
1164 2174 1328 2254 εὐσεβείας

140 2272 191 2343 οὖν
221 2276 345 2360 σαφές,
381 2276 507 2363 inquit,
530 2284 563 2343 et
595 2278 671 2363 quia
694 2285 769 2343 ante
794 2275 1041 2345 addubitaverat
1061 2284 1183 2346 παῦσαι
1205 2281 1329 2359 λέγων,

142 2381 278 2466 ἥμαρτον
299 2381 398 2448 addit.
447 2380 538 2464 Quod
558 2381 591 2447 in
611 2380 726 2448 Codice
746 2383 894 2469 sequitur
910 2383 1000 2449 ἄλλα
1020 2382 1104 2467 δεῦρο
1122 2384 1257 2451 σννέσίιί
1275 2409 1328 2465 μοι

140 2487 304 2555 nonraous
325 2489 373 2555 sic
397 2486 526 2555 refinxit
548 2488 632 2571 δεῦρο
652 2487 691 2554 οὺ
711 2485 854 2564 ξυνείειίι
874 2486 945 2568 ἐμοί
962 2488 1083 2576 optime
1103 2490 1254 2556 instituta
1273 2489 1329 2558 sed

140 2589 205 2660 uon
234 2590 376 2681 perfecta
404 2592 649 2672 emendatione,
680 2612 827 2680 namque.
846 2612 960 2660 rerum
983 2613 1052 2660 esse
1075 2594 1216 2660 arbitror
1237 2595 1328 2662 οὶλλα

139 2698 223 2782 δεῦρο
244 2703 295 2766 νῶν
319 2698 460 2765 σννείσιίι
483 2698 550 2779 ἐμοὶ
580 2698 623 2765 τοί
651 2701 682 2764 τ’
703 2698 784 2765 ἔνδον
806 2701 940 2782 εὐτρεπῆ
964 2699 1043 2765 ποίει
1068 2700 1188 2779 λαβῶν.
1241 2699 1327 2768 Satis

138 2802 332 2880 verborum,
361 2804 489 2891 inquit:
524 2823 606 2870 nuno
630 2822 757 2871 meeum
782 2803 952 2890 ingredere
974 2802 1106 2872 domum
1134 2811 1167 2871 et
1193 2824 1326 2873 coenam

139 2910 231 2976 intus
249 2930 337 2999 pera.

185 3013 292 3082 Unum
319 3015 468 3085 adiiciam
503 3015 704 3083 Nausioratis
736 3013 823 3101 apud
848 3013 971 3081 Athen.
1007 3014 1075 3082 v11.
1095 3020 1170 3082 een.
1199 3016 1236 3082 Β.
1273 3015 1326 3082 ubi

140 3120 288 3209 aenigma
308 3127 458 3209 ponitur:

319 3229 354 3294 αί
376 3225 649 3310 ξανθοχρῶτες,
631 3253 670 3301 ας
687 3226 805 3293 κλύδων
823 3221 990 3300 Αίξιονικίς

319 3340 427 3400 πασῶν
449 3334 560 3416 αρίσας
583 3333 625 3398 ἐν
638 3331 744 3406 τύποις
767 3328 968 3407 παιδεύεται,
1024 3401 1026 3404 ⁴

319 3433 371 3512 αίς
396 3438 450 3503 καί
470 3439 543 3504 ύεαν
561 3444 673 3517 τιμῶσι
696 3435 811 3520 Φιοσφί
811 3458 858 3518 ρον
880 3433 924 3499 lid
924 3453 997 3516 ρκν,
1044 3447 1047 3451 ’

320 3542 448 3609 δείπνων
470 3540 545 3610 ύταν
567 3543 715 3623 πέμπωσι
735 3544 816 3624 δῶρα
838 3539 997 3607 ναυτίλοι.
1020 3569 1025 3607 :

255 3656 290 3712 Β.
322 3647 456 3730 τρίγλας
479 3648 603 3729 λέγεις.
627 3651 886 3729 γαλακτοχρῶτα
908 3646 1038 3722 Σικελὸς
1060 3643 1091 3710 ύν

322 3755 457 3833 πιίγνιοσ’
476 3754 571 3836 ὄχλος
591 3753 728 3837 ῥόμβος.

138 3874 223 3946 quae
240 3858 288 3924 sio
309 3859 532 3926 constituenda
556 3867 648 3926 sunt:

253 3975 288 4030 Β.
321 3965 455 4048 τρίγλας
478 3963 602 4043 λέγεις.
891 4022 893 4027 .

246 4078 288 4135 A.
323 4075 579 4152 γαλακτοχρῶτα
599 4065 766 4144 Σικελὸς
752 4092 784 4134 ον
799 4071 937 4149 πήγννσ’
960 4066 1075 4149 ίχ.λος

253 4174 455 4258 lidda-dor

138 4201 333 4346 Αῑίλειιειειιερ
340 4301 358 4348 e
373 4280 561 4349 Nausierate
580 4282 647 4351 sola
665 4281 849 4367 aenigmate
865 4233 1025 4367 excernsit
1043 4286 1075 4346 et
1092 4296 1195 4367 pauca
1212 4278 1326 4362 verba,

139 4380 257 4472 quibus
287 4386 436 4477 quodque
456 4386 612 4500 solvitur,
640 4395 769 4469 caetero
797 4385 902 4457 media
928 4384 1048 4455 omisit
1105 4382 1161 4457 Vol
1191 4387 1325 4454 metrica
