2940 5010
712 287 776 351 503

144 460 234 531 heo
254 458 297 529 ειέ
314 478 372 527 nos
392 460 616 549 pervenerint,
640 478 714 525 tram
736 459 793 545 qni
813 457 901 525 sotus
923 478 960 525 uu
979 462 1119 527 servavit
1141 460 1336 531 senatus-ree

144 586 230 637 curn
255 572 421 639 contemtu
455 564 542 633 itiam
571 564 788 652 suspicionem
813 563 925 631 abiicit
950 574 984 631 et
1016 566 1062 633 ito
1090 574 1203 635 tuetur
1228 566 1333 637 iocunn

145 682 188 743 nt
209 690 285 745 trum
307 671 487 739 rectissime
509 690 544 737 se
571 668 688 737 hahere
715 668 854 737 affirmet
887 679 919 738 et
950 670 1161 760 Sophocleum
1190 675 1335 759 vigorem

145 776 274 855 ιοέειιε
293 784 329 845 ct
349 776 468 865 optimo
498 776 605 845 hicet
628 784 806 864 opportune
841 776 1095 845 misericordium
1126 783 1335 851 commoveri.

146 882 230 959 lctis
250 880 415 949 iudicibus
440 880 520 949 nihii
551 901 612 948 non
647 882 791 968 antiquis
821 881 1036 969 scriptoribus
1068 882 1196 951 obtrudi
1221 893 1334 971 potest.

148 988 323 1065 lin-pmcn
351 986 416 1053 iliis
445 987 578 1073 opponit
603 985 734 1076 Didymi
764 989 1011 1057 auctoritatem:
1042 990 1125 1058 οὐδὲν
1154 992 1187 1057 δέ
1216 992 1249 1059 έν
1270 1000 1335 1066 τοῖς

146 1092 290 1175 Διδιέμρν
311 1093 427 1160 τούτοιν
449 1092 607 1173 θβελιτθέν
630 1090 776 1174 εὕρομεν,
804 1094 898 1181 qnasi
923 1093 1056 1180 perinde
1084 1104 1171 1163 osset
1198 1096 1232 1162 iu
1266 1095 1335 1161 tnti-

145 1196 213 1271 hur
241 1196 419 1287 uttymnm
447 1205 563 1265 testem
592 1198 770 1285 producere
799 1207 831 1265 et
852 1198 1100 1286 Aristophanem
1119 1201 1334 1289 Byzantiorum

144 1322 226 1377 cnm
247 1302 450 1379 Aristarcho.
496 1301 543 1369 Nc
566 1301 618 1369 his
641 1303 771 1390 quidem
800 1304 879 1392 ipsis
903 1305 991 1371 creti
1016 1315 1123 1393 posset
1150 1306 1254 1394 ipsius
1278 1306 1334 1372 So-

145 1406 274 1497 phontis
295 1406 355 1475 hos
379 1427 492 1475 uorsus
513 1427 605 1476 esse:
713 1416 717 1423 ’

329 1516 408 1581 ἀλλ’
430 1512 513 1590 intr,
533 1514 638 1581 τέκνον
662 1515 813 1593 Οέδέτον,
836 1515 871 1585 τέ
893 1518 925 1585 τ’
946 1512 983 1592 ἐξ
1003 1514 1070 1583 ἴσον

327 1620 515 1701 νέιντεέρνμεν
537 1620 589 1685 sai
613 1618 701 1687 τένδε
721 1625 886 1704 συμφορεῖς
908 1619 1021 1703 χάριν,

330 1726 375 1793 τέν
397 1725 425 1791 δ’
449 1726 484 1793 ἐκ
506 1726 578 1791 θεῶν
601 1726 763 1805 τρέμοντες
786 1730 820 1795 οὐ
843 1726 996 1805 τθένοιμεν
1018 1725 1058 1793 έν

330 1838 443 1915 Φννεΐν
465 1830 545 1913 τέροο
567 1837 628 1899 τῶν
650 1832 723 1913 πρὸς
747 1832 782 1897 σὲ
805 1837 857 1898 νῦν
878 1832 1052 1914 εἰρημένων.

146 1934 301 2023 ‚ignorat
320 1934 509 2024 Sophoclem
531 1946 565 2003 et
587 1935 753 2023 Sophoclis
777 1937 976 2014 orationem,
999 1938 1056 2023 qui
1086 1958 1160 2005 eum
1188 1940 1232 2007 ita
1255 1944 1335 2008 scri·

145 2040 224 2115 here
243 2042 390 2131 potuisse
408 2042 594 2129 opinatur.”
640 2041 734 2109 Nullo
762 2042 890 2127 negotio
914 2042 976 2128 ipsi
1004 2042 1149 2109 senarios
1182 2044 1334 2113 motiones

144 2166 290 2237 purpure
312 2167 488 2237 possemus.
533 2149 647 2235 ltaque
669 2146 750 2215 hanc
779 2148 889 2213 omnia
911 2146 1037 2213 auctori
1072 2166 1132 2213 suo
1160 2148 1335 2219 reddemur

144 2260 181 2329 a
202 2252 233 2323 ri
252 2270 318 2339 qua
340 2252 403 2321 aha
427 2255 523 2322 istius
551 2254 680 2340 generis
709 2254 743 2321 in
767 2273 895 2319 srtmmo
918 2260 1009 2339 poeta
1038 2262 1214 2321 occurrunt
1243 2276 1334 2325 caro

143 2356 268 2433 finus.
315 2358 358 2427 ht
378 2369 512 2447 apparet
542 2360 655 2429 statim
677 2359 712 2429 in
736 2358 855 2425 vicinia
878 2357 959 2435 toci,
984 2356 1024 2423 dc
1047 2376 1112 2445 quo
1134 2359 1228 2427 modo
1248 2360 1333 2429 dice

142 2460 285 2543 ῦιιιιιιιι,
314 2464 349 2531 in
374 2466 473 2534 hiano
497 2486 543 2533 vs.
564 2468 641 2535 85².
673 2483 737 2531 non
770 2465 880 2531 minus
907 2460 997 2529 foeda
1021 2471 1054 2532 et
1077 2464 1209 2532 evidens
1233 2468 1333 2535 inter·

328 2676 405 2743 ἀλλ’
425 2676 508 2745 οὐδέν
530 2675 619 2756 ἔργον
640 2681 746 2742 τοῦτον
769 2677 935 2756 θρηνεῖσθαι
958 2674 1086 2754 μοθτην,

309 2780 403 2869 [ἄλλ’
425 2782 551 2863 ἀρκτέον
574 2782 609 2849 τὸ
632 2785 772 2865 sponna
795 2782 849 2847 σὺν
872 2778 969 2862 τάχει
991 2781 1079 2865 τινέ.]

327 2882 350 2956 ὦ
373 2886 512 2962 tencre,
533 2885 670 2963 θνέννιτε,
694 2891 746 2953 νῦν
767 2891 803 2964 μ’
825 2885 996 2966 ἐπίσκεψαι
1019 2886 1132 2965 μολών.

139 3009 230 3081 qm
259 3010 322 3063 ittttt
346 2992 402 3059 σὺν
421 2990 519 3076 τοέχει
550 2992 610 3059 τινέ
634 2992 731 3081 (quod
755 2990 834 3057 nihii
860 2990 1035 3077 signifieat)
1059 2990 1115 3057 scd
1144 2992 1184 3064 cic
1206 2989 1331 3074 τθχιςον

140 3094 304 3167 autenm
330 3106 379 3163 ert
407 3106 441 3163 ct
468 3092 566 3167 shnsu
585 3104 618 3163 et
641 3096 748 3165 verhis
775 3096 982 3183 putidissimo
1012 3094 1226 3182 interpolatio.
1273 3099 1332 3164 lia

142 3200 219 3279 th
245 3200 377 3271 indiciis
395 3203 546 3288 arguitur
569 3199 659 3271 huus
684 3201 798 3267 similis
819 3202 852 3267 in
877 3198 1100 3267 Andromache
1123 3220 1170 3267 vs.
1187 3206 1275 3269 808:

327 3308 418 3377 οιθοιν
439 3308 595 3389 τρέμοντοι
618 3311 662 3388 μέν
686 3306 741 3375 ’ντὶ
766 3314 824 3375 τῶν
845 3306 1031 3387 δεδρονμένινν

326 3414 364 3483 έιο
385 3414 472 3481 τῶνδ’
493 3414 613 3491 νέτέμνιο
636 3413 786 3492 δνμοέτεον
808 3414 966 3499 dracchi.

306 3518 344 3607 [ἢ
366 3516 504 3601 miden
527 3519 678 3584 κτείνοντο
700 3520 770 3593 τοὺς
793 3521 826 3587 οὐ
849 3526 928 3601 χρῆν
951 3516 1101 3607 κτανεῖν]

139 3642 227 3713 punc
249 3622 335 3691 maie
357 3622 555 3691 abundantia
583 3624 692 3690 nescio
716 3625 789 3710 quis
811 3622 935 3690 addidit
967 3622 1007 3689 tie
1031 3643 1090 3689 sno
1121 3624 1228 3691 verbis
1262 3634 1328 3693 tarn

140 3728 272 3797 vitiosis
297 3736 333 3795 ut
356 3748 422 3793 una
444 3725 543 3794 litura
566 3727 710 3795 mnanda
731 3729 806 3796 sint.
854 3728 960 3795 Pauca
986 3728 1083 3797 verha
1115 3729 1245 3797 lectoris
1270 3733 1330 3798 im-

140 3842 285 3925 portune
308 3834 510 3920 irrepserunt
531 3834 563 3898 in
587 3831 693 3919 iphig.
716 3834 823 3901 hutini.
844 3838 907 3901 θέε

326 3944 416 4009 τοῦτο
439 3940 471 4006 δέ
494 3940 530 4019 γ’
554 3939 617 4011 Eris
638 3940 674 4005 τὸ
698 3941 794 4007 satir
817 3940 984 4025 σφαλερόν.

465 4046 516 4135 [τέ
538 4070 573 4112 τε
594 4043 775 4133 Φιλότιμον]

325 4150 430 4229 γλυκὺ
451 4152 511 4231 μέν
533 4160 632 4219 turri
652 4150 683 4215 δέ
707 4148 939 4233 τροτιςνέμενον.

138 4254 363 4345 ιέιιετέριιειεέ
397 4255 515 4344 aliquis
549 4256 585 4323 τδ
615 4255 782 4339 Φιλότιμον
813 4254 853 4321 ad
884 4253 1110 4344 explicandum
1142 4254 1219 4341 quid
1244 4264 1330 4323 esset

137 4370 234 4438 τοῦτο
254 4362 292 4435 τέ
316 4362 430 4441 νειὸν,
453 4360 550 4450 iique
575 4381 646 4429 sose
668 4370 775 4449 prostes
801 4363 832 4429 in
856 4372 967 4449 poetam
990 4359 1167 4429 orationem
1188 4359 1331 4429 insinua·
