2940 5010
702 260 767 322 58ss

147 456 207 528 pro
233 435 290 502 εἶσὶ
309 428 371 501 ’δια
403 432 510 507 τέλους
534 438 568 498 et
588 432 693 519 ipsum
718 431 903 515 οθνδροθποδου
939 440 1005 499 tam
1037 434 1276 503 contumeliose
1304 443 1337 504 et

148 543 309 625 θβριτιιιῶς
334 539 456 606 dicitur
488 545 525 603 ut
555 536 633 605 baec
664 536 751 605 nullo
782 536 877 603 modo
905 557 944 605 ex
972 539 1077 626 ipsius
1110 540 1335 628 Xenophontis

147 666 284 737 persona
326 664 402 712 cum
440 642 706 732 praecedentibus
746 643 898 729 coniungi
933 644 1108 730 potuerint.
1163 646 1335 715 lulloetum

149 751 308 821 emblema
330 757 380 817 est
414 750 447 815 iu
473 750 587 839 Cyrop.
609 748 633 815 l.
658 768 698 815 rr.
726 754 777 816 10.
808 750 948 829 μέμνησο
979 749 1136 829 μηδέποτε
1168 752 1334 833 δναριένειν

147 862 185 926 τὸ
206 856 378 939 πορίζεσθαι
402 855 589 933 τιόπιτηδεια
614 853 658 925 ἔτ’
683 852 1135 940 coementatorum
1158 859 1238 925 αλλ’
1261 854 1336 924 όταν

147 963 275 1045 μόλιςα
300 964 430 1044 εὐπορῇς
452 961 525 1027 τότε
552 960 622 1049 [πρό
644 968 701 1036 τῆς
730 960 876 1047 ἀπορίας]
898 962 1023 1039 μᾶλλον
1051 968 1206 1045 μηχανῶ,
1239 960 1336 1029 verba

148 1070 206 1152 πρὸ
229 1076 285 1143 τῆς
308 1068 437 1148 ιθπορθας
460 1074 493 1132 ιιι
514 1067 581 1152 ipsa
610 1064 732 1132 insulsa
763 1074 841 1132 suut
872 1064 1045 1133 admodum
1069 1073 1103 1133 et
1130 1064 1239 1135 alieno
1266 1066 1336 1135 loeo

149 1172 314 1240 collocata.
367 1169 404 1237 lu
436 1174 629 1237 seutentiam
668 1170 795 1256 longius
831 1179 1009 1238 extractam
1043 1169 1160 1238 inutile
1192 1169 1335 1239 lulcrmn

148 1277 240 1345 scioli
264 1278 471 1343 inseruerunt
495 1274 518 1341 l.
543 1297 586 1344 vr.
611 1281 665 1343 55.
688 1280 823 1357 μηχανῶ
844 1276 958 1354 τοίνυν,
988 1277 1085 1353 όπθση
1108 1300 1157 1344 σοι
1183 1278 1335 1359 δθναμις,

148 1381 352 1464 τεταγμένοις
376 1388 440 1454 τοῖς
466 1386 580 1447 σαυτοῦ
603 1380 760 1454 απόκτους
784 1381 963 1461 λαμβάνειν
993 1382 1064 1455 τοὺς
1083 1383 1254 1463 πολεμόους
1281 1382 1334 1451 καὶ

147 1488 351 1569 ὡπλισμένοις
372 1485 508 1560 όότλους
527 1486 580 1552 καὶ
603 1487 783 1569 έγρηγορόσι
804 1486 1007 1560 καθεύδοντας
1035 1486 1087 1553 καὶ
1111 1488 1266 1573 φανεροθς
1289 1512 1334 1557 σοι

147 1594 239 1669 θντας
262 1593 387 1677 οὶφανόις
411 1592 449 1657 ὢν
472 1592 566 1663 αθτθς
590 1593 711 1665 έκεόνοις
734 1592 787 1657 καθ
811 1594 842 1658 έν
864 1593 1050 1676 δυσχωρίαις
1080 1594 1195 1668 αὐτοὺς
1226 1618 1336 1674 γιγνυ·

147 1701 257 1780 μένους
280 1700 312 1765 έν
331 1699 446 1779 έρυμνῷ
467 1699 562 1770 αὐτός
585 1699 623 1763 ὢν
647 1695 826 1783 [θποδέξη],
849 1698 966 1785 quide
989 1718 1048 1764 suo
1070 1695 1196 1764 addidit
1215 1697 1336 1767 sciolos

147 1803 278 1889 θποδέξη
301 1821 365 1869 non
399 1800 556 1869 intellexit
578 1801 658 1869 haec
688 1803 796 1868 omnia
818 1822 857 1868 ox
887 1810 1022 1885 μηχανῶ
1054 1802 1238 1882 λαμβθνειν
1265 1822 1336 1871 sue·

148 1930 248 1998 pensu
277 1924 359 1976 esse.
407 1906 636 1993 Pervulgetum
670 1905 828 1973 emblema
863 1908 895 1972 in
926 1907 1040 1996 Cyrop.
1066 1906 1105 1974 ll.
1130 1928 1172 1974 ιν.
1200 1913 1253 1976 18.
1286 1927 1336 1977 er·

147 2017 262 2103 guitur
286 2014 470 2099 importuna
493 2011 588 2088 sede,
614 2014 646 2077 iu
667 2032 764 2098 quam
785 2032 824 2079 ex
844 2013 991 2099 margine
1010 2014 1150 2101 irrepsit.
1197 2013 1336 2082 Editur:

147 2123 162 2188 ό
190 2122 222 2188 δέ
254 2125 347 2201 Κῦρος
378 2117 481 2183 ἒθθετο
504 2154 550 2168 -
572 2119 810 2201 προεληλυθότος
845 2120 871 2185 δ’
906 2120 961 2196 ἤδη
996 2123 1050 2184 τοῦ
1085 2116 1267 2202 Κυαξιόρους
1290 2158 1337 2173 -

145 2228 295 2307 γέγνεται
317 2224 360 2304 τῷ
384 2223 469 2305 Κόρην
487 2223 531 2290 τόι
554 2225 621 2306 ἱερός
650 2224 701 2289 έπὶ
725 2226 777 2291 τόν
797 2224 954 2304 ’Λρμένιου
977 2225 1054 2291 ἱέναι
1078 2224 1208 2312 [καλό].
1255 2224 1336 2293 Gott-

146 2341 272 2398 stanter
295 2326 470 2413 llenoplton
494 2329 685 2411 φιλοθύτης,
711 2329 738 2393 si
763 2327 964 2415 quisalius,
987 2338 1020 2396 et
1044 2330 1148 2397 bouus
1171 2328 1336 2419 haruspex

146 2437 179 2502 in
201 2453 294 2502 aare
315 2433 395 2499 solet
418 2433 560 2500 scribere
578 2436 725 2514 γίγνεται
746 2435 790 2500 τοὶ
809 2434 894 2515 ἱεροὶ,
918 2454 1022 2522 nequo
1042 2434 1221 2521 quidquam
1242 2455 1334 2524 prue-

147 2548 235 2607 terea
259 2539 369 2614 addit,
393 2556 498 2623 neque
520 2537 608 2604 alere
633 2558 735 2624 neque
757 2540 864 2622 χννςθ
887 2559 991 2626 oeque
1021 2541 1128 2620 καλιθ,
1157 2560 1241 2628 quoe
1261 2540 1336 2609 sub

148 2644 223 2711 indo
247 2642 411 2711 adduntur
441 2640 481 2707 ab
506 2641 588 2708 aliis.
637 2644 733 2710 Recte
763 2644 857 2711 babet
880 2647 967 2712 καλοὶ
996 2644 1040 2712 rol
1068 2645 1134 2728 θερδ
1159 2642 1195 2720 ἦν
1218 2644 1337 2736 Cyrop.

148 2747 203 2816 Vl.
227 2769 272 2814 ιιι.
301 2752 329 2813 1.
361 2755 393 2813 et
416 2745 514 2825 alibi,
539 2746 595 2813 sed
620 2748 673 2815 ubi
697 2751 801 2816 utitur
824 2749 921 2816 verbo
948 2750 1095 2830 γίγνεται
1120 2759 1178 2818 aut
1209 2753 1337 2832 έγένετο

148 2853 229 2921 nibil
254 2850 435 2919 istiusmodi
468 2851 626 2940 adiungit.
674 2853 838 2941 lmprirnis
869 2854 933 2921 bue
962 2854 1039 2921 lacit
1068 2854 1159 2923 locus
1188 2858 1223 2925 in
1250 2859 1338 2927 Aua·

147 2960 217 3027 ltesi
239 2958 279 3026 ll.
303 2978 337 3024 ιι.
363 2962 394 3023 5.
425 2958 492 3038 ἐμοὶ
524 2960 654 3038 θυομένςο
677 2961 753 3026 ἱέναι
786 2961 836 3026 έπέ
860 2961 1002 3040 βασιλέα
1031 2964 1085 3028 οὐκ
1115 2963 1264 3041 έγθγνετο
1293 2965 1339 3031 τὸ

149 3066 236 3147 όερόο,
259 3064 334 3130 ἰέναι
358 3064 391 3130 δέ
415 3065 501 3145 παρόι
522 3064 593 3138 τοὺς
616 3066 711 3147 Κόρου
740 3065 851 3148 φίλους
876 3066 958 3132 ποθνυ
989 3067 1076 3133 καλὰ
1100 3070 1174 3145 ἡμῖν
1196 3068 1241 3133 ret
1269 3068 1339 3152 όεριθ

149 3166 195 3245 ἦν.
243 3167 424 3235 Insinuavit
442 3179 550 3237 autem
571 3189 640 3237 sese
660 3170 918 3237 additamentum
939 3172 971 3237 in
994 3172 1082 3238 illam
1101 3170 1228 3251 sedem,
1251 3172 1341 3241 unde

148 3273 302 3341 facillime
331 3273 447 3361 expelli
476 3275 584 3361 possit.
632 3276 730 3344 Plura
753 3275 793 3343 de
823 3275 933 3344 eodem
966 3277 1158 3345 emblemate
1185 3274 1341 3347 dabimus

149 3378 189 3448 td
214 3378 386 3445 dnabasin.

196 3482 233 3550 ln
263 3483 377 3571 Cyrop.
402 3479 455 3549 lV.
481 3504 522 3550 ιν.
547 3488 578 3550 l.
611 3488 638 3551 οἱ
669 3486 701 3552 δὲ
737 3487 927 3572 [διηγοῦντο]
960 3484 1040 3568 θπερ
1062 3490 1092 3554 τ’
1114 3485 1257 3569 ἔπραξαν
1285 3492 1340 3557 καὶ

150 3592 189 3662 ὥς
211 3588 351 3670 οόνδρεθοις
373 3586 474 3658 ἕκατα
499 3590 779 3671 ἐμεγαληγόρουν,
812 3590 1012 3659 demonstrat
1046 3592 1220 3661 sciolorum
1251 3593 1340 3663 l'rtttt·

150 3693 224 3761 dem
246 3692 360 3760 vocula
382 3718 418 3759 τε
441 3693 473 3758 io
495 3691 576 3778 όόπερ
598 3696 630 3762 τ’
651 3694 809 3779 έπροιξαν,
835 3718 917 3783 queo
940 3707 1029 3764 cerlo
1054 3698 1173 3765 indicio
1196 3706 1248 3765 est
1269 3718 1340 3768 vot·-

151 3798 191 3866 lto
214 3796 296 3881 όόπερ
326 3796 464 3880 ἔπραξαν
494 3798 632 3865 overbo
661 3802 914 3884 ἐμεγαληγόρουν
944 3822 1099 3892 suspenso
1121 3822 1215 3885 este,
1237 3824 1341 3891 qtttm

148 3905 309 3972 rationem
340 3904 500 3970 sententia
535 3903 596 3971 loci
627 3909 757 3992 egregie
787 3908 967 3974 confirmat.
1025 3909 1182 3997 Perpetua
1216 3908 1344 4000 ellipsis

149 4010 235 4078 male
256 4008 383 4097 expleta
406 4029 423 4076 a
448 4007 613 4076 Graeculis
637 4019 686 4076 est
710 4012 746 4076 V.
771 4033 793 4078 1.
820 4017 872 4080 17.
908 4017 941 4079 οθ
962 4016 1007 4092 μη
1030 4018 1168 4096 κρατηθῶ
1190 4014 1251 4087 ιθςε
1275 4038 1343 4085 πει-

149 4124 194 4182 rto
216 4140 247 4183 τι
277 4110 317 4182 όν
344 4116 389 4195 μη
419 4116 481 4198 χρὴ
511 4114 662 4202 [ποιεῖν],
692 4117 820 4203 saepius
852 4118 883 4182 io
914 4117 1034 4184 talibus
1062 4120 1152 4187 scioli
1184 4120 1342 4201 turbant,

38 4261 40 4266 π
149 4217 421 4307 quemadmodum
447 4227 479 4286 et
506 4219 538 4286 in
564 4218 724 4306 frequenti
749 4222 909 4289 locutione
933 4226 988 4309 ὑφ’
1009 4222 1048 4291 ὧν
1072 4226 1152 4303 bere*
1169 4228 1286 4313 ἐχρῆν,
1308 4236 1342 4297 et

150 4325 311 4418 similibus
333 4324 415 4392 allis.
