2940 5010
706 253 769 316 454

148 432 235 499 enim
259 434 380 496 certam
403 426 560 492 librorum
583 426 809 492 auctoritatem
835 426 929 495 babet
948 427 1044 496 lectio
1064 432 1181 512 λαβεῖν
1203 429 1263 510 ἄν,
1286 451 1338 499 uo

150 557 212 625 que
233 542 322 603 recte
339 531 484 621 procedit
503 532 605 598 oratio
624 532 722 597 etiam
743 532 771 597 si
793 530 839 599 θσν
865 535 1051 601 removeris.
1096 535 1166 603 Nou
1183 544 1237 605 eat
1252 538 1338 605 euim

150 644 308 710 Graecum
341 639 424 718 λέγω
454 663 498 704 σοι
531 639 671 718 λαβεῖν
701 637 764 714 οἰν,
788 641 815 705 εἰ
847 640 971 720 βούλοιο
993 642 1166 723 ἐνεδρεῦσαι
1202 662 1265 731 pro
1292 642 1339 711 ὅτι

82 810 84 814 ,
150 747 262 827 λοίβοιο
286 745 325 813 οἰν
348 747 373 810 εἰ
398 745 569 826 ἐνεδρεῦσαι
593 743 739 823 βούλοιο,
762 742 847 830 quod
873 747 1098 833 unusquisque
1122 748 1238 817 statim
1267 766 1338 819 m·

150 855 220 920 tict.
267 851 335 919 Non
367 849 441 937 ptus
471 847 623 937 praesidii
654 857 705 915 cst
731 849 764 915 in
793 849 936 918 Platonis
957 850 1130 921 Charmide
1153 874 1185 943 p
1211 858 1278 923 164
1299 854 1339 927 b.

150 959 203 1025 νιαί
226 961 280 1025 οὐκ
302 956 342 1024 ἰιν
365 955 561 1038 αἰσχυνθείην
591 950 638 1020 ἰσι
660 955 705 1033 μίη
728 954 800 1036 οθχί
824 957 911 1038 ὀρθῶς
942 954 1044 1041 φοίναι
1077 958 1232 1043 εἰρηαθναο
1253 966 1338 1042 ait·

148 1066 242 1143 λονῆ
267 1065 332 1129 ari.
357 1069 490 1127 namet
522 1058 582 1125 ioci
616 1060 778 1126 sententia
808 1058 927 1127 clamat
952 1080 1011 1149 pro
1038 1060 1087 1131 θεν
1113 1064 1337 1153 reponendum

147 1189 217 1236 esse
239 1169 336 1235 θσιοῦν
361 1173 544 1233 etcertum
569 1174 618 1233 est
642 1165 841 1249 αἰσχυνθείην
864 1166 904 1233 οἰν
933 1164 980 1234 θσι
1009 1167 1151 1253 ἔφασκον
1180 1170 1251 1239 dini
1274 1190 1337 1241 tm

147 1293 240 1361 posse
263 1293 321 1359 pro
343 1272 539 1355 αἰσχυνθείην
561 1268 600 1336 ἰον
620 1270 733 1355 φοίνοοι.

191 1379 275 1445 Hace
299 1387 392 1444 erant
414 1378 514 1463 igitur
537 1375 768 1456 fundamenta,
791 1377 910 1464 quibus
933 1377 1159 1449 Valckenacrii
1181 1390 1217 1451 et
1241 1381 1335 1451 flcio·

145 1484 237 1551 torni
258 1484 365 1571 opinio
385 1480 570 1560 nitebatur,
594 1481 714 1569 quibus
736 1483 858 1550 eversis
888 1493 1029 1552 corruet.
1076 1486 1194 1573 Hagno
1216 1494 1268 1556 cst
1292 1486 1334 1555 io

144 1610 258 1658 corum
281 1590 372 1676 copia
395 1587 480 1675 apud
502 1587 668 1672 sequiores
691 1587 886 1667 Graeculos,
910 1589 964 1657 ubi
986 1610 1024 1658 ea
1046 1591 1213 1661 scribendi
1239 1592 1335 1681 negti·

144 1696 253 1779 pontia
278 1694 493 1761 certissimam
517 1691 613 1759 babet
636 1692 751 1759 fidem:
776 1693 849 1760 vide
869 1694 963 1761 modo
987 1715 1070 1782 quae
1092 1696 1132 1763 ad
1155 1697 1333 1767 biotoron

145 1801 290 1869 Siculum
316 1800 340 1866 l.
364 1821 397 1886 p.
421 1802 497 1865 bit.
532 1796 716 1885 Stephanus
746 1807 779 1865 et
810 1798 1048 1887 Wesselingius
1079 1813 1333 1889 congesserunt:

144 1906 199 1973 sed
225 1909 257 1972 in
282 1904 456 1972 Diodorum
480 1912 689 1990 caeterosque
723 1904 906 1971 istiusmodi
936 1907 1112 1993 scriptores
1142 1928 1259 1977 omnes
1277 1909 1333 1977 Go-

144 2013 221 2078 mici
247 2010 353 2078 uerbis
374 2019 520 2076 utemur:

199 2194 202 2201 .
279 2116 349 2195 ἐξῆν
373 2114 437 2182 ὅτι
462 2116 635 2194 βούλοιντ’,
660 2112 681 2180 οἰ
705 2113 843 2196 κροίτις’,
866 2118 1122 2197 αὐτοῖσλέγειν,

277 2223 367 2290 οἰλλοί
391 2221 424 2287 οἰ
446 2221 519 2302 σρίς
543 2223 628 2299 ημᾶς
652 2224 760 2299 τοῦτο,
783 2223 857 2303 πρὸς
880 2229 937 2297 τοῖς
959 2225 1086 2298 ‘setam

187 2329 326 2395 lstorum
351 2327 438 2393 enim
459 2326 562 2391 oratio
584 2332 630 2390 tot
653 2325 742 2390 vitiis
758 2326 987 2414 erroribusque
1007 2328 1177 2415 inquinata
1201 2338 1273 2410 est,
1295 2338 1331 2397 ut

143 2435 223 2502 nibil
248 2436 293 2500 sit
316 2432 420 2518 magis
442 2430 651 2497 temerarium
677 2448 775 2516 quam
797 2429 926 2498 Veteris
946 2431 1077 2519 linguae
1100 2435 1280 2522 puritatem
1300 2441 1332 2503 et

143 2540 385 2616 sinceritatem,
419 2536 522 2602 sicubi
548 2535 651 2602 labem
676 2554 770 2622 passa
792 2536 858 2613 sit,
881 2556 984 2623 aequo
1013 2540 1123 2607 animo
1145 2550 1332 2630 corruptam

143 2644 227 2711 terre
258 2653 291 2709 ot
314 2662 440 2709 errores
469 2641 649 2708 scribarum
686 2639 900 2726 scriptoribus
929 2642 1008 2728 ipsis
1039 2645 1228 2732 imputare,
1258 2666 1332 2737 quo·

144 2752 230 2816 niam
255 2748 430 2816 Diodorum
451 2746 596 2814 Siculum
620 2747 763 2832 aliosque
782 2744 815 2810 id
836 2765 939 2832 genus
960 2749 994 2812 in
1016 2748 1134 2817 talibus
1154 2752 1333 2841 impingere

144 2857 246 2923 solere
270 2860 406 2921 constat.
454 2852 567 2918 Melius
590 2852 774 2938 sequiorunr
800 2853 856 2926 την
878 2856 1106 2937 παρεφθορυῖαν
1137 2855 1226 2934 λέξιν
1249 2867 1332 2927 nott·

145 2963 252 3029 bimus
275 2959 315 3026 ad
347 2957 656 3033 demonstrandum,
679 2960 736 3042 qui
763 2954 885 3022 tactum
917 2959 961 3024 sit
989 2969 1026 3026 ut
1050 2972 1266 3031 monumenta
1283 2982 1331 3033 οι·

144 3066 293 3154 pitatium
321 3066 526 3151 ingeniorum
551 3071 599 3130 tot
630 3060 768 3129 maeuiis
789 3072 1100 3148 conspergerentur,
1129 3085 1229 3154 quam
1249 3068 1331 3137 ooto·

144 3192 213 3238 rem
237 3170 409 3259 quemdam
433 3190 473 3237 ex
497 3172 633 3237 istorum
658 3168 897 3254 comparatione
922 3167 1130 3239 librariorum
1153 3172 1332 3242 hallucina-

145 3276 287 3343 tionibus
322 3296 524 3363 quaeremus.
580 3275 692 3361 ltaque
726 3271 930 3359 Xenophonti
969 3274 1164 3344 reddemus:
1200 3276 1270 3349 εἰπε
1302 3280 1332 3347 δί

144 3382 213 3460 ὅτι,
233 3382 358 3447 ἐπενδοίν
381 3380 506 3464 οοίχιςοο
531 3385 548 3457 ἡ
571 3380 700 3463 croceio
724 3376 821 3459 ληξη,
844 3378 1073 3462 ἀποπέμψει
1099 3382 1208 3451 αθσθν.

190 3488 236 3553 Ex
260 3486 312 3552 bis
335 3486 416 3551 satis
435 3494 566 3574 apparet
586 3483 664 3571 quiri
685 3484 822 3551 sentiam
844 3483 884 3551 de
907 3484 1066 3552 biudoriii
1087 3489 1278 3559 coniectura
1300 3490 1375 3557 ina

145 3591 244 3658 bnab.
266 3590 333 3656 Vll.
364 3612 393 3656 ν.
418 3594 449 3656 8.
485 3590 689 3676 reponentis:
721 3591 773 3656 καί
800 3590 875 3666 νέος
905 3591 963 3670 μὲν
994 3590 1045 3657 oiri
1082 3593 1238 3672 ἐμέμνητο
1267 3596 1329 3670 ὥς.
1345 3642 1375 3665 ..

144 3698 268 3763 ἐσενδοίν
304 3697 355 3761 ἕνεί
388 3695 551 3762 θοίλοοσσαν
592 3695 735 3780 οἰσέλθη.
773 3698 1009 3778 παραδώσειν
1043 3700 1129 3782 abrai
1164 3699 1375 3777 Βισὶνθην*

146 3822 259 3891 nempe
289 3801 452 3882 μέμνημαι
477 3802 668 3882 παραδώσειν
696 3801 806 3870 eodem
838 3799 951 3868 morbo
972 3800 1096 3870 laborat
1119 3811 1221 3891 atque
1249 3806 1375 3881 εἰδθιε

142 3911 288 3988 ἔσεσθον,
310 3916 344 3975 et
369 3906 501 3975 omniuo
521 3906 679 3973 Graecum
704 3926 766 3972 non
792 3916 862 3974 cst:
886 3905 1162 3994 quemadmodum
1185 3911 1275 3981 enirn
1291 3910 1375 3979 εἰ·-

141 4018 215 4092 δώς,
236 4015 283 4082 εἰσ
310 4013 475 4094 μέμνημαι
499 4030 626 4099 quoque
650 4011 847 4078 infinitivum
873 4031 936 4078 non
956 4011 1123 4095 admittit,
1146 4016 1211 4083 nisi
1231 4030 1375 4106 quun!

140 4121 271 4187 memini
305 4118 490 4206 significat,
527 4116 626 4184 veluti
651 4117 706 4184 111.
731 4138 777 4183 ιιι.
802 4122 855 4184 59.
890 4115 954 4192 iser
989 4119 1072 4197 ὑμῶν
1104 4119 1177 4196 τοὺς
1207 4124 1375 4201 oratioue-a

64 4259 66 4263 ¹
140 4229 285 4307 ἐπιθυμεῖ
304 4227 379 4292 ἰδεῖν
401 4225 616 4305 μεμνήσθω
641 4225 715 4305 οἰνηρ
740 4223 860 4303 οἰμαθθς
881 4220 995 4291 εἰναι.

192 4329 230 4398 ln
252 4327 336 4397 libro
355 4329 410 4396 111.
436 4350 456 4397 ι
484 4334 535 4395 11.
571 4325 669 4405 ἔδοξεν
705 4330 790 4412 αὐτῷ
820 4328 950 4412 βροντης
985 4330 1153 4414 νενομίνηι
1189 4336 1375 4411 examin
