2940 5010
719 310 784 374 589

144 504 205 575 pro
235 484 356 551 Atticis
382 482 533 565 ζκτιιταί,
556 482 709 565 ἐργάται,
734 493 907 557 σκαπανεῖς
929 490 961 550 ei
982 490 1146 562 λυμεῶνες.
1193 486 1230 553 ht
1251 488 1337 555 vasis

146 598 278 659 tanturn
302 588 590 675 instrumentisque
613 588 805 676 quibusdam
829 587 1042 656 Athenienses
1065 609 1102 656 ea
1126 589 1227 657 iorma
1262 601 1334 659 ute·

144 696 267 765 hunius
286 702 323 763 ui
342 694 375 760 in
395 695 528 775 κρατήρ,
553 694 667 777 ζυςιὶρ,
689 696 825 776 κλυςνίρ,
848 696 957 777 ρὐτιὶρ,
980 698 1128 779 τριττιὶρ,
1152 700 1333 781 οφιγκτιὶρ,

145 802 356 883 ποδανιπτιίρ,
380 800 554 881 άντλκτνὶρ,
577 802 753 883 τροτοιτιὶρ,
776 800 858 868 aliie.

191 906 395 993 Quemquam
427 922 490 969 non
520 911 569 970 est
600 922 717 989 magno
748 923 843 989 opere
877 904 1060 972 mirandum
1088 905 1331 993 Xenophontem

144 1012 179 1079 in
202 1020 271 1079 tam
296 1010 451 1077 diuturno
470 1006 581 1074 exsilio
610 1009 643 1073 in
668 1008 745 1074 Asia
767 1016 798 1074 et
820 1008 1034 1096 Peloponneso
1058 1012 1180 1098 patriae
1201 1011 1332 1099 linguae

142 1116 366 1185 sinceritatem
399 1113 440 1181 ab
463 1114 551 1180 omni
575 1114 816 1200 peregrinitatis
845 1113 916 1181 tabe
940 1116 1094 1181 intactam
1117 1135 1246 1183 serrare
1268 1137 1331 1184 non

142 1220 310 1311 potuisse,
336 1218 384 1287 vei
409 1227 446 1285 ut
474 1228 549 1285 utar
569 1217 676 1284 verbis
700 1220 878 1286 notissimis
901 1219 1036 1287 helladii
1062 1221 1158 1311 (apud
1180 1222 1330 1289 Photium

143 1328 193 1395 in'
211 1324 390 1417 Hyriohihi.
426 1324 501 1391 God.
525 1328 601 1390 279.
635 1344 707 1410 pag.
732 1330 808 1391 553.
845 1324 955 1415 Beki.)
991 1326 1075 1392 οὖδέν
1108 1328 1267 1407 ίαυματδν
1303 1328 1334 1395 εἴ

141 1456 216 1501 τινα
231 1430 428 1513 παρακίπτει
444 1438 501 1507 τῆς
520 1430 650 1509 πατρίου
674 1435 777 1511 Φονῆς
803 1430 829 1520 (ὅ
850 1432 999 1520 Ξενοφῶν)
1023 1433 1098 1514 άνίρρ
1121 1433 1153 1498 έν
1173 1435 1332 1515 ςρατείαις

143 1564 165 1607 κ
271 1562 311 1605 ιιν
340 1535 393 1603 καί
421 1534 513 1613 ξένων
534 1533 717 1607 συνουσίαις.
765 1535 824 1601 Est
846 1539 934 1603 enim
958 1537 1057 1604 Attici
1081 1540 1239 1605 sermonis
1263 1547 1330 1605 taur

143 1640 314 1713 iasiiiiosa
337 1640 370 1706 in
396 1640 565 1707 uerborum
592 1658 654 1706 usu
681 1647 714 1704 et
736 1637 863 1707 deiectu
887 1651 919 1709 et
943 1641 1045 1708 iorma
1067 1649 1101 1709 et
1127 1645 1332 1730 compositio-

143 1768 188 1817 ne
211 1746 383 1815 morositas
406 1754 439 1813 et
459 1746 634 1822 severitas,
658 1752 695 1809 ut
718 1744 831 1811 multis
852 1747 1006 1833 exemptis
1024 1756 1148 1815 constet
1173 1768 1244 1815 eam
1272 1747 1331 1814 ihi·

141 1852 254 1921 hstam
288 1852 422 1918 retineri
445 1870 508 1916 non
544 1849 687 1937 potuisse
714 1848 837 1931 abiis,
868 1852 986 1939 quihus
1017 1853 1122 1939 patria
1154 1862 1187 1920 et
1209 1854 1329 1919 civium

142 1956 350 2027 sermonibus
373 1954 498 2022 diutius
521 1953 620 2021 suerit
640 1953 837 2032 uerendum,
860 1965 893 2023 et
915 1955 995 2022 iltuu

372 2060 621 2143 βεβαρβάρωσαι
642 2059 760 2142 χρίνινς
784 2062 823 2127 ὢν
846 2062 876 2125 ἕν
898 2061 1071 2144 βαρβάροις

142 2166 245 2237 etiam
267 2166 302 2233 in
328 2164 458 2252 linguae
487 2167 628 2255 puritate
657 2184 718 2230 non
747 2166 827 2232 satis
857 2176 984 2234 servata
1014 2176 1102 2235 recte
1128 2170 1203 2255 poni
1227 2186 1330 2254 posse.

141 2272 277 2359 insigne
305 2269 403 2338 huius
426 2272 474 2339 rei
498 2272 679 2359 exemplum
704 2281 751 2338 est
773 2272 806 2337 in
831 2270 957 2339 Solonis
979 2272 1126 2339 versibus
1149 2271 1234 2359 apud
1258 2271 1330 2339 rtu-

141 2374 251 2447 tarrh.
274 2376 309 2443 iu
333 2374 397 2443 Sol.
422 2397 491 2467 eap.
512 2376 578 2444 XV.
602 2384 635 2441 et
660 2375 834 2443 Aristidem
861 2377 896 2443 Τ.
915 2377 955 2443 11.
980 2398 1011 2464 p.
1032 2382 1109 2446 536.
1133 2376 1227 2445 Diod.

324 2484 460 2556 πολλοὺς
482 2485 510 2550 δ’
532 2483 664 2560 Ἀίιὶνας
687 2481 810 2562 πατρίδ’
832 2485 875 2558 είς
896 2483 1048 2551 ίεάκτιτον

326 2589 488 2667 άνιίγαγον
508 2587 703 2672 πραίέντας,
727 2585 825 2653 ἄλλον
848 2588 972 2663 ἐκδίκως

326 2692 424 2760 ἄλλον
445 2693 586 2771 δικαίοις,
610 2732 654 2743 -
675 2698 825 2772 γλῶτταν
841 2694 941 2760 οὐκέτ’
962 2695 1109 2770 Ἀττικὴν

325 2798 449 2876 ίέντας,
473 2802 512 2872 άς
535 2796 575 2863 άν
597 2809 749 2881 πολλαχῇ
773 2798 1001 2876 πλανωμένους.

188 2902 259 2971 Nou
289 2904 399 2972 minus
427 2904 628 2971 luculentum
667 2902 847 2989 exemptum
880 2912 929 2969 est
966 2902 1052 2991 apud
1081 2901 1329 2971 Demosthenem

141 3028 217 3099 pag.
243 3014 342 3079 1304.
377 3010 626 3091 Διαβεβλνὶκαοί
652 3033 711 3088 μου
742 3010 794 3073 τδν
822 3009 944 3089 πατέρα
974 3012 1013 3084 ιίς
1050 3006 1249 3088 ἐξένιζεν,
1281 3006 1328 3095 (id

141 3122 194 3185 est
216 3112 288 3199 iim
312 3115 464 3199 διαλέκτῳ
482 3116 615 3198 ἐχρῆτο,
639 3122 675 3180 ut
699 3114 878 3180 rectissime
907 3115 1140 3203 interpretetur
1168 3111 1328 3200 Didymus

139 3218 231 3311 {puel
260 3220 544 3308 Harpocrationem
569 3239 599 3286 tt.
630 3217 770 3307 Ξενίζειν)
803 3218 856 3284 καί
891 3215 938 3286 ὅτι
969 3220 1028 3299 μὲν
1054 3219 1150 3293 άλοὺς
1180 3219 1239 3284 ὑπὸ
1267 3224 1328 3284 τῶν

140 3326 300 3407 πολεμίων
322 3326 382 3393 ert
408 3328 463 3393 τδν
493 3327 676 3393 Δεκελεικὸν
704 3324 919 3405 πόλεμονκαὶ
953 3325 1077 3407 πραίείς
1103 3326 1147 3398 είς
1177 3322 1329 3389 Λευκάδα

139 3432 217 3517 spir
236 3430 308 3505 τοὺς
332 3430 457 3503 οἰκείους
481 3431 574 3505 {sciis
592 3432 675 3510 δεῦρο
696 3432 837 3512 neeesse}
857 3430 955 3514 χρόνῳ
982 3430 1270 3513 παραλελοίταοιν,
1293 3438 1327 3495 et

140 3542 214 3625 pusi
234 3554 356 3623 patrea:
377 3535 443 3601 οὔτ’
460 3536 491 3600 ἕν
510 3544 573 3609 τοῖς
592 3535 741 3614 δημόταις
768 3537 832 3602 οὔτ’
847 3538 877 3601 ἐν
903 3547 967 3612 τοῖς
991 3538 1159 3619 Φράτερσιν
1181 3535 1246 3601 οὔτ’
1266 3533 1326 3601 άλ-

138 3642 207 3709 Aah
240 3640 375 3719 οὐδαμοῦ
409 3640 462 3705 τδν
493 3638 709 3721 ξενίζοντα
747 3641 842 3713 οὐδείς
879 3643 998 3708 πώποτ’
1026 3642 1178 3727 ᾐτιάσατο
1210 3642 1248 3713 νίς
1279 3639 1326 3713 εἴη

139 3744 236 3825 ξένος.
291 3743 426 3832 Saepius
451 3744 572 3811 Comici
603 3744 687 3812 idem
721 3746 879 3812 obiiciunt
909 3748 949 3813 iis
985 3768 1067 3834 quos
1097 3747 1129 3811 in
1160 3745 1326 3811 civitatem

139 3848 227 3919 elam
251 3850 418 3939 irrepsisse
452 3850 688 3929 criminantur,
723 3859 759 3917 ut
782 3850 960 3940 Hyperhoto
984 3862 1041 3919 aut
1060 3849 1266 3938 theophanti,
1291 3850 1326 3914 in

139 3956 240 4027 enim
275 3957 416 4038 χείλεσιν
451 3955 650 4040 άμφιλάλυις
684 3957 801 4039 Θρρκία
836 3958 969 4039 χελιδών
1003 3956 1125 4023 dieitur
1164 3952 1326 4031 insidere,

139 4060 230 4153 apud
251 4060 496 4148 Aristophanem
516 4063 548 4127 in
575 4062 674 4127 haois
690 4080 737 4127 vs.
757 4066 834 4128 680.
881 4062 994 4147 ltaque
1015 4082 1056 4127 ne
1078 4062 1110 4125 in
1136 4056 1327 4144 Xenophon·

141 4178 178 4239 te
197 4166 332 4257 quidem
358 4166 505 4235 mirahite
523 4175 572 4233 est
602 4185 677 4233 eum
709 4167 824 4235 Atticis
843 4168 950 4234 ionica
976 4163 1195 4252 eomptnseuta
1214 4170 1246 4228 et
1266 4163 1326 4230 ho-

142 4274 215 4343 riea
239 4272 419 4343 admiseere
449 4280 481 4339 et
501 4270 627 4355 ξενίζειν
650 4272 736 4351 ἔνια,
760 4273 814 4339 sed
841 4282 946 4340 tamen
968 4272 1054 4359 aputl
1077 4291 1151 4339 eum
1175 4267 1328 4342 nonnulla

141 4386 225 4453 sunt
244 4398 328 4469 quae
359 4380 446 4447 iuter
471 4376 642 4466 legentium
673 4377 758 4446 soleo
790 4380 920 4458 mirari,
953 4375 1135 4446 cuiusmodi
1169 4382 1217 4443 est
1249 4378 1329 4449 άτι-
