2940 5010
707 256 772 318 tto

191 430 239 498 tu
263 431 365 516 ipsam
395 427 556 493 Anabasin
590 446 739 495 reversus
769 427 830 495 boo
852 447 952 495 unum
980 428 1063 497 addo
1086 450 1150 497 nnn
1174 427 1277 499 videri
1296 451 1330 498 ex

145 546 234 606 certo
260 532 388 601 dicendi
412 553 491 611 usu,
516 551 610 619 quem
632 536 813 600 eommunis
830 534 1025 603 Graecorum
1051 557 1121 603 mos
1148 534 1331 613 conlirmat,

145 662 218 710 eum
240 643 296 728 qui
318 660 418 707 annos
439 639 574 725 triginta
606 658 667 703 non
692 640 802 705 minus
827 648 924 705 natus
948 642 991 707 sit
1012 637 1055 732 (ὃς
1078 640 1119 709 ιὶν
1142 641 1261 723 yson,
1284 643 1333 708 νῦκ

144 750 275 815 ἔλκττιν
299 747 317 823 ἢ
338 744 490 826 τριάκοντ’
512 743 584 822 lan,
608 753 645 809 ut
665 744 727 830 ipsi
751 744 941 834 loquuntur)
972 766 1063 833 posse
1089 745 1331 830 προφασίζεσθαι

143 856 198 929 τὴν
220 852 360 930 inlatas,
384 857 440 914 aut
462 868 580 934 negare
602 868 671 916 sese
689 848 844 933 ἀκμάζειν
866 861 898 917 et
920 850 1017 918 rebus
1037 851 1190 939 gerendis
1208 872 1267 939 per
1287 871 1332 919 ae·

144 968 243 1026 tatem
265 976 334 1023 esse
363 974 398 1020 se
424 953 584 1021 idoneum.
632 954 666 1021 si
689 955 762 1040 quis
784 956 817 1021 in
840 956 973 1023 Graecia
998 959 1134 1043 triginta
1156 977 1260 1024 annos
1281 976 1332 1023 na·

143 1075 197 1132 tus
219 1066 263 1143 ps,
295 1062 376 1146 <coln
399 1084 446 1125 τω
472 1058 626 1141 ἀκμάζειν
658 1080 720 1126 noo
751 1060 861 1126 minus
889 1061 1026 1129 ridicula
1058 1084 1110 1129 res
1139 1062 1225 1129 iuret
1248 1063 1332 1129 nesi

144 1172 217 1260 quis
233 1168 318 1256 apud
339 1187 397 1232 nos
415 1167 460 1229 ita
478 1164 600 1231 diceret
618 1164 903 1252 quadragesimum
922 1170 1058 1234 tertium
1076 1169 1195 1235 aetatis
1214 1188 1331 1235 anntrm

143 1295 253 1363 agens.
289 1272 371 1354 Quid
387 1271 488 1337 animi
509 1269 655 1337 futurum
681 1272 779 1338 luisse
803 1282 896 1359 putes
919 1273 1164 1340 centurionibus
1184 1273 1333 1352 Graecis,

143 1383 171 1448 si
194 1381 324 1467 quisse
347 1377 379 1443 id
409 1377 525 1443 aetatis
546 1375 688 1442 nondum
710 1376 864 1461 ιὶκμιὶζειν
894 1377 1044 1457 dixisset,
1067 1398 1169 1466 quum
1193 1377 1333 1467 plerique

143 1506 253 1553 omnes
275 1483 415 1550 solerent
437 1482 665 1564 τιιρκκμιὶζιιν.
714 1482 781 1549 Sub
811 1482 865 1549 illo
893 1483 981 1549 coelo
1008 1504 1114 1552 annus
1145 1486 1332 1571 trigesimus

143 1612 214 1659 eam
241 1590 463 1656 maturitatem
494 1585 609 1653 allerre
637 1587 775 1665 solebat,
805 1598 842 1654 ut
865 1609 902 1655 ea
925 1598 1008 1655 esset
1030 1600 1062 1656 et
1086 1590 1265 1657 bonoribus
1284 1610 1333 1677 ge·

144 1695 254 1765 reudis
280 1693 425 1780 legitima
449 1700 537 1758 aetas
559 1703 590 1759 et
611 1693 772 1759 iudicialis
792 1703 824 1761 et
847 1696 1009 1760 senatoria
1030 1704 1096 1762 tota
1116 1697 1253 1763 Graecia
1275 1696 1332 1763 lta·

141 1805 258 1889 liaque.
305 1800 393 1880 Quae
409 1799 437 1863 si
458 1799 532 1884 quis
549 1799 657 1863 omnia
678 1798 850 1884 diligenter
866 1800 1071 1886 perpenderit
1092 1800 1178 1867 baud
1199 1800 1331 1868 difficul-

140 1919 191 1975 ter
215 1903 367 1973 concedet
391 1901 470 1968 mibi
491 1903 750 1990 Xenophontem,
774 1925 875 1991 qmrm
895 1906 941 1970 sic
963 1904 1082 1972 desua
1102 1905 1331 1993 aetateloque·

140 2025 248 2088 retur,
273 2032 291 2077 a
315 2010 475 2077 senatoria
496 2016 600 2075 aetate
623 2018 656 2077 et
677 2009 820 2076 iudiciali
839 2009 1041 2095 aliquantum
1065 2009 1223 2080 abluisse:
1248 2012 1331 2099 quod

141 2130 174 2187 et
197 2117 278 2185 mibi
302 2118 369 2202 ipse
392 2134 504 2180 verum
529 2134 599 2181 esse
622 2118 750 2201 penitus
771 2117 916 2200 persuasi
938 2125 967 2182 et
1000 2126 1035 2183 ut
1058 2116 1132 2184 aliis
1162 2117 1331 2204 persuade·

141 2245 209 2293 rem
234 2223 314 2289 haec
337 2220 498 2307 copiosius
521 2239 616 2305 quam
644 2219 728 2285 soleo
753 2222 935 2307 perscripsi.
1221 2294 1224 2303 ,

184 2327 369 2397 liindorlins
390 2323 557 2391 anabasis
575 2345 610 2391 se
628 2324 733 2391 editae
752 2326 870 2392 adiecit
890 2326 1018 2393 Scholia
1035 2328 1193 2414 quaedam
1212 2327 1331 2396 Graeca

140 2459 158 2503 e
189 2435 288 2501 variis
318 2429 488 2496 dodieilms
526 2449 612 2496 nune
645 2431 785 2515 primum
817 2430 914 2497 edita.
962 2433 1066 2514 Quam
1108 2432 1225 2501 vellem
1256 2434 1332 2501 istas

140 2541 278 2626 ineptias
309 2555 485 2622 numquam
517 2534 702 2619 protulisset
734 2537 766 2601 in
798 2535 914 2603 lucem.
962 2537 1048 2605 Nihil
1085 2559 1221 2626 prorsus
1248 2540 1330 2607 inest

141 2644 225 2733 quod
247 2644 397 2728 cuiquam
421 2638 569 2725 prodesse
592 2641 710 2725 possin
735 2643 762 2705 si
787 2642 864 2728 quid
888 2642 969 2709 sorte
997 2645 1081 2711 inest
1105 2644 1180 2710 boni
1201 2653 1330 2711 nonest

142 2769 277 2826 novum,
301 2749 329 2813 si
351 2745 429 2832 quid
449 2747 522 2811 novi
544 2765 606 2811 non
626 2758 675 2811 est
693 2744 824 2812 bonum.
864 2747 932 2813 Non
951 2769 1022 2816 osse
1040 2770 1144 2835 genus
1162 2750 1329 2819 hominum

140 2854 267 2922 sutilius
290 2861 323 2919 et
347 2853 450 2937 magis
482 2851 688 2938 nugatorium
714 2871 810 2937 quam
841 2854 1006 2940 sequioros
1034 2855 1209 2923 Graeculos
1240 2875 1330 2944 saepe

142 2959 386 3028 declaravimus.
422 2956 661 3024 Homurroiones
682 2976 858 3043 nentiquam
884 2957 950 3026 lere
969 2969 1056 3026 reete
1079 2963 1278 3046 cogitantes,
1299 2970 1329 3028 et

140 3086 250 3134 rerum
273 3065 480 3148 antiquarum
505 3063 720 3129 etrerborum
736 3063 867 3149 perinde
891 3066 1016 3150 ignari,
1035 3066 1281 3134 conscribillant
1298 3075 1327 3133 ct

141 3171 434 3240 comminiscuntur
463 3179 584 3236 temore
614 3168 654 3234 de
691 3189 750 3234 suo
780 3169 901 3257 aliquid
940 3170 1025 3255 quod
1056 3169 1136 3236 nibil
1170 3170 1270 3239 iaciat
1290 3170 1326 3240 ad

141 3298 229 3356 rem,
253 3274 337 3362 quod
362 3273 487 3339 nullum
516 3294 610 3340 usum
636 3272 765 3340 babeat:
789 3295 849 3340 eur
873 3276 973 3360 igitur
1003 3278 1065 3342 ista
1092 3276 1326 3363 proferimusc

139 3382 299 3459 tenebris,
323 3380 440 3466 quibus
461 3378 577 3445 inelius
595 3381 627 3444 in
650 3389 816 3446 aeternum
839 3382 1048 3466 promentur?
1097 3382 1184 3448 Satis
1206 3383 1325 3450 meher-

139 3488 211 3555 cule
240 3495 289 3553 est
313 3484 480 3550 hominum
512 3485 712 3571 ineptorum,
738 3495 774 3551 ut
806 3484 886 3551 nihil
911 3505 989 3572 opus
1021 3488 1064 3552 sit
1097 3489 1325 3555 intermortuus

142 3593 279 3679 ineptias
297 3589 397 3657 veluti
418 3609 456 3655 ex
484 3587 565 3655 Orco
589 3589 621 3654 in
647 3589 752 3657 lucem
783 3593 946 3677 uitamque
974 3612 1134 3659 revocare.
1182 3594 1325 3662 locosum

140 3711 189 3771 est
210 3697 320 3765 videre
340 3694 451 3782 quales
472 3695 537 3761 sint
557 3695 613 3761 isti
637 3696 841 3782 interpretes:
866 3696 914 3763 tu
937 3697 1037 3764 Anab.
1051 3698 1076 3764 l.
1100 3719 1143 3765 rx.
1167 3703 1208 3765 15
1232 3719 1325 3767 auno

138 3806 220 3874 tavit
243 3801 432 3869 homuncio:
461 3802 684 3867 ἀδικοῦντιε
716 3803 906 3883 ἐνεργητικὸν
936 3805 1006 3870 ἀντὶ
1037 3808 1228 3885 παθητικοῦ,
1259 3806 1323 3873 ἀντὶ

138 3918 191 3980 τοῦ
219 3908 482 3989 ἀδικουμένῳ.
532 3906 598 3971 Hoc
630 3903 761 3971 demum
786 3917 835 3972 est
863 3911 989 3995 sapere!
1021 3913 1216 3993 ἈΦιττεύει
1248 3911 1272 3978 Ι.
1296 3931 1323 3977 r.

141 4023 182 4084 1⁶2
210 4017 283 4081 istis
311 4013 471 4100 significat
498 4011 571 4077 ἄνευ
602 4009 696 4077 innoc
727 4014 897 4095 ἐτιρεύετι.
946 4013 993 4080 nd
1019 4011 1071 4081 Vl.
1094 4036 1115 4081 r.
1143 4023 1180 4083 11
1208 4016 1324 4084 adscri-

138 4123 236 4191 bunt:
260 4120 522 4199 κύλνύμεννιε
547 4114 565 4182 ὅ
581 4118 644 4187 ἐςιν
668 4122 895 4195 αὐλοῦντες.
941 4121 1123 4200 newenton
1149 4120 1201 4188 Vl.
1227 4144 1248 4188 ι.
1272 4125 1324 4198 tt,

138 4232 166 4297 si
186 4227 259 4296 istis
276 4223 455 4303 credintuS,
477 4224 639 4310 siguificat
658 4227 782 4290 συνετὸν
801 4224 887 4305 ἄνων
902 4229 989 4309 napa
1010 4228 1045 4293 τὸ
1063 4226 1268 4295 πεπαίνεσθαι
1282 4226 1322 4316 (Ι)

138 4335 189 4401 xci
215 4335 245 4398 ἐν
270 4330 360 4413 nslpqt
384 4328 582 4410 πραγμάτων
607 4329 767 4408 γενονέναι
796 4344 909 4417 πολλῇ.
957 4332 1004 4399 lu
1026 4332 1079 4400 IV.
1104 4354 1133 4399 u.
1159 4337 1201 4401 5⁶2
1226 4329 1323 4400 εἷλκεν
