2940 5010
697 312 761 376 728

144 492 280 568 σθμιισω
319 490 463 559 σοιοῦσοιν
497 486 627 581 τροφὴνΙ
647 489 772 564 μᾶλλον
807 485 1050 566 συλλαμβάνων
1087 488 1231 567 ὁρίσωσι
1261 492 1315 559 cri.

145 602 235 661 recte
259 593 345 659 enirn
370 591 404 658 in
428 611 560 679 corpore
584 609 715 678 procero
744 599 777 658 et
799 589 915 676 gracili
936 590 1010 679 plns
1033 589 1162 659 roboris
1183 602 1217 661 et
1245 595 1317 682 agili·

145 700 225 765 tatis
248 699 351 764 inesse
375 696 464 763 dicas
484 717 581 782 quam
616 697 647 763 in
667 716 725 773 eo,
757 693 841 781 quod
865 694 967 761 multo
989 695 1064 764 cibo
1085 697 1264 765 distentum
1281 709 1318 767 m

146 813 179 873 et
203 803 346 870 obesum.
395 800 469 868 lure
486 801 569 888 apud
595 800 841 887 Aristophanem
866 802 898 866 in
922 799 1016 868 Pluto
1035 822 1083 869 rs.
1101 808 1179 871 aaa.
1204 806 1319 881 duob

147 930 201 978 eos
226 911 281 995 qui
304 927 413 975 secum
434 908 578 972 viverent
603 908 646 973 ite
669 906 795 972 laudat:

194 1018 266 1097 παρ’
291 1015 357 1095 ἐμοὶ
383 1015 410 1079 δ’
429 1013 530 1093 ἰσχνοί
551 1012 604 1079 κω)
627 1012 799 1096 σφηκώδεις
821 1012 874 1079 soi
898 1020 964 1088 σοῖς
986 1015 1108 1098 ἐχθροῖς
1132 1016 1260 1099 ἀνιαροί.

147 1122 202 1185 eui
226 1118 310 1206 quod
334 1117 507 1205 respondet
527 1117 738 1206 Cbremylus:

192 1226 256 1291 οίσθ
279 1229 335 1291 τοῦ
358 1229 452 1303 λιμοῦ
476 1225 540 1304 γὰρ
564 1221 636 1296 ἴσως
653 1226 759 1296 αὐτοῖς
778 1224 814 1290 σθ
836 1226 999 1308 σφηκῶδες
1023 1224 1064 1291 σὺ
1082 1224 1238 1309 πορίζεις,

149 1329 181 1394 id
207 1331 312 1415 ipsum
338 1328 497 1415 estquod
522 1326 695 1415 Xenophon
720 1329 907 1416 Lycurgum
930 1329 1010 1397 dicit
1033 1329 1185 1398 uoluisse.

196 1434 441 1520 Transpositum
466 1433 550 1500 male
572 1440 621 1499 est
644 1436 720 1500 κοτέ
743 1435 774 1499 in
801 1435 839 1500 ll.
867 1442 919 1501 10.
945 1433 999 1501 ubi
1024 1436 1234 1522 scripserim:
1256 1433 1323 1511 ίκιις

148 1539 181 1606 δὲ
203 1541 276 1619 μηδ’
300 1538 337 1604 εί
364 1563 460 1605 nore
489 1540 504 1605 θ
532 1539 714 1619 παιδονόμος
742 1541 872 1607 antaeo
895 1539 997 1622 ἔρημοι
1021 1542 1049 1607 ol
1071 1540 1189 1617 παῖδες
1213 1536 1324 1623 siole

148 1668 281 1729 χοισος,
311 1645 343 1710 in
367 1643 461 1711 libris
483 1645 558 1711 ποσί
586 1654 654 1730 post
679 1645 781 1726 ἔρημοι
802 1643 992 1712 collocatum
1017 1654 1077 1712 est.
1125 1644 1216 1712 Conl.
1249 1650 1324 1733 §ll

196 1749 231 1815 ln
255 1735 326 1837 vcap.
347 1749 404 1816 lll.
432 1760 458 1816 1.
490 1749 565 1816 trev
586 1773 626 1828 γε
651 1753 713 1830 μὴν
734 1753 768 1817 lx
796 1751 914 1817 πωιδων
946 1753 1006 1836 [είς
1030 1755 1066 1818 σθ
1092 1750 1323 1840 μειριικιοῦσίινι]

150 1856 338 1935 tideliora,
365 1856 570 1943 nescioquis
598 1854 637 1920 de
668 1875 726 1920 suo
750 1854 874 1922 addidit
907 1855 1069 1931 nerbasis
1103 1859 1141 1923 σθ
1169 1860 1327 1939 μειριικιωῖ·
1363 1880 1367 1917 ι

150 1963 243 2038 odai,
268 1980 350 2047 quae
368 1968 402 2027 et
425 1960 634 2046 frigidissime
654 1958 820 2026 abundent
843 1979 945 2047 neque
967 1982 1040 2029 curn
1065 1962 1162 2029 verbo
1186 1963 1327 2043 ἐκβαίνει

150 2067 232 2132 satis
252 2075 326 2152 apte
349 2064 559 2152 copulantur:
592 2075 758 2151 praeterea
787 2070 1017 2147 μειριικιοῦσθοιι
1047 2087 1112 2134 non
1143 2077 1196 2135 est
1226 2067 1329 2155 probae

151 2180 184 2239 et
215 2174 368 2260 antiquae
399 2181 493 2238 notae
524 2171 725 2238 vocabulum.
780 2170 933 2237 Eiusdem
969 2184 1116 2241 irionelae
1147 2173 1328 2241 vocabulum

151 2285 201 2345 est
224 2278 443 2360 ἐμφυσιῶσκι,
467 2275 551 2363 quod
584 2275 703 2361 legitur
727 2274 781 2342 lll.
806 2281 836 2342 l.
884 2276 1017 2344 Veteres
1040 2279 1073 2343 in
1100 2279 1157 2346 teli
1194 2299 1231 2348 re
1257 2279 1328 2347 dice

149 2382 230 2450 bant
261 2383 427 2466 ἐμφῦσαι,
460 2381 545 2469 otrod
569 2401 587 2447 a
611 2378 746 2448 Stobaeo
770 2388 933 2448 servatum
963 2384 1033 2450 sine
1056 2404 1147 2452 mora
1181 2396 1231 2453 est
1260 2386 1328 2453 rcci-

152 2487 319 2576 pieudum.
371 2486 408 2553 ln
441 2486 552 2553 eadem
590 2488 607 2571 §
646 2485 865 2553 Heindorlium
903 2508 1021 2575 sequor
1051 2490 1269 2558 scribentem:
1298 2492 1328 2557 τί

151 2591 240 2675 ἄρρεν
260 2598 360 2675 Φῦλοι
383 2630 428 2641 -
451 2592 647 2674 ίσχυρθτερθν
670 2594 716 2662 ist
740 2602 796 2668 τῆς
815 2594 938 2669 θηλείαις
959 2594 1099 2676 Φύσεως,
1124 2616 1184 2683 pro
1207 2604 1265 2663 τῶν
1281 2605 1329 2673 τῆς

151 2700 277 2773 θηλείοις
304 2696 365 2786 (vel
389 2704 446 2771 τῆς
465 2704 523 2763 τῶν
548 2695 684 2784 θηλειῶν)
709 2699 843 2780 Φύσεως.

198 2802 280 2870 Male
311 2801 467 2869 scribilita
488 2804 542 2869 lll.
569 2811 600 2870 b.
633 2806 676 2877 είς
707 2806 742 2870 σθ
769 2807 905 2887 Φιλίσιον
930 2810 962 2869 el
987 2803 1024 2869 V.
1046 2808 1078 2869 6.
1112 2806 1143 2870 ἐν
1171 2814 1237 2880 τοῖς
1255 2811 1329 2891 φιλι·

153 2910 252 2987 σίοις,
278 2927 351 2974 nam
368 2910 448 2974 satis
466 2916 593 2975 constat
612 2910 744 2990 φιδίτιον
765 2918 796 2975 et
819 2909 942 2991 φιδίτιον
962 2907 1119 2975 Laconica
1142 2930 1231 2989 esse,
1255 2910 1329 2977 unde

154 3013 239 3101 apud
274 3013 472 3102 Hesyclrium
505 3015 681 3097 Ἀφειδισος
710 3015 810 3093 appe
843 3033 1010 3100 perperam
1047 3013 1109 3099 legi
1146 3016 1330 3101 intelligitur

153 3138 212 3204 pro
234 3120 377 3202 ιδφίδισος
403 3120 524 3202 ἁμέρα,
548 3129 580 3186 et
605 3119 707 3185 sicubi
731 3119 870 3202 φειδίσιω
894 3121 1036 3187 occurrit
1056 3123 1220 3208 scriptura
1242 3122 1329 3188 corri-

153 3223 258 3309 genda
281 3232 340 3290 est.
388 3224 530 3290 Primam
555 3226 674 3310 corripi
709 3224 942 3290 demonstrarit
970 3223 1155 3293 llindorlius
1186 3247 1226 3294 ex
1249 3229 1331 3294 Anti·

153 3329 258 3417 pbane
282 3328 436 3398 Athenaei
461 3350 491 3416 p.
516 3334 590 3396 ltu.
618 3331 653 3396 l‘.

756 3437 787 3500 ἐν
810 3435 1020 3514 Λοικεδοιίμονι

337 3539 486 3617 riporum
510 3543 627 3608 ἐκείνων
651 3548 710 3606 σῶν
734 3541 831 3618 νθμων
855 3540 1018 3619 μεθεκτέον

337 3646 412 3714 isia.
436 3645 541 3728 βοίδιζ
565 3646 615 3713 ἐπὶ
640 3648 757 3713 δεῖπνον
781 3646 824 3719 είς
848 3645 891 3711 σοὶ
914 3647 1059 3727 Φιδίσιοι,

154 3750 210 3816 ubi
231 3750 336 3817 Codex
360 3752 476 3816 unicus
503 3754 643 3835 φενδίσιω
667 3759 790 3825 servat;
814 3751 869 3816 sed
891 3750 974 3836 quod
1001 3750 1186 3819 llindordus
1207 3754 1336 3836 Φιλίσιον

155 3877 218 3923 uon
243 3858 375 3939 Φιδίσιιι
398 3876 508 3922 verum
532 3878 602 3925 esse
626 3864 719 3944 putat
740 3856 871 3922 inllitur.
920 3854 1086 3941 Originem
1109 3859 1258 3926 vocabuli
1277 3860 1337 3926 sru-

156 3971 224 4029 stra
247 3963 453 4048 quaerimus,
477 3962 533 4029 sed
558 3962 659 4028 multo
689 3964 791 4028 setius
815 3972 865 4029 est
889 3981 959 4027 eam
985 3965 1109 4031 nescire
1134 3985 1233 4051 quam
1260 3966 1337 4033 male

155 4088 250 4134 sanas
272 4066 484 4155 etymologias
504 4066 683 4134 etalionum
709 4078 740 4134 et
755 4067 918 4133 Plutarchi
940 4068 1058 4158 inbpc.
1076 4073 1126 4135 ta.
1152 4069 1252 4137 stulte
1275 4090 1338 4137 am·

155 4172 273 4259 plecti,
296 4191 335 4238 ex
360 4174 477 4260 quibus
502 4181 608 4239 tamen
635 4175 712 4260 ipsis
736 4175 896 4260 scriptum
931 4183 1023 4241 retus
1054 4175 1133 4241 sotis
1163 4174 1337 4245 stabilitur.

155 4278 220 4344 dut
241 4277 332 4346 enim,
349 4277 388 4345 de
411 4277 507 4346 verbo
518 4280 666 4362 φείδομαι
690 4288 747 4346 ant
769 4282 862 4363 φειδώ
879 4282 1060 4357 somniant,
1085 4289 1143 4347 aut
1163 4302 1263 4368 quum
1287 4289 1338 4367 ιρι·

154 4385 224 4456 nixo
246 4386 418 4463 συναγωγαὶ
445 4386 700 4471 interpretantur
726 4388 768 4450 ito
794 4385 968 4472 appellasse
992 4387 1084 4453 sirint
1114 4387 1247 4453 l'cteres
1270 4390 1338 4453 dori
