2940 5010
728 288 749 349 8

138 461 254 529 scribis
277 457 380 527 multa
404 459 469 526 iam
495 456 708 537 ostendimus,
739 457 803 526 alia
833 458 913 529 alias
941 459 1156 530 ostendemus.
1191 461 1336 533 Miratus

138 588 211 634 sum
241 585 346 654 nuper
373 562 505 632 eandem
531 565 564 631 in
589 564 660 644 illu,
684 566 740 651 qui
763 565 944 650 Ἱεροκλέους
971 570 1023 635 καὶ
1048 569 1218 653 Φικαγρίον
1239 580 1337 639 Φιλο-

139 674 269 756 γέκωτα
300 671 397 739 edens
424 670 456 736 in
480 667 505 758 S
530 674 573 737 88
596 671 641 737 ita
670 672 817 758 scripsit:
848 675 1047 754 Σχολαςικδς
1078 675 1336 760 ἐπανερχόμενος

138 778 202 846 όόεν
219 778 419 857 ἀπεδήμησεν
438 777 490 843 καί
509 776 688 857 ἀναβαίνων
709 778 832 859 ὑψηλὴν
853 780 1013 858 όνιίβασιν
1031 781 1188 865 ἐόαύμαζε
1204 783 1335 863 λόγων·

103 886 273 971 ‚insonte
300 880 352 951 ότε
380 888 496 964 πρῶτον
524 885 563 957 rie
591 884 736 965 ἐπαρκεῖν
766 882 871 949 ὣδενον
899 884 1082 965 κατάβασις
1111 885 1145 964 ἦν
1178 887 1230 955 καί
1264 897 1334 967 πῶς

136 989 186 1058 οὖν
213 989 338 1073 ταχέως
370 988 499 1067 ἦλλνίγκ
530 988 583 1054 καί
613 987 772 1068 ἀνάβασις
795 989 932 1069 γέγονεε
966 991 1027 1057 Pro
1049 993 1196 1075 ἐπαρκεῖν
1220 995 1256 1059 in
1279 1014 1336 1062 cc·

137 1097 208 1164 dice
232 1105 280 1163 est
304 1102 444 1179 παρκεῑν.
492 1093 689 1160 suavissime
712 1093 844 1160 Editor:
875 1093 1009 1182 »Recepi
1030 1099 1176 1181 ἐπαρκεῖν
1199 1098 1335 1167 uerbum

139 1202 213 1268 bene
244 1201 416 1274 Graecum,
442 1199 496 1265 sed
516 1199 604 1264 cuius
624 1220 750 1266 sensum
772 1221 854 1266 nunc
878 1201 933 1266 nic
952 1202 1073 1290 copio.’'
1121 1201 1335 1274 Ostendimus

138 1307 214 1378 alibi
240 1325 337 1393 quam
365 1302 458 1371 laoile
480 1330 498 1380 κ
522 1312 595 1371 ete
619 1303 874 1372 contundantur:
898 1305 1034 1375 emenda
1055 1308 1158 1394 igitur
1176 1305 1228 1377 ότε
1252 1317 1335 1394 πρῶ·

137 1440 189 1481 τον
212 1415 340 1497 παρῄειν
364 1408 602 1491 sensificando
627 1415 660 1476 ci
680 1410 799 1476 mirare
821 1410 1002 1478 scribarum
1029 1412 1252 1499 diligentium,
1271 1417 1335 1505 qui

139 1540 180 1587 ne
203 1517 291 1585 istud
315 1515 443 1604 quidem
465 1514 533 1582 leue
563 1512 723 1582 scribendi
754 1535 857 1601 genus
888 1516 1034 1604 populari
1062 1538 1210 1587 sermone
1241 1519 1336 1589 nulla

140 1635 211 1692 arte
234 1623 448 1710 compositum
476 1621 544 1687 sine
567 1621 656 1706 turpi
679 1637 787 1687 errore
810 1619 1043 1690 describebant.
1090 1622 1212 1691 Ibidem
1236 1623 1261 1715 S
1287 1631 1334 1696 att

142 1730 264 1797 dicitur
296 1726 390 1794 homo
422 1724 532 1791 fatuus
564 1727 608 1799 είς
636 1726 734 1792 οἰκίαν
762 1729 868 1803 καινὴν
896 1728 1097 1808 μετοικισόεδς
1129 1729 1182 1796 καί
1206 1730 1252 1797 τόν
1274 1733 1335 1816 πρό

140 1843 195 1906 τοῦ
219 1836 357 1907 πυλῶνος
380 1832 523 1914 καβκροῖς
546 1830 741 1914 ἐπιγράψαι·
765 1829 797 1905 ὃς
821 1830 860 1897 δν
886 1829 942 1899 ὦδε
972 1833 1085 1917 κόπρια
1112 1833 1202 1921 βόλρ
1230 1836 1338 1906 dedn-

139 1959 230 2011 λνσιν
254 1937 349 2008 cirri.
397 1936 522 2005 Editor:
557 1959 617 2002 »un
633 1935 824 2020 καμόραςί”
855 1940 971 2025 apagei
1000 1958 1114 2006 uerum
1134 1949 1184 2008 est
1209 1941 1254 2008 sei
1276 1944 1338 2027 πρό

139 2053 195 2116 τοῦ
218 2051 356 2120 πυλῶνος
379 2045 523 2127 καόιὶρας.
556 2041 676 2110 Comici
700 2041 918 2130 fragmentum
940 2044 1092 2112 mutilum
1114 2044 1236 2133 legitur
1254 2045 1337 2115 ibid.

141 2152 166 2243 S
188 2156 266 2219 226.
301 2151 422 2218 Histrio
442 2148 609 2216 famelicus
632 2148 684 2216 τόν
699 2149 891 2228 ἀγωνοθέτην
910 2152 966 2233 πρό
983 2156 1038 2218 τοῦ
1060 2150 1337 2237 etennensium

83 2307 87 2319 .
141 2261 220 2343 ᾔτει.
244 2256 342 2343 ⁸(luri
367 2255 483 2341 inquit.
507 2251 573 2330 ἵνα,
599 2253 681 2337 ἔφη,
706 2256 750 2334 nn
773 2257 982 2337 descensiones
1005 2255 1150 2340 λέγωμεν

325 2361 453 2443 ἦρίςνσα
477 2362 511 2436 νὴ
535 2362 756 2443 τὴνἌρτεμιν
785 2359 792 2450 Ι
815 2357 897 2440 μόλ’
918 2360 1032 2436 ἡδέως.

144 2478 183 2536 tu
204 2466 354 2553 corrige:
377 2463 427 2531 ἵνα
449 2468 494 2546 pn
517 2466 661 2546 internecio
684 2463 790 2542 λέγω·

326 2572 389 2651 ε’γόι
412 2572 471 2652 μὲν
495 2570 644 2653 ἦρίςησνι,
666 2572 701 2647 νὴ
723 2571 778 2648 τὴν
798 2571 973 2654 Ἄρτεμιν.

325 2675 407 2758 μόλ’
430 2676 543 2756 ἡδέως.

146 2784 214 2858 Non
253 2790 347 2850 tenco
383 2801 436 2849 me
469 2782 547 2869 quin
579 2779 631 2847 his
660 2779 775 2849 addam
805 2791 952 2849 veterum
983 2781 1165 2850 scribarum
1191 2802 1341 2855 errorem

146 2910 210 2961 uon
235 2887 448 2966 dissimilem,
475 2887 561 2954 unde
583 2906 680 2973 qurum
705 2887 785 2953 nibil
809 2888 864 2954 isti
887 2888 1029 2975 cogitent
1052 2886 1195 2974 colliges.
1241 2888 1341 2979 Apud

148 2996 345 3086 Polyaenum
369 2994 421 3061 Vl.
448 2998 499 3061 16.
522 2997 553 3060 4.
583 2994 615 3059 in
646 2992 815 3060 Codicibus
846 2992 983 3080 legitur:
1018 2994 1218 3078 Καρχηδόνιοι
1242 3010 1341 3065 πολι·

145 3108 278 3184 nouom
302 3100 409 3184 Ἱέρωνι
443 3101 558 3184 νύκτωρ
589 3098 838 3174 ἐπιπλεύσαντες
874 3102 1022 3185 Μεσσήνῃ
1044 3099 1176 3176 πλησίον
1200 3107 1257 3178 τῆς
1280 3100 1342 3170 πό-

146 3225 224 3285 λεως
252 3210 306 3276 ὑπ’
329 3206 580 3290 Ἀκραγαντίνων
603 3206 875 3288 καόωρμίσόιρσαν,
913 3204 991 3272 alias
1015 3225 1066 3273 res
1089 3206 1204 3293 agebat
1229 3206 1343 3279 scriba

148 3315 205 3400 qui
236 3333 276 3380 ex
304 3321 613 3385 ΤΠΑΚΡΑΝΤΙΝΑ
643 3311 755 3378 elicuit
783 3313 836 3378 ὑπ’
855 3312 1107 3396 Ἀκραγαντίνων
1137 3311 1235 3378 νοτίοιο
1256 3310 1342 3382 bene

151 3419 271 3486 Graeca
302 3417 357 3484 sed
382 3436 520 3504 sputorum
551 3437 681 3484 sensum
706 3437 793 3484 nunc
820 3420 873 3484 vix
901 3415 1057 3503 capiebat.
1103 3415 1343 3504 Corrigendum

151 3532 200 3590 cst
223 3526 276 3590 ὑπ’
302 3523 399 3605 ἄκραν
422 3524 494 3589 τινόο
517 3523 780 3604 καόωρμίσόκσαν.
827 3521 1067 3590 Eiusdemmcdi
1093 3523 1194 3607 igilur
1218 3523 1250 3589 in
1275 3523 1344 3595 An·

152 3628 299 3716 tiphonte
330 3637 383 3695 est·
406 3629 520 3695 vitium
544 3654 584 3708 γε
607 3631 731 3708 ἀγνοεῖν
755 3650 813 3717 pro
835 3637 1004 3708 γεγωνεῖν,
1034 3627 1119 3714 quod
1140 3628 1274 3696 verbum
1297 3649 1344 3699 ne

151 3737 225 3821 quis
249 3734 352 3822 poetis
372 3735 536 3822 proprium
560 3741 592 3801 et
609 3754 627 3801 a
651 3734 910 3803 solutaoratione
933 3733 1072 3800 alienum
1086 3752 1156 3799 esse
1174 3733 1344 3807 existimet

152 3839 334 3908 adscribam
357 3838 462 3907 locum
486 3861 526 3908 ex
551 3841 664 3929 llippia
688 3842 829 3920 maiore,
860 3840 916 3928 qui
944 3840 978 3904 in
1006 3837 1180 3905 Platonicis
1202 3837 1345 3928 dialogis

154 3944 404 4025 circumfertur,
421 3967 451 4034 p.
467 3951 543 4015 Μ.
561 3947 597 4013 Ι).
611 3948 694 4014 οὐδέν
705 3972 752 4014 σοι
767 3951 893 4029 μᾶλλον
903 3953 1052 4026 γεγωνεῖν
1065 3943 1200 4024 δύναμαι
1214 3945 1231 4020 ἢ
1244 3945 1275 4011 εί
1283 3970 1342 4028 μοι

153 4051 349 4135 repossidere
366 4053 446 4129 λίίος
464 4054 517 4120 καὶ
535 4050 622 4129 οὗτος
638 4056 754 4133 μυλίας
769 4055 845 4136 μήτ’
863 4049 928 4120 ὦτα
944 4053 1020 4133 μήτ’
1041 4049 1222 4134 ἐγκέφαλον
1237 4049 1342 4135 ἔχων,

153 4177 256 4243 ncqrte
289 4157 496 4245 Antiphontis
528 4158 705 4247 discipulus
734 4159 893 4226 dubitavit
926 4158 1128 4238 γεγωνίσκειν
1158 4154 1267 4223 dicere
1298 4155 1344 4228 tie

152 4261 241 4338 dien
273 4263 479 4359 Thucydides
504 4264 573 4341 Vll.
597 4271 650 4333 76.
678 4265 866 4349 βοσκόμενος
890 4266 940 4333 ἐπὶ
970 4270 1100 4339 ποιεῖτον
1121 4262 1341 4347 γεγωνίσκειν.
