2940 5010
122 434 127 521 Ι
167 466 247 527 tnnn
268 456 400 545 perlecti
421 453 586 545 apparebit
609 472 678 519 esso
698 452 915 520 necessarlum
935 450 1068 539 perlecti
1094 452 1227 523 lormanr
1250 479 1315 527 una

122 548 126 613 Ι
166 562 255 655 'filabo
277 563 427 651 augebit,
450 562 540 629 utin
563 556 734 625 ilelieniois
756 559 807 625 Vl.
832 578 865 625 n.
894 564 943 624 15.
969 558 1108 642 ἐκήρυξεν
1131 564 1145 627 ὑ
1169 565 1315 632 Μνάσιπ-

166 670 432 753 ειςπεπροῖσθαι
463 666 527 741 irre
555 667 759 743 αὑτομολοῖήε
783 666 839 751 qui
869 684 1003 750 poenam
1032 668 1175 735 minatur
1206 669 1316 737 futuro

167 774 201 841 ni
215 774 304 855 solet,
335 784 372 842 nt
401 775 535 861 opinor,
559 773 667 856 itaque
689 770 903 852 attrectaretur
932 790 1044 836 verum
1074 782 1143 851 est,
1174 775 1259 861 quod
1283 777 1316 841 in

167 896 193 947 n
214 898 334 969 prorsus
365 879 464 947 simili
499 885 586 944 rente
616 884 780 943 serratum
812 884 861 942 est
890 875 923 940 in
960 876 1098 943 Arrabasi
1122 877 1190 944 Vll.
1215 902 1236 945 1.
1262 887 1316 947 36.

122 1006 125 1061 5
167 982 273 1069 Ηρνξεν
294 982 574 1069 introspiceret.
620 981 656 1047 ln
680 980 850 1049 Aeschinis
872 980 1094 1067 ctesiphonten
1118 988 1232 1070 5255.
1255 990 1316 1069 οὐχ

169 1088 293 1175 θθὺμῖν
318 1093 426 1165 αὑτοῖς
465 1088 551 1168 ἕξετε
583 1088 655 1162 τοὺς
695 1086 966 1165 πολιτευομένονςς
1000 1090 1032 1153 οὐ
1069 1093 1317 1167 ταπεινώσαντες

168 1196 344 1279 θνιτθμψετε
374 1198 445 1270 τοὺς
476 1202 528 1263 νῦν
560 1196 767 1278 ἑπαρμένουςς
801 1196 834 1258 οὑ
862 1192 1020 1271 μέμνησθε
1049 1190 1095 1259 ὅτι
1127 1196 1223 1271 οὐθείς
1251 1201 1318 1264 uri.

122 1300 220 1389 pis
234 1309 387 1389 pnnotum
408 1301 563 1387 temporis
585 1284 745 1366 dubitabit
765 1296 892 1363 oratori
921 1296 1054 1364 reddere
1082 1319 1178 1365 suum
1201 1306 1234 1369 οὐ
1261 1329 1317 1384 με·

168 1406 285 1483 pharis
300 1404 368 1485 θτι,
387 1415 420 1474 ei
435 1404 666 1491 Xenophonti
658 1425 689 1470 tn
703 1402 804 1469 Anah.
818 1401 886 1468 Vll.
909 1424 949 1468 vi.
966 1407 1020 1469 58.
1044 1405 1096 1469 καὶ
1118 1406 1241 1487 πατέρα
1261 1411 1318 1489 ἐμὲ

122 1422 126 1589 Ι
169 1508 279 1579 hisne
308 1514 364 1581 καὶ
387 1513 479 1578 riel‘
459 1536 498 1585 ως
526 1512 634 1594 erepat
636 1535 689 1578 τοο
719 1509 1003 1591 persolverim
1032 1510 1232 1592 ὑπισχνεῖσθε
1262 1535 1319 1602 pro

122 1576 129 1698 Ι
169 1622 326 1697 μρνῖσθαι,
351 1625 387 1684 ut
410 1616 494 1703 apud
513 1617 704 1684 Homerum:

314 1722 416 1805 αὐτὰρ
439 1724 573 1802 ἐγὼκαὶ
597 1725 672 1788 κεῖθι
694 1723 788 1805 φΙλον
808 1722 984 1799 μεμνήσομ’
1002 1721 1132 1802 ἑταίρου

169 1830 350 1915 ltpauim
340 1847 374 1895 ιιι
400 1827 499 1894 simili
526 1827 610 1894 malo
639 1828 688 1895 uti
715 1824 876 1893 medicina
904 1824 1041 1891 eadem9
1089 1828 1124 1893 ln
1154 1827 1318 1896 Plutarchi

169 1930 216 1997 du
233 1930 334 2023 Syllae
361 1952 430 2021 oop.
445 1932 571 2000 xxvll.
597 1933 624 2023 (ὅ
645 1930 788 2019 Σύλλας)
813 1931 909 2015 φησὶν
931 1930 1051 2006 οἰκέτην
1073 1934 1215 2015 ἐντυχεῖν
1232 1938 1318 2019 αὑτῷ

122 2050 126 2115 l
170 2034 274 2117 θθννντε
300 2040 389 2123 παρὰ
417 2048 475 2114 τῆς
495 2042 620 2111 Ἐνυοῦς
647 2038 758 2120 νροθπσς
789 2035 926 2115 πολέμου
956 2038 1200 2115 ἀπαγγέλλειν·
1231 2044 1258 2106 εἱ
1287 2044 1319 2109 δὲ

122 2173 124 2225 ;
170 2142 365 2221 nimirem
395 2145 681 2226 ἐμπεπρῆσθαι
712 2144 748 2208 τὸ
771 2142 987 2216 Καπιτώλιον,
1012 2144 1086 2227 quis
1116 2164 1178 2209 non
1209 2150 1320 2215 statim

122 2230 125 2254 ¹
171 2244 296 2338 inlelligat
317 2250 569 2331 ἐμπεπρήσεσθαι
591 2268 661 2315 esse
687 2247 925 2313 necessarium?
961 2266 1057 2332 quam
1082 2258 1203 2315 certam
1232 2252 1320 2317 Reis-

122 2354 124 2433 ξ
171 2346 202 2417 bi
217 2354 462 2423 emendationem
494 2366 602 2422 tamen
636 2352 778 2420 Sintenis
805 2352 936 2439 sprevit.
985 2355 1121 2439 Aegrius
1150 2357 1247 2422 etiarn
1277 2356 1319 2423 le·

122 2489 124 2535 ;
169 2456 273 2527 imin
293 2470 344 2529 est
368 2460 453 2549 quod
475 2461 616 2527 Platonis
639 2459 834 2525 nitidissima
855 2459 974 2543 scripta
999 2457 1184 2527 huiusmodi
1211 2465 1320 2530 naevis

170 2567 396 2633 uenditornm
416 2585 565 2654 perversa
584 2566 732 2652 opinione
751 2564 975 2649 inquinantur.
1023 2564 1058 2628 ln
1085 2565 1227 2633 Pbaedro
1248 2589 1320 2655 pag.

122 2682 125 2738 Ι
170 2666 217 2735 lib
233 2670 266 2741 ll.
301 2673 512 2761 pertinaciter
545 2680 675 2738 servant
709 2672 770 2748 ἐγὼ
801 2670 858 2748 μέν
890 2692 942 2747 μοι
980 2671 1053 2735 δοκῶ
1092 2676 1320 2750 κατακεῖσθαι,

169 2786 333 2865 qumquam
356 2777 434 2843 nihil
455 2786 559 2865 potest
580 2796 649 2843 esse
672 2776 793 2842 certius
809 2793 906 2860 quam
925 2776 1184 2853 recreationem,
1210 2781 1321 2846 otiam-

122 2930 124 2951 .
169 2874 312 2949 ίὶοιιιιιοε
344 2882 476 2951 Codices
510 2891 622 2949 eontra
656 2879 846 2956 tenderent,
881 2878 1045 2947 emendari
1081 2891 1248 2968 oportere,
1288 2896 1323 2951 ut

170 2976 344 3056 h'ndorlins
372 2987 494 3056 dudum
518 2998 551 3056 et
574 2988 675 3055 sensit
697 2994 730 3053 et
758 2985 989 3053 demonstravit
1014 3007 1103 3054 more
1129 3008 1187 3054 suo
1212 2992 1325 3076 paucis

170 3086 210 3157 nl
227 3090 396 3163 luculentis
416 3094 570 3181 exemplis
596 3094 664 3158 ἐπεὶ
690 3095 723 3159 οὐ
755 3092 928 3171 πολύμυθος
959 3094 1020 3158 οὐδ’
1047 3096 1323 3175 ἀφαμαρτοεπής,

170 3192 333 3268 ιθοιίιιιίο
354 3200 424 3265 viro
444 3207 565 3266 temere
587 3196 713 3284 obloqui
744 3196 845 3264 solent
870 3198 940 3275 illi,
973 3200 1029 3285 qui
1054 3218 1093 3263 ne
1119 3201 1326 3285 suspicantur

171 3300 294 3385 pidem,
318 3312 440 3392 quanta
463 3303 654 3371 Graecitatis
683 3302 847 3369 interioris
873 3303 1084 3389 intelligentia
1107 3305 1140 3369 in
1166 3307 1235 3371 viro
1258 3316 1324 3374 tarn

168 3416 239 3477 uuo
263 3430 362 3499 quam
390 3409 532 3477 modesto
560 3409 648 3474 insit.
696 3412 782 3473 Δοκῶ
808 3433 859 3487 μοι
891 3421 1005 3495 suapte
1029 3419 1144 3477 natura
1178 3410 1325 3479 loturum

166 3514 282 3597 mulsi
311 3516 367 3583 ubi
397 3516 470 3603 quis
493 3514 570 3601 quid
591 3524 681 3599 paret
704 3518 826 3600 socero,
852 3515 928 3601 quid
963 3516 1093 3581 iamiam
1114 3514 1260 3585 facturus
1285 3522 1327 3585 sit

163 3610 240 3697 linit,
271 3620 541 3708 quemadmodum
571 3622 655 3686 δοκεῖ
676 3643 727 3699 μοι
759 3639 908 3705 praesens
934 3629 1061 3708 tenipus
1092 3622 1140 3688 rel
1169 3626 1326 3692 aoristnrn

158 3720 316 3803 tissimit,
346 3726 374 3791 si
402 3726 474 3812 quis
502 3726 579 3813 quid
602 3734 712 3793 censet
741 3744 809 3790 esse
835 3723 1028 3792 laciendum.
1076 3725 1201 3814 Optime
1232 3731 1326 3798 lloin·

154 3824 264 3899 lulius
290 3831 324 3897 in
345 3829 548 3918 littlbydemo
576 3852 607 3918 p.
630 3836 695 3897 288
719 3830 751 3895 C.
783 3831 844 3907 ἐγὼ
872 3826 921 3896 οὑν
949 3856 999 3909 μοι
1030 3833 1103 3897 δοκῶ
1128 3834 1224 3901 πάλιν
1248 3839 1326 3921 ὑφή·

148 3936 295 4015 μνήσεσθαι
316 3937 459 4025 reposuit
480 3956 536 4023 pro
559 3938 799 4022 ὑφηγήσασθαι,
826 3955 900 4001 narn
921 3936 1147 4023 propemodum
1171 3939 1254 4007 idem
1278 3954 1327 4010 est

143 4042 197 4111 ui
217 4048 325 4109 ταῦτα
354 4042 411 4122 μὲν
438 4044 572 4125 ἐφήσειν
602 4068 653 4123 μοι
683 4044 757 4108 δοκῶ
778 4051 810 4107 el
841 4044 892 4108 uui
921 4048 1027 4107 ταῦτα
1052 4044 1109 4119 μὲν
1132 4046 1263 4123 ἀφήσω,
1295 4059 1326 4115 et

143 4146 311 4217 menum
333 4146 440 4215 dioere
468 4158 613 4235 oportere
642 4150 703 4226 ἐγὼ
733 4146 782 4213 οὑν
805 4149 902 4213 πάλιν
924 4150 1129 4230 ὑφηγήσομαι
1161 4156 1327 4236 sequentia

137 4252 310 4323 &larunt
329 4250 395 4320 ilar
416 4254 480 4335 γὰρ
504 4254 656 4320 ὑπέλιπον
679 4255 714 4319 τθ
737 4253 806 4330 ε’ξής
827 4254 942 4326 τούτοις
975 4252 1160 4333 πειράσομαι
1189 4258 1326 4327 διελθεῖν.

136 4360 278 4431 Locutio
297 4360 372 4427 δοκεῖ
396 4384 448 4440 μοι
468 4379 543 4427 oum
569 4358 678 4425 lutura
701 4361 845 4426 omniunt
869 4359 1064 4445 scriptorum
1092 4380 1152 4425 usu
1176 4363 1252 4429 trita
1279 4376 1327 4431 ost
