2940 5010
717 278 783 340 aaa

152 454 237 529 δεῖς
261 452 348 519 έλέου
371 452 450 525 τινος
473 450 559 529 ἄξιος
583 448 660 518 εἶναι
687 452 719 517 in
741 448 866 516 duobus
890 451 1021 536 optimis
1050 450 1081 516 S.
1107 458 1140 516 et
1163 451 1198 517 ll.
1226 460 1349 521 τοσοῦτ’

151 558 253 634 οὐδεὶς
279 557 437 645 scriptum
465 568 533 635 est,
557 556 642 624 unde
665 556 706 623 de
738 556 865 621 illorum
893 556 1009 642 peritia
1039 554 1232 624 Graecitatis
1264 560 1348 625 iudi·

153 664 224 731 euri
250 671 367 750 petest.
416 663 452 729 ln
478 661 566 730 Orat.
588 662 652 729 hh.
677 666 731 728 hd.
760 663 814 727 ael
836 662 982 727 τοσούτου
1004 662 1109 736 έδέιιοε
1133 666 1346 745 περιγενέσθαι

154 794 211 847 τι,
245 768 301 834 aiii
323 772 467 836 τοσοῦτον
500 768 618 834 hahent
641 774 674 834 et
694 777 742 833 est
766 765 844 832 haee
875 765 1028 832 solemnis
1059 768 1090 831 in
1118 767 1236 835 talihns
1268 774 1349 837 scri·

154 880 272 961 ptume
295 872 478 942 diversitas.
525 873 573 940 hd
593 873 675 939 lianc
697 872 801 938 lucem
825 873 936 937 statim
961 880 1050 938 certa
1070 871 1252 941 emendatio
1274 875 1347 941 suh-

153 986 310 1046 nascetur
339 978 490 1045 omnihus
520 999 622 1066 ileum
655 978 763 1064 legent
797 976 883 1063 apud
910 977 1157 1045 Demosthenem
1190 981 1223 1045 in
1257 980 1345 1049 Orat.

153 1082 270 1151 xxix.
297 1088 349 1152 17.
383 1090 433 1151 νῦν
467 1086 498 1150 δέ
530 1090 703 1152 τοσοῦτο
736 1090 805 1150 τοῦ
837 1086 966 1160 τοιῆσυέ
995 1109 1026 1150 τι
1058 1086 1173 1151 τούτων
1203 1088 1348 1165 ἐδέησεν,

153 1198 290 1277 apparet
312 1192 400 1255 enirn
423 1190 622 1257 τοσούτου
653 1191 781 1263 ποιῆσαί
805 1214 834 1255 τι
859 1209 929 1256 esse
958 1189 1196 1275 corrigendum.
1244 1194 1346 1260 Ditto·

152 1294 292 1383 graphia
314 1301 441 1362 τοσοῦτο
465 1334 509 1345 -·-
532 1296 676 1362 τοσούτου
708 1297 832 1382 peperit
864 1293 1049 1380 vulgatam,
1082 1316 1183 1383 quum
1207 1322 1260 1364 του
1293 1320 1346 1366 su·

153 1400 373 1488 prescriptum
406 1410 491 1468 essct
516 1401 555 1466 ad
589 1406 714 1467 τοσοῦτο
746 1399 997 1467 emendandum.
1043 1400 1083 1465 in
1116 1399 1205 1467 nullo
1235 1414 1344 1472 autem

151 1504 252 1573 aerim
275 1504 427 1571 licentius
459 1506 608 1573 Graeculi
639 1508 778 1592 grassati
802 1514 879 1573 sunt
901 1526 999 1592 quani
1032 1506 1066 1570 in
1096 1505 1193 1573 verbo
1223 1510 1284 1575 δεῖν
1308 1511 1345 1575 li·

151 1630 241 1699 ym.
289 1608 376 1677 Satis
404 1620 530 1678 constat
561 1615 685 1678 Atticos
716 1611 794 1678 illud
827 1610 962 1677 verbum
994 1631 1052 1697 per
1082 1632 1194 1679 omnes
1224 1613 1344 1680 iormas

151 1715 373 1783 conuenisse:
408 1719 515 1804 itaque
536 1721 591 1787 δῶν
620 1718 770 1786 dicebant
795 1737 855 1783 non
889 1718 978 1793 δέον,
1001 1718 1096 1784 δοῦσιν
1129 1739 1192 1784 non
1214 1721 1345 1796 δέουσιν,

151 1822 222 1889 δοῦν
258 1840 321 1887 nen
344 1822 428 1899 δέον,
461 1826 543 1891 δοῦσι
573 1825 757 1891 nonatum
782 1833 844 1891 eet.
868 1823 970 1901 έδουν,
1001 1824 1170 1903 κοιτέδουν,
1204 1827 1343 1892 συνέδουν

152 1946 218 1993 non
238 1926 319 1995 ἔδεον
349 1937 412 1994 eet.
436 1942 469 1995 et
492 1932 626 2009 δσύμοιι,
660 1931 852 2008 ύτοδούμοιι,
884 1929 1047 2010 διοιδοῦμοιι
1077 1941 1249 2017 ceteraque
1276 1952 1343 1997 eur·

153 2032 220 2099 uia.
266 2031 479 2101 lieddidinrus
503 2038 617 2103 ύτσδῶν
649 2035 774 2101 Platoni
799 2038 830 2101 in
862 2035 1037 2119 Protagora
1071 2056 1102 2123 p.
1123 2040 1185 2102 521
1212 2041 1249 2103 Α.
1286 2057 1343 2124 pro

152 2138 212 2203 ύτδ
244 2140 359 2216 ποδῶν,
392 2151 615 2228 comparantes
645 2144 764 2209 οἱνοιδῶν
800 2144 832 2206 in
868 2140 1031 2227 hristoplr.
1068 2140 1162 2207 Pluto
1192 2162 1239 2209 vs.
1264 2148 1342 2210 1189.

151 2244 338 2319 Συνδούντος
362 2254 411 2311 est
434 2246 519 2332 apud
543 2247 757 2334 Antiphanem
784 2248 899 2313 Athen.
924 2266 955 2332 p.
982 2251 1048 2313 700
1070 2246 1104 2313 (i.

789 2359 848 2417 τῶν
873 2353 899 2417 δ’
922 2353 1068 2418 decoctos

379 2458 555 2533 συνδοῦντες
576 2459 647 2539 epea
671 2460 741 2540 τρέον
764 2460 899 2541 λυχνείῳ
919 2459 1078 2541 χρύμεύιι.

147 2568 183 2627 et
201 2562 322 2628 similia
342 2563 510 2650 complura
531 2566 616 2629 inter
636 2562 806 2649 legendum
827 2572 1010 2629 occurrent.
1059 2562 1120 2629 Sed
1145 2583 1239 2651 saepe
1260 2568 1338 2632 seri·

146 2664 207 2731 hee
230 2677 415 2733 contractas
441 2668 561 2735 formas
585 2669 785 2735 resolverunt
806 2679 839 2736 et
862 2667 903 2735 ad
925 2668 1108 2755 aequalium
1133 2673 1338 2738 consuetudi·

144 2780 222 2837 irem
243 2774 541 2840 accommodarunt.
590 2782 685 2841 Δοῦσι
706 2776 853 2841 Veterem
877 2775 1017 2840 Atticam
1040 2774 1176 2841 termam
1200 2777 1232 2841 in
1258 2779 1337 2844 δέου-

143 2898 179 2943 σι
201 2884 372 2945 mutarnnt
401 2880 487 2966 apud
512 2880 758 2947 Demosthenem
792 2882 825 2946 in
858 2879 947 2946 Orat.
968 2879 1019 2945 hl.
1046 2887 1098 2944 11.
1129 2884 1190 2947 τῶν
1220 2888 1336 2950 νοστῶν

144 2982 220 3057 τοὺς
242 2984 506 3063 ἀπολειπομένους
539 2987 673 3054 δέουσι
707 2986 760 3053 κού
792 2985 990 3068 κολύζουσινε
1025 2993 1075 3052 est
1105 2996 1215 3053 atatem
1239 2989 1336 3055 δέουσι

145 3106 213 3155 neu
233 3090 342 3155 minus
364 3091 516 3156 vitiosum
540 3111 637 3177 quani
661 3094 801 3169 δέοντιιι,
834 3092 1023 3167 διοιδέοντοιι,
1054 3092 1254 3171 ύττοδέοντοιι,
1279 3116 1337 3182 pro

143 3192 292 3271 δοῦντιιι,
314 3196 506 3273 διοιδοῦντιοι,
531 3198 731 3268 ύτιοδούντοιι,
756 3198 865 3281 itaque
887 3196 1085 3262 confidenter
1106 3197 1190 3265 δοῦσι
1211 3220 1334 3268 rereea.

142 3296 300 3365 Animum
325 3299 444 3367 addent
467 3302 627 3368 dubitanti
653 3304 768 3369 diceris
794 3323 821 3387 p.
850 3306 924 3367 150.
972 3308 1139 3370 Aedem:
1172 3312 1334 3382 Ἀττικῶς.

141 3404 436 3485 δετμεύουσινε
471 3407 658 3483 Ἑλληνικῶς
690 3418 723 3475 et
747 3408 947 3496 Hesychius:
984 3416 1099 3475 Δοῦσιε
1136 3413 1331 3491 δεσμούουσι.

141 3506 255 3577 Etiam
277 3512 413 3599 simplex
442 3513 498 3579 δῶν
531 3516 564 3578 in
594 3514 700 3580 lucem
731 3516 896 3600 vitamque
920 3514 1135 3580 revocandum
1167 3528 1216 3584 est
1249 3522 1333 3607 apud

141 3612 393 3683 Barnosthenem
426 3618 459 3683 in
495 3616 583 3685 llrat.
607 3619 707 3687 Xllll.
743 3623 797 3686 68.
833 3622 908 3699 ὁμοῦ
940 3622 1119 3700 μετοίκους,
1156 3626 1333 3701 Ἀύκνοιίους

141 3718 265 3797 δέον,
301 3724 460 3802 dudeco,
497 3727 562 3789 imo
598 3745 672 3791 vero
707 3727 784 3802 δῶν,
821 3725 1093 3812 qrrennadmodum
1132 3729 1243 3794 δοῦοκν
1275 3752 1334 3818 pro

140 3824 355 3907 δετμεύουσοιν
390 3850 408 3895 e
441 3831 602 3897 llinarcho
637 3832 730 3897 all'ert
761 3831 873 3898 Pollux
902 3832 985 3898 Vlll.
1021 3838 1073 3897 71³..
1108 3843 1140 3899 et
1174 3835 1242 3899 δοῦν
1278 3855 1335 3921 pre

139 3930 292 4011 δοσμοῦσν
316 3935 348 3998 in
366 3936 495 4024 Cratylo
520 3937 639 4021 legitur
663 3956 695 4023 p.
715 3942 780 4003 419
806 3940 842 4003 h.
869 3942 929 4004 har
959 3940 993 4005 G.
1041 3938 1124 4003 illud
1147 3940 1250 4025 ipsum
1276 3942 1333 4006 δῶν

139 4045 234 4103 certa
256 4042 450 4107 auctoritate
474 4042 586 4108 luleiet
609 4042 808 4130 Hesychius:

459 4155 562 4215 Δῶνε
586 4147 753 4227 δεσμεύων.

460 4257 642 4333 Δύομενε
665 4254 840 4334 ύιιοδῶμευ.

140 4350 192 4419 Ex
214 4352 265 4423 lris
290 4358 391 4443 igitur
415 4360 492 4445 quid
519 4362 561 4428 sit
586 4360 794 4444 statuendum
822 4361 861 4429 de
882 4366 1018 4430 earetcris
1042 4361 1153 4427 iornris
1176 4382 1237 4428 nen
1256 4385 1330 4431 eou-
