2940 5010
702 268 767 333 tuo

145 444 356 513 ostendimus.
403 440 549 509 Sciebant
582 441 659 507 oiim
683 445 715 507 in
741 442 818 509 llore
839 462 877 509 ac
899 440 1015 511 robore
1045 446 1167 513 aetatis
1187 454 1317 515 natam

144 552 286 639 virgines
308 557 341 616 ct
360 546 522 614 laboribus
545 545 713 613 induratas
732 549 765 613 in
789 548 1034 617 matrimonium
1060 570 1198 638 rapere,
1219 560 1251 620 et
1270 572 1318 641 pn-

144 657 257 724 denter
282 654 433 720 furtivam
458 653 615 720 Venerem
640 656 738 720 etiam
763 673 837 719 cum
865 672 963 721 uxore
984 674 1162 733 exercere.
1193 667 1320 745 atquae

143 764 205 830 alia
229 757 450 827 buinscemotli
474 777 512 823 ea
533 767 655 825 remota
679 762 873 847 antiquitate
895 758 1045 828 lubenter
1056 760 1212 849 Spartani
1221 760 1321 851 bospi-

142 869 229 933 tibus
253 868 322 932 suis
345 862 530 929 narrabant.
579 863 639 930 Seri
665 864 743 930 iaaac
766 866 841 930 olim
868 864 976 934 lucre:
1010 868 1085 933 vivo
1116 866 1320 955 Xenophonte

140 976 174 1041 ci
198 974 376 1053 inlaanpn,
400 989 499 1055 quum
521 969 791 1055 locupletissimae
812 982 945 1049 essent.
960 992 1057 1060 saepe
1077 974 1179 1039 etiam
1200 972 1321 1041 senibus

140 1081 174 1146 in
199 1076 441 1144 matrimonium
474 1073 653 1151 dabantur,
683 1082 757 1141 eta
789 1075 868 1141 viris
896 1075 1072 1163 diiigenter
1094 1078 1319 1157 seraabmtur,

142 1182 197 1251 scd
220 1182 364 1257 bostra,
387 1180 427 1245 ob
452 1181 611 1264 insignem
637 1178 865 1268 plerarumque
888 1183 1068 1268 nequitiam
1095 1190 1130 1251 ot
1159 1182 1321 1271 impudici·

139 1293 231 1355 tiam.
278 1284 361 1368 Quid
386 1284 585 1371 Xenophon?
623 1285 794 1353 Veteribus
817 1307 898 1353 nona
920 1287 1081 1355 admiscet
1100 1296 1135 1354 et
1155 1306 1196 1357 aa
1219 1298 1321 1357 nanu

140 1395 173 1459 in
198 1390 316 1480 quibus
340 1388 470 1456 tlillicile
491 1400 539 1455 est
562 1392 665 1457 risum
692 1398 810 1458 tenere.
858 1392 964 1459 burae
994 1391 1084 1479 leges
1107 1400 1190 1459 sunt
1221 1392 1322 1463 adnm

139 1519 194 1565 sus
215 1494 353 1562 caelibes
376 1493 479 1574 latae,
502 1504 535 1560 et
559 1516 678 1582 poenae
697 1516 811 1583 graves
833 1506 911 1564 sunt
930 1506 964 1563 et
984 1498 1207 1567 contumeliae
1228 1502 1319 1569 etin

139 1603 314 1692 graviores.
361 1600 446 1666 Haec
470 1602 601 1687 antiqua
625 1612 712 1668 sunt.
762 1600 850 1667 -Non
868 1602 972 1687 placet
996 1624 1130 1671 onorem
1153 1606 1323 1681 doceat·

139 1732 175 1776 re
195 1709 310 1775 onorio
332 1706 477 1771 obhorret
497 1707 646 1773 caimos:
670 1727 785 1793 quom
807 1707 865 1772 tibi
896 1708 1010 1774 liberos
1030 1730 1071 1775 ec
1095 1709 1204 1777 oliano
1234 1730 1324 1779 unere

139 1820 278 1903 formoso
303 1822 333 1878 ei
365 1812 521 1899 foecundo
543 1814 633 1879 πιθὼν
657 1815 709 1878 τὸν
734 1812 886 1895 ἔχοντα.”
931 1813 1002 1880 Non
1032 1822 1112 1881 suni
1143 1814 1227 1883 haec
1250 1818 1323 1883 auli·

141 1941 204 2009 qua
230 1940 288 1986 nec
315 1915 507 2007 Lycurgea:
533 1938 594 1983 tion
619 1927 668 1984 est
695 1917 840 1984 eiusdem
874 1917 928 1984 illa
953 1917 1067 1987 iubere
1090 1929 1124 1987 et
1150 1920 1233 1989 baec
1260 1942 1325 1991 σοι·
1366 1996 1368 2017 Ι

140 2026 263 2094 cadere.
312 2025 446 2109 Impune
471 2024 573 2109 igitur
595 2024 682 2109 legas
712 2024 810 2089 nimis
833 2023 933 2090 tlurae
956 2025 1093 2091 mutatis
1115 2026 1266 2093 moribus
1289 2024 1324 2094 ab

140 2130 290 2199 omnibus
314 2127 570 2214 negligebantur.
620 2128 754 2195 Uxorem
788 2128 907 2195 (lucore
938 2128 1087 2197 noluerat
1119 2132 1324 2222 Dercylidaa:

141 2235 369 2324 exprobratum
393 2236 421 2300 ei
442 2242 490 2299 ost
516 2233 612 2321 (Plut.
641 2234 716 2321 Lyc.
742 2233 812 2321 lb):
839 2233 919 2300 solet
943 2235 987 2300 ita
1010 2235 1104 2315 lieri,
1133 2238 1324 2324 Epaminon·

141 2343 200 2409 dac
223 2340 447 2426 exptrnbratum
480 2338 564 2403 illem
594 2346 643 2404 est
676 2339 851 2424 multisque
873 2339 965 2417 aliis,
1001 2340 1057 2406 scd
1083 2341 1167 2408 nibil
1189 2342 1231 2409 ob
1260 2362 1324 2411 ean

141 2468 210 2515 rem
236 2447 344 2511 donnini
380 2446 464 2530 cepit
496 2452 553 2509 aut
579 2442 745 2509 dedecoris
780 2443 989 2532 Dercylidas‚
1026 2466 1122 2533 quem
1154 2448 1326 2536 Xenopbon

142 2552 239 2641 probe
261 2550 371 2627 novit,
396 2558 431 2614 ut
454 2550 576 2635 opinor.
626 2550 810 2615 Priscarum
833 2549 940 2635 legum
959 2548 1114 2618 duritiem
1135 2551 1224 2620 ierre
1247 2556 1326 2621 cirea

142 2679 205 2727 non
231 2662 393 2743 poterant:
432 2656 540 2740 itaque
570 2655 614 2732 μὴ
648 2654 808 2733 δυνάμενοι
841 2664 998 2737 καρτερεῖν
1025 2657 1126 2741 λάθρα
1156 2660 1212 2725 τὸν
1245 2660 1327 2739 νόμον

141 2759 416 2842 ἀποδιδράσκοντες
449 2760 607 2826 ιὶπέλαυον
639 2767 697 2824 τῶν
725 2768 908 2838 σωματικῶν
935 2765 1063 2839 ἡδονῶν,
1094 2772 1180 2831 leste
1210 2766 1327 2831 Ariait-

142 2868 204 2937 tele
229 2867 319 2934 Polit.
343 2866 381 2931 ll.
408 2871 438 2931 6.
469 2872 501 2930 et
523 2874 637 2930 natura
660 2864 826 2931 incarainunn
848 2875 879 2932 et
905 2886 966 2932 usu
988 2868 1216 2938 confirmante.
1265 2872 1326 2937 lam

143 2973 286 3041 vidimus
308 2969 353 3038 ὅτι
377 2974 437 3037 τῶν
460 2978 613 3050 γυναικῶν
635 2970 872 3047 brabanciam
896 2974 1000 3053 χώρας
1026 2980 1086 3039 τῶν
1110 2976 1208 3043 πέντε
1235 2982 1327 3058 parant

142 3082 185 3148 πιὶ
208 3079 270 3147 δύο.
318 3077 504 3144 Aristoteles
528 3074 638 3141 etalem
665 3076 733 3141 loco
764 3076 829 3141 Pol.
850 3077 891 3142 ll.
916 3081 947 3142 6.
980 3077 1060 3145 haec
1083 3078 1197 3147 adtlit:
1230 3080 1326 3147 υῦκδλ

144 3186 224 3264 ἔξεο-ι
250 3184 353 3250 δοῦναί
382 3207 417 3247 τε
447 3184 503 3257 τὴν
539 3181 700 3260 ἐπίκληρον
729 3177 785 3263 ὅτῳ
816 3180 857 3247 ἂν
890 3183 1068 3262 βούληται·
1103 3184 1166 3251 κᾶν
1196 3184 1329 3269 οὶποδιέκρ

143 3294 188 3373 μὴ
211 3291 385 3368 διαθέμενος
407 3286 438 3353 ὃν
457 3288 496 3353 διν
520 3288 684 3369 καταλίπῃ
707 3289 887 3369 κληρονόμον
911 3287 997 3362 οὗτος
1019 3285 1040 3371 ᾧ
1064 3288 1103 3355 ἂν
1122 3291 1197 3373 lina
1220 3294 1328 3359 δίδωσι.

144 3399 177 3465 Si
202 3415 266 3483 qua
289 3403 373 3461 esset
397 3394 616 3458 controversia
649 3393 751 3477 Reges
780 3396 842 3479 ipsi
875 3393 1085 3472 iudicabant,
1119 3404 1206 3463 teste
1236 3396 1328 3463 liero-

144 3503 218 3569 doio
241 3501 294 3566 Vl.
321 3504 386 3574 57,
410 3517 427 3563 a
452 3517 514 3582 quo
541 3496 643 3582 Reges
664 3497 820 3563 dicuntur
840 3499 974 3581 δικάζειν
997 3502 1235 3585 πατρούχου
1258 3526 1328 3584 παρ·

144 3609 225 3675 iinon
252 3607 342 3687 πέρι,
368 3606 398 3677 ἐς
430 3605 482 3668 τὸν
507 3603 641 3669 ἱκνέεται
670 3604 775 3685 ἔχειν,
799 3608 834 3679 ἢν
858 3608 962 3686 μήπερ
987 3607 1001 3670 ὃ
1026 3609 1131 3686 πατὴρ
1152 3610 1255 3684 αὐτὴν
1280 3610 1329 3687 ἐν·

141 3717 265 3796 γυήσρ,
300 3710 353 3776 ubi
378 3728 429 3773 me
460 3707 601 3774 nondum
625 3709 766 3793 poenitet
791 3729 848 3794 pro
872 3712 1074 3791 πατρούχου,
1108 3712 1195 3797 quod
1217 3712 1328 3779 absur-

142 3820 220 3885 tlum
244 3824 315 3893 est,
339 3814 521 3900 reposuisse
545 3815 735 3895 παμούχου,
760 3813 791 3878 itl
818 3824 868 3882 esi
890 3818 1065 3896 ἐπικλήρου.
1113 3816 1242 3897 Quibus
1264 3838 1328 3885 mtt-

143 3924 234 3990 ribus
263 3931 414 4008 putemus
446 3919 545 3984 luisse
582 3920 660 3984 istas
692 3918 818 3985 dotatas
848 3929 881 3987 et
916 3922 1110 4009 impotentes
1142 3922 1329 3991 Lacaenas!

140 4027 321 4116 Respondet
346 4023 555 4093 Aristoteles:
580 4023 667 4104 ζῶσιν
691 4025 855 4100 οὶκολοὶςως
888 4027 960 4107 πρὸς
987 4024 1120 4095 ἅπασαν
1152 4030 1328 4095 ἀκολασίαν

139 4137 191 4203 καὶ
215 4138 391 4217 τρυφερῶς,
422 4136 549 4216 etpost
575 4149 697 4215 pauca:
733 4131 785 4197 καὶ
811 4132 884 4213 πρὸς
912 4133 964 4198 τὸν
995 4133 1133 4213 πόλεμον
1162 4134 1328 4215 βλαβεροί-

137 4265 233 4306 παπαι
265 4242 299 4306 αἱ
313 4246 381 4320 ,τῶν
408 4238 560 4305 Λακώνων
589 4244 736 4315 μυναῖκες
761 4235 849 4314 ἦσαν.
875 4239 1032 4314 ἐδήλωσαν
1053 4240 1086 4305 δὲ
1109 4238 1161 4305 ἐπὶ
1186 4247 1245 4315 τῆς
1271 4244 1328 4305 τῶν

137 4348 283 4425 Θηβαίων
306 4346 457 4423 ἐμβολῆς.
483 4344 629 4425 χρήσιμοι
665 4343 807 4423 μὲνγὰρ
831 4342 1035 4421 οὐδὲνῆσαν,
1067 4343 1168 4425 ὥσπερ
1201 4346 1234 4412 ἐκ
1257 4352 1328 4417 ταῖς
