2940 5010
709 328 774 393 7911

143 506 211 574 scio
245 505 318 592 quis
350 501 404 569 ubi
438 500 476 568 θι
509 500 592 568 maio
623 499 734 567 abesse
764 502 865 568 sensit
888 500 992 569 clinno
1014 505 1084 573 ioco
1106 508 1253 578 inseruit.

189 610 334 696 Repetiia
360 627 423 675 una
448 606 590 673 litterula
613 625 687 671 cuin
720 624 837 692 magno
857 610 1033 677 sentcntiae
1061 612 1178 680 damno
1202 636 1221 682 a
1241 619 1322 683 scci-

141 713 194 782 bio
215 715 333 780 omisso
356 721 405 780 est
427 711 467 780 ΙΙ.
493 715 532 777 2:
564 711 698 784 ὑπὸτῆς
729 710 846 785 πόλεως
872 711 1043 796 θπθρχσυσι
1069 719 1239 802 διῃρημένοι
1262 731 1327 807 φρ.

140 820 208 886 λιιθ.
255 818 375 906 Nempe
397 826 469 905 post
498 825 782 882 ΔΙΗΙΡΗΜΕΝΛΙ
815 816 952 884 alierum
983 820 1145 889 ilibrurii
1179 826 1322 913 neglexe-

140 933 240 1001 runt,
274 923 359 1011 quod
389 931 425 988 tn
459 942 571 989 revoca
603 929 634 988 et
667 922 713 988 sic
748 922 836 1009 loge:
872 924 1044 1010 διρρνμέιιιι
1078 929 1175 995 δὲκιι
1205 935 1320 1015 φιλοῖ.

142 1029 210 1097 iani
233 1032 266 1095 in
289 1028 523 1116 antiquissimis
544 1026 712 1094 Codicihus
738 1028 917 1095 numeralia
940 1032 1024 1097 nolis
1043 1033 1140 1101 scribi
1160 1034 1324 1116 sciebant,

142 1135 348 1222 uniloquam
370 1133 464 1199 mulii
487 1152 612 1200 errores
635 1135 775 1218 suscepti
796 1134 914 1201 sinici
938 1137 999 1223 ipsi
1022 1140 1150 1225 saepius
1179 1140 1250 1206 aliis
1280 1141 1324 1207 lo·

141 1241 192 1307 cis
224 1239 526 1307 domonstravimus.
574 1237 670 1305 Plane
700 1236 785 1304 idem
811 1257 902 1305 error
934 1244 1125 1309 commissus
1152 1254 1201 1311 est
1237 1247 1322 1333 apud

142 1345 331 1435 Dionysium
357 1343 457 1409 Halic.
480 1343 564 1409 Vlii.
591 1349 643 1409 75.
668 1362 739 1429 pag.
766 1346 862 1409 1685.
895 1344 1003 1411 Reisk.
1025 1349 1244 1428 συνεβούλευεν
1268 1349 1326 1416 cin·

141 1450 215 1533 δρσις
247 1451 282 1515 ἑκ
311 1455 370 1515 τῶν
402 1449 608 1528 ἐντιμοτάτων
631 1450 807 1528 βουλευτῶν
836 1449 979 1528 ἑλέσθοιι,
1011 1450 1116 1529 οἵτινες
1140 1454 1323 1530 ἐπελθόντες

141 1557 198 1631 τὴν
217 1554 366 1636 δημοσθσιν
397 1563 457 1633 γῆν
485 1559 671 1639 ἀφοριοῦσιν.
719 1552 755 1619 {n
780 1561 907 1621 vetusio
937 1555 1018 1623 libro
1049 1579 1110 1625 noo
1130 1569 1323 1628 ΕΛΕΣΘΑΙ

141 1668 301 1755 soripium
324 1673 394 1733 erui
428 1664 482 1730 sed
512 1649 739 1745 Enozonn',
764 1664 796 1730 id
825 1673 893 1732 est:
917 1665 1039 1733 θλέσθοιι
1066 1668 1183 1748 δθκοο,
1215 1669 1323 1748 οἵτινες

140 1774 206 1842 οιτέ.
254 1770 341 1839 (loni.
367 1792 437 1859 pag.
463 1773 566 1848 1691,
594 1773 701 1848 1691,
729 1775 814 1838 1706
837 1779 870 1836 et
897 1776 992 1838 1740.

188 1877 437 1964 Transponcnda
460 1875 523 1941 duo
547 1874 700 1941 vocabula
723 1885 800 1942 suni
821 1875 861 1941 11.
885 1880 923 1943 6:
954 1875 1066 1944 οῖοντιιι
1090 1880 1209 1954 {coron
1231 1904 1322 1962 προσ·

141 1984 224 2060 θκειν
258 2007 295 2048 τι
329 1983 453 2048 κοιλθν
475 1989 593 2059 ποιεῖν,
618 2000 692 2047 nam
713 1981 870 2048 Graecum
892 1989 940 2047 esi
958 1982 1055 2050 κσλθυ
1073 2009 1104 2050 τι
1125 1996 1231 2053 ποιεῖν.
1257 1986 1323 2055 vio.

141 2088 184 2160 ll.
210 2092 241 2156 2.
272 2088 355 2154 Vlil.
382 2093 434 2154 77.
466 2095 498 2154 et
522 2087 655 2174 possim.
701 2087 829 2154 Dicitur
849 2087 878 2152 ci
899 2111 929 2153 τι
953 2087 1070 2167 κσιλθυ,
1100 2088 1174 2156 θτοιυ
1200 2116 1231 2157 τι
1264 2117 1321 2158 κοι-
1385 2135 1388 2139 ‹

140 2193 195 2263 λθν
218 2201 251 2260 ei
274 2194 346 2259 sim.
370 2192 427 2260 sed
460 2194 601 2274 προσήκει
625 2216 655 2257 τι
678 2194 775 2258 κοιλθν
803 2199 899 2257 ποιεῖν
922 2211 1016 2260 nemo
1048 2195 1081 2260 in
1107 2197 1251 2262 oratione
1274 2218 1323 2263 so·

140 2298 211 2367 luia
231 2299 329 2386 ponit.
379 2296 598 2385 supplendum
621 2304 671 2363 est
694 2296 775 2362 Viil.
800 2301 842 2363 9:
866 2299 988 2376 μήποτε
1009 2336 1054 2354 ·-
1075 2297 1180 2374 ἵπποις
1203 2303 1322 2383 δθσβιι·

139 2428 193 2472 τον
219 2403 417 2483 ποιούμενον,
448 2403 513 2468 imo
545 2421 617 2468 vero
648 2400 803 2481 δθσβνιτθν
826 2426 885 2477 τι,
916 2402 1001 2488 quod
1030 2424 1167 2492 sequens
1201 2418 1229 2472 Π
1266 2407 1322 2474 ab·

140 2509 271 2578 socbsit.

149 2652 154 2659 ·
185 2612 322 2682 Confusa
345 2621 422 2680 suni
450 2624 463 2678 Ι
488 2622 519 2680 et
542 2624 573 2679 T
598 2615 629 2679 in
655 2613 694 2679 ΙΙ.
724 2618 762 2679 8:
786 2613 948 2695 μθχεσθσιι
971 2619 1095 2694 μᾶλλον
1117 2617 1267 2684 ἐθθλσυσιν
1294 2622 1320 2686 οῖ

140 2722 249 2806 πρῶτοι
273 2759 318 2770 -
340 2713 372 2786 οἳ
395 2719 441 2786 ῶν
464 2722 578 2786 εἰδῶσιν
602 2717 647 2786 θσι
672 2717 751 2795 οθτν
775 2723 792 2796 ἡ
820 2721 908 2802 χῶροι
932 2725 1043 2788 οὐσῶν.
1090 2723 1250 2789 Viiiosum
1274 2733 1323 2790 osi

139 2822 167 2895 οῖ
190 2824 248 2892 θοι
274 2826 381 2892 nulius
405 2835 454 2892 est
481 2827 646 2912 partitioni
671 2825 835 2904 incuset,
861 2827 889 2891 si
914 2825 1043 2905 inisset,
1062 2835 1134 2894 τῶν
1164 2830 1322 2911 πρῶτον

139 2924 167 2999 οῖ
188 2930 228 2998 θν
251 2931 408 3017 scriptum
433 2931 607 3017 oportebat.
656 2930 817 2996 Correciio
842 2933 875 2996 in
899 2941 1027 3018 promtu
1051 2943 1120 2999 esi:
1153 2932 1248 2999 θτιιν
1283 2937 1323 3000 εἱ·

138 3038 227 3105 δῶσιν
250 3038 314 3103 κτὲ.

196 3141 310 3208 Nescio
345 3161 407 3226 qno
437 3149 530 3227 pacto
565 3139 753 3207 vocabulum
787 3160 805 3206 e
837 3139 928 3206 libris
961 3140 1105 3228 clapsum
1138 3151 1187 3208 est
1209 3142 1263 3208 ΙΙΙ.
1289 3149 1321 3210 4.

141 3246 226 3336 quod
250 3243 426 3312 desiderari
447 3247 606 3312 sententia
629 3245 690 3311 loci
711 3244 865 3311 ostendet.
914 3245 1049 3313 nonius:
1074 3248 1126 3312 κιι1
1148 3245 1241 3321 οὕτως
1263 3246 1322 3315 θσο

140 3353 205 3425 ἕσιν
231 3354 262 3418 ἐν
292 3350 376 3434 ἵππῳ
410 3352 642 3434 θυσιβεβοριένῳ
677 3350 783 3416 πθντσι
816 3352 1052 3431 ἑπιδεδειγριθυο
1076 3352 1143 3422 isne
1173 3354 1226 3419 κοιὶ
1258 3364 1321 3431 τοῖς

139 3460 216 3532 θεοῖς
237 3458 289 3524 nai
310 3466 373 3530 τοῖς
397 3459 567 3539 θνθρθπσις.
616 3456 834 3543 supplendum
858 3457 937 3522 mihi
964 3460 1145 3524 necessario
1175 3459 1322 3528 videtur:

138 3562 198 3631 θσιι
221 3564 283 3634 θςιν
307 3564 337 3628 ἒν
360 3559 444 3646 ἵππῳ
467 3563 698 3645 θνοιβεβοιριὲνιρ
724 3561 837 3651 (ncnc)
861 3563 968 3629 πῶυσσι
992 3565 1227 3643 ἐπιδεδεινμὲνσι
1251 3566 1319 3636 ἕςσιι

139 3672 205 3738 cci.
254 3669 409 3755 Compara
432 3667 537 3733 locum
568 3666 606 3733 dc
628 3667 673 3733 [1ο
703 3669 761 3754 Eq.
783 3668 836 3734 XI.
862 3673 900 3735 δε
934 3666 1014 3742 θπιις
1040 3670 1083 3735 τθι
1109 3671 1248 3739 κθλλιςιι
1271 3670 1322 3740 ic·-

140 3800 200 3843 που
223 3776 295 3841 ἑκών
327 3799 363 3840 τε
387 3783 457 3856 ποιῇ
482 3772 533 3838 κοῶ
564 3773 634 3855 δοκῇ
666 3782 730 3847 τοῖς
764 3775 885 3855 θρῶσιν,
908 3783 940 3840 oi
965 3777 982 3858 §
1007 3779 1044 3840 6:
1076 3777 1165 3841 θλλθι
1188 3778 1236 3841 δεῖ
1258 3777 1322 3865 (τὸν

139 3879 246 3970 ἵππον)
270 3882 333 3946 cini
356 3881 487 3958 σημείων
521 3878 630 3944 ἑκθντοι
659 3878 766 3945 πῶντσι
797 3880 840 3944 τῶ
867 3878 1008 3949 κοθλλιςυ
1031 3880 1082 3944 κισ)
1107 3883 1322 3963 λοιμτρθσσιτσι

137 3987 374 4055 ἕπιδεθκνυσθοιι.

195 4092 341 4178 Agnosco
373 4089 544 4156 Graeculos
579 4109 666 4155 meos
700 4091 865 4176 antiquam
897 4089 1024 4155 dicendi
1056 4090 1321 4158 consociudinenn

142 4196 372 4283 inierpolanies
392 4194 447 4261 lli.
475 4199 536 4260 12:
567 4197 603 4261 τθ
627 4195 705 4262 σθπὸ
728 4195 910 4274 σθλπινγσσ
932 4196 1042 4260 θῶττον
1066 4196 1247 4263 ἐπελσθυειν
1267 4222 1322 4263 κσ-

141 4302 217 4378 λθν,
249 4310 281 4367 et
309 4321 401 4366 mox:
436 4303 472 4368 τὸ
499 4302 598 4384 τρίτου
628 4298 668 4366 σιῶ
701 4302 774 4367 οὶπὸ
804 4310 860 4378 τῆς
891 4298 1073 4378 σθλτιγνσς
1105 4304 1166 4384 χρὴ
1197 4302 1324 4386 τιθχιεσε

141 4409 291 4487 ῶλλνὶλσις
316 4407 506 4476 ἕπελσιθνειυ.
556 4406 684 4475 Scilioei
711 4408 782 4474 ὑπὸ
807 4405 989 4485 σσθλπιννυς
1013 4415 1044 4474 ei
1068 4408 1140 4475 ὑπὸ
1165 4416 1221 4486 τῆς
1244 4408 1324 4476 σθλ·
