2940 5010
711 267 776 332 tls

149 443 194 511 ris
217 441 341 509 scribae
365 440 457 527 peius
479 440 617 525 grassati
652 448 729 506 suut
753 458 850 527 quam
875 438 909 505 in
939 438 1098 514 Hierone,
1130 439 1190 526 qni
1215 440 1326 528 passim

149 547 298 635 pessimis
321 545 476 633 exemplis
495 553 669 632 corruptus
690 554 724 612 et
748 542 961 633 interpolatus
994 544 1026 610 in
1058 542 1233 611 codicibus
1261 565 1329 633 per·

148 653 257 738 exigui
290 652 385 738 pretii
417 650 657 717 circumfertur.
706 650 791 717 uteri
823 656 928 737 potest
960 659 997 716 ut
1030 648 1205 736 aliquando
1226 649 1328 717 melio·

147 777 200 824 res
222 755 296 823 iibri
320 758 353 822 in
377 754 470 822 ltalia
493 753 599 823 adhuc
622 755 759 823 latentes
790 756 998 823 excutiantur
1018 763 1051 822 et
1079 754 1128 821 sic
1148 773 1227 842 pars
1248 774 1328 823 meo·

147 860 262 927 dorum
287 861 427 928 tollatur.
475 859 567 926 Nunc
589 880 686 948 quam
717 860 924 928 vehementer
953 866 1106 948 corrupta
1137 861 1206 927 sint
1228 858 1329 948 plera·

147 987 210 1054 quc
233 975 266 1032 et
297 967 381 1032 inter
404 965 574 1053 legendum
599 964 685 1033 iaeili
710 967 837 1053 negotio
866 966 1088 1052 cognoscitur,
1119 964 1149 1031 si
1171 965 1249 1052 quis
1273 964 1329 1033 hoc

146 1073 215 1158 agit
238 1080 271 1138 et
293 1090 390 1157 quam
416 1073 476 1137 ista
500 1079 532 1136 et
555 1070 596 1137 ab
623 1072 731 1139 Attico
754 1072 859 1139 nitore
888 1079 920 1138 et
944 1091 963 1138 a
988 1069 1222 1159 Xenophontea
1254 1071 1330 1138 scri·

148 1175 243 1244 beudi
265 1184 435 1242 venustate
458 1175 651 1243 abhorreant
674 1176 829 1245 diuturna
850 1177 1032 1243 Atticorum
1054 1184 1087 1242 et
1110 1173 1329 1264 Xenophontio

147 1282 284 1349 lectione
317 1289 350 1347 et
385 1280 592 1348 meditatione
626 1301 800 1368 agnoscere
836 1292 869 1348 et
903 1283 1024 1349 sentire
1058 1280 1184 1348 didicit.
1242 1279 1328 1347 ldem

147 1384 381 1454 animadvertet
406 1385 521 1451 bonam
546 1394 670 1473 partem
706 1386 932 1454 mendosorum
967 1387 1143 1454 lectionum
1178 1387 1228 1453 aio
1262 1404 1329 1453 esce

147 1499 388 1579 comparatam,
419 1498 457 1555 ιιι
480 1488 673 1559 criticorum
697 1495 847 1560 acumine
868 1502 902 1560 et
923 1492 1065 1560 sollertia
1098 1493 1134 1558 in
1164 1492 1329 1579 integrum

146 1598 275 1664 restitui
300 1605 457 1683 nequeat:
481 1616 545 1662 uon
568 1599 654 1664 enim
677 1599 828 1674 ἐπιπολῆς
855 1606 986 1666 suntet
1011 1598 1132 1666 leviora
1155 1596 1328 1664 vulneras

148 1703 329 1771 scribarum
352 1703 546 1779 oscitantia,
571 1711 605 1768 ιιι
635 1701 701 1769 lere
725 1704 780 1784 lit,
804 1704 970 1791 prolecta,
994 1702 1049 1770 sed
1074 1701 1198 1769 ὕπουλον
1220 1701 1329 1769 sciolo·

148 1829 221 1875 rum
251 1809 433 1876 temeritate
463 1816 496 1873 et
532 1826 628 1893 prava
660 1818 879 1876 correctorum
912 1808 1083 1875 sedulitate
1115 1808 1247 1894 penitus
1283 1809 1329 1874 in·

147 1914 246 1982 llieta.
292 1911 529 1987 interciderunt
553 1911 688 1980 subinde
712 1913 898 2001 complura,
927 1913 991 1980 alia
1019 1932 1187 2000 perperam
1213 1913 1330 1981 adhae-

147 2029 282 2100 serunt,
317 2027 457 2105 suntque
482 2017 583 2083 multa
609 2017 725 2084 menda
748 2017 933 2085 huiusmodi
960 2027 996 2085 ut
1026 2016 1172 2085 fraudem
1200 2018 1330 2087 subesse

146 2128 353 2214 perspicuum
375 2125 439 2204 sit,
463 2122 519 2190 sed
543 2143 626 2209 quae
650 2124 692 2188 sit
724 2126 864 2210 genuina
888 2134 921 2192 et
939 2144 1016 2191 sana
1038 2124 1225 2217 scriptura,
1248 2144 1329 2212 quae

145 2233 215 2319 ipsa
236 2228 456 2317 Xenophontis
477 2248 592 2294 manus
616 2229 658 2294 sit
678 2231 777 2296 otiam
802 2230 918 2296 barum
938 2249 1049 2297 rerum
1074 2228 1327 2316 intelligentibus

147 2336 310 2404 evidenter
331 2334 543 2400 demonstrari
568 2354 630 2399 non
656 2336 765 2421 possit.
810 2335 928 2400 bonam
952 2344 1076 2422 partem
1100 2354 1138 2401 ex
1167 2354 1206 2402 eo
1224 2333 1328 2403 libello.

147 2440 303 2508 Stobaeus
327 2460 364 2506 ex
389 2439 490 2504 rrrulto
514 2439 699 2505 melioribus
717 2439 809 2506 libris
832 2438 1026 2527 descriptam
1055 2441 1089 2505 iu
1119 2439 1328 2527 Florilegium

144 2547 264 2632 recepit
286 2543 393 2612 xllx.
420 2547 565 2611 50-46.
599 2543 639 2610 ab
663 2547 756 2610 initio
779 2565 881 2632 usque
910 2543 951 2611 ad
987 2564 1056 2633 cap.
1079 2545 1132 2610 Vl.
1164 2548 1240 2632 §⁶-
1274 2542 1327 2612 sed

145 2651 257 2719 multis
288 2647 424 2716 subinde
449 2650 588 2715 omissis.
637 2651 805 2717 Praeterea
834 2652 866 2716 iu
898 2649 1008 2716 Florll.
1033 2650 1140 2717 llblll.
1168 2655 1245 2718 109.
1279 2670 1326 2717 re·

144 2760 231 2845 cepit
260 2775 330 2843 cap.
350 2753 407 2821 111.
433 2758 555 2820 1-10.
602 2754 785 2822 Athenaeus
816 2775 855 2822 ex
887 2755 1024 2822 Hierone
1053 2762 1120 2821 tres
1144 2754 1232 2821 locos
1262 2753 1326 2822 lou·

143 2864 250 2950 giores
272 2859 444 2946 descripsit
463 2858 518 2926 lll.
543 2881 573 2947 p.
590 2865 649 2927 ιιι
677 2862 724 2937 11,
747 2861 801 2928 tv.
828 2882 859 2948 p.
877 2866 939 2927 144
963 2860 996 2926 C.
1021 2869 1054 2926 et
1085 2860 1139 2927 lV.
1166 2881 1197 2948 p.
1213 2860 1324 2928 mru.

143 2968 311 3035 Caeterum
355 2963 468 3043 λέξεων
504 2967 781 3033 consarcinatores
816 2975 849 3032 et
889 2967 1059 3033 htticistae
1093 2986 1132 3033 ex
1167 2966 1325 3044 Hierone,

145 3073 230 3163 quod
254 3075 377 3149 sciam,
410 3090 506 3137 unam
540 3080 667 3139 tautum
691 3070 775 3149 λέξιν
801 3078 1012 3148 notaverunt,
1043 3070 1083 3138 de
1111 3089 1176 3158 qua
1211 3072 1325 3139 eximia

144 3188 193 3248 est
215 3179 380 3246 annotatio
403 3175 488 3263 apud
518 3176 651 3244 Suidam
675 3197 713 3244 ex
739 3178 846 3261 nescio
871 3197 933 3264 quo
960 3176 1144 3264 pererudito
1166 3195 1324 3264 gramma·

144 3287 208 3352 tico
241 3283 419 3368 descripta:
452 3284 678 3360 ’Λγλευιιὲς
712 3284 748 3350 τὸ
778 3283 868 3357 ἀηδὲς
891 3288 1038 3366 «Ξενοφῶν
1070 3282 1187 3364 εἴρηκεν
1223 3284 1255 3349 ἐν
1284 3282 1322 3365 aqi

144 3390 340 3469 Οἰκονομικῷ.
388 3395 485 3453 Δοκεῖ
515 3389 547 3454 δὲ
577 3386 693 3464 ξενικὸν
723 3390 759 3454 τὸ
789 3388 906 3467 daona,
931 3387 1102 3455 Σικελικόν.
1134 3389 1216 3455 πολὺ
1251 3392 1322 3467 γοῦν

142 3499 189 3566 ist
211 3494 308 3561 πάλιν
333 3491 416 3576 (dele
439 3491 549 3581 πάλιν)
572 3495 659 3576 rapa
682 3495 725 3576 τῷ
750 3495 888 3560 ‘Pladasa
935 3493 995 3559 Kal
1029 3493 1322 3577 οὶγλενιιέςερον

139 3601 210 3669 ἀντὶ
233 3604 286 3666 τοῦ
309 3597 469 3680 dodisma
492 3600 630 3680 Ξενοφῶν
650 3599 766 3680 Ἱέρωνι.
814 3597 987 3665 bonusest
1012 3597 1035 3663 l.
1060 3602 1122 3676 21,
1146 3598 1203 3665 uhi
1225 3601 1323 3678 ἄγιν·

141 3707 260 3788 ιιιςερον
280 3704 312 3770 in
326 3703 417 3770 libris
429 3712 496 3780 est,
516 3703 786 3790 quemadmodum
807 3704 839 3770 in
856 3703 992 3790 Longini
1005 3703 1176 3771 Rhetorica
1201 3725 1233 3792 p.
1248 3708 1321 3773 139.

142 3813 218 3880 Balt.
240 3812 273 3876 in
293 3809 413 3876 verbis:
437 3812 471 3876 od
494 3809 558 3892 γὰρ
581 3808 680 3890 ὅμοιον
696 3848 742 3860 -
760 3813 795 3877 τὸ
816 3811 907 3886 ἀηδὲς
928 3811 1138 3889 siracusis
1161 3811 1262 3878 εἰπεῖν
1279 3848 1314 3861 ·-

141 3921 193 3986 κοιι
218 3919 253 3984 τὸ
274 3916 370 3983 καλὸν
400 3916 675 3997 περικαλλές,
708 3916 854 3983 nonnulli
886 3917 961 3983 libri
990 3917 1130 3997 οἰνιιιιιές
1160 3913 1320 3984 exhibent

141 4022 313 4104 ’Λγιιενιιέο
340 4021 373 4087 in
406 4019 608 4088 Oeconomiei
638 4021 830 4098 (lodicibus,
864 4023 919 4109 qui
942 4031 1094 4100 exstant,
1127 4023 1160 4087 in
1190 4021 1321 4103 ἀτερπές

141 4130 221 4199 abiit
242 4147 312 4215 cap.
336 4125 419 4193 Vlll.
446 4129 464 4211 §
487 4131 520 4194 ὅ.
565 4127 623 4194 Est
646 4129 680 4192 in
702 4126 841 4195 llierone
869 4130 951 4195 alius
975 4129 1085 4208 locus,
1109 4127 1165 4194 ubi
1188 4126 1321 4194 vocabu·

140 4237 206 4301 lum
230 4234 375 4321 priscum
398 4240 432 4298 et
454 4231 494 4297 ab
521 4232 702 4300 Atticorum
732 4242 838 4300 aetate
859 4241 892 4300 et
916 4253 979 4301 usu
1012 4234 1248 4302 alienissimum
1278 4232 1319 4299 lc·

139 4341 228 4426 gitur
251 4338 307 4409 xl.
333 4343 364 4404 5.
396 4334 501 4411 ὅπλοις
531 4347 594 4412 τοῖς
629 4338 969 4419 stammam
998 4344 1093 4417 αὐτὸς
1126 4362 1316 4408 ιιοιτονκειιον·
