2940 5010
715 304 778 369 587

193 478 324 547 Salaeca
345 479 448 545 orello
470 486 520 545 esi
545 476 580 544 V.
606 498 638 544 tt.
664 482 718 544 57.
749 477 811 558 ἄγε
833 483 917 559 ἡμᾶς
939 481 1008 545 εὐθὺ
1029 482 1084 556 aba
1106 480 1156 546 ἐπὶ
1181 484 1329 564 Βαβυλῶ-

143 608 218 663 ροο,
240 604 379 673 namque
402 584 541 672 pessime
568 592 740 671 corruptae
771 584 963 652 Graecitatis
991 596 1040 653 est
1070 586 1140 653 εὐθύ
1165 606 1223 672 pro
1242 593 1330 666 satta

142 688 263 759 dicere.
310 691 467 779 Expunge
488 693 544 767 aba
567 691 620 756 ἔοι
639 690 813 776 etreliqua
833 700 929 757 erunt
951 691 1136 758 sanissima:
1160 691 1225 772 ἄγε
1244 699 1329 775 ἡμᾶς

142 796 216 865 crilb
246 798 442 877 Βαβυλῶνος.
495 794 549 862 Sic
580 794 792 882 loquebantur
818 798 971 863 Veteres:
1007 796 1180 884 adscripsit
1212 799 1328 888 aliquis

142 902 201 981 aba
223 900 437 978 ἒα1,ι1οἰιιι1ιι
464 910 603 988 utraque
625 904 787 987 scriptura
809 902 893 969 male
916 901 1035 969 coaluit
1059 904 1091 968 in
1115 921 1228 971 uuum.

190 1004 396 1075 llanilsstum
427 1008 460 1073 in
488 1009 599 1094 paucis
629 1007 787 1073 emblema
815 1016 864 1074 est
896 1016 928 1075 et
957 1007 1033 1073 olim
1061 1006 1101 1073 ab
1131 1009 1331 1079 acutioribus

140 1108 399 1199 deprehensum,
423 1112 508 1199 quod
531 1114 717 1179 etiamnunc
741 1112 954 1180 commaculat
976 1112 1082 1179 locum
1107 1112 1223 1203 Cyrop.
1236 1116 1288 1183 Vl.
1308 1138 1328 1183 ι.

144 1220 203 1285 58.
230 1218 258 1283 ei
277 1218 342 1301 γὰρ
362 1219 482 1297 γένοιτο
503 1216 522 1284 δ’
542 1244 573 1284 τι
595 1219 657 1295 ἐγώ
680 1242 725 1283 σοι
746 1218 777 1283 ἐκ
799 1220 891 1300 καιρῷ
916 1218 954 1286 ἂν
976 1218 1121 1297 γενοίμην
1147 1218 1202 1308 [αὖ
1223 1224 1331 1304 χριὶοι·

143 1324 232 1409 m}
279 1324 440 1389 'l'enemus
460 1322 741 1409 interpolatorem,
765 1323 820 1409 qui
842 1342 941 1408 quum
963 1343 1027 1389 non
1047 1326 1247 1393 meminisset
1268 1348 1332 1414 quo

144 1448 247 1497 nasa
267 1430 299 1495 ἐν
324 1432 417 1511 καιρῷ
441 1428 506 1495 diei
530 1430 647 1495 soleret
673 1438 705 1495 et
728 1429 775 1493 sic
798 1426 974 1495 desiderari
998 1429 1119 1516 aliquid
1141 1430 1181 1496 ad
1205 1442 1331 1499 senten·

143 1534 228 1601 tiam
250 1532 474 1601 absolvendam
502 1535 741 1621 suspicaretur,
771 1532 811 1599 de
833 1553 891 1599 suo
915 1532 1087 1621 adscripsit
1109 1534 1151 1603 αὖ
1178 1540 1330 1618 χρήσιμος

143 1636 182 1705 id
202 1648 253 1707 eni
280 1643 433 1723 χρήσιμος
461 1640 492 1703 ἐν
515 1642 558 1721 τῷ
589 1642 684 1720 μέρει.
732 1638 798 1703 lloo
831 1640 937 1725 ipsunt
972 1640 1155 1725 significare
1185 1644 1330 1727 ἐκκαιρῷ

144 1764 208 1811 τινι
230 1738 308 1811 εἶναι
328 1754 362 1811 et
385 1744 528 1825 γενέσθαι
552 1746 712 1810 nerninem
745 1742 857 1829 lugere
881 1753 983 1831 potest
1004 1746 1060 1831 qui
1087 1747 1330 1834 Xenophontem

143 1846 323 1937 diligenter
351 1849 517 1916 lectitarit.
562 1849 675 1936 ltaque
707 1848 766 1914 boc
796 1850 920 1936 pridem
957 1852 1059 1917 sensit
1089 1846 1240 1927 Weiske,
1274 1853 1330 1938 qui

145 1954 275 2041 primus
302 1956 448 2021 omnium
483 1953 635 2021 voeabula
662 1954 773 2039 spuria
803 1952 845 2021 αὖ
873 1957 1025 2037 χρήσιμος
1057 1954 1146 2021 obelo
1178 1956 1330 2035 eontixit,

144 2078 245 2147 quem
269 2068 357 2127 recte
388 2059 603 2126 Selmeiderus
632 2067 763 2125 secutus
791 2068 850 2125 est.
898 2059 955 2125 Vel
985 2060 1032 2125 sic
1060 2068 1166 2127 tamen
1189 2062 1331 2147 pertina-

143 2164 233 2233 citer
261 2162 417 2243 baereat,
451 2167 559 2251 itaque
589 2163 670 2229 dabo
699 2184 827 2250 operam
858 2184 898 2230 ne
928 2165 1002 2251 quis
1032 2165 1165 2251 posthac
1196 2166 1331 2233 evellere

143 2268 286 2339 dubitet.
332 2270 431 2337 Nemo
464 2280 571 2336 autern
605 2290 641 2336 ea
668 2270 819 2336 retinebit
846 2271 902 2355 qul
936 2270 1200 2338 animadverterit
1232 2291 1330 2358 quam

145 2372 298 2443 lubenter
319 2375 493 2462 Xenophon
522 2377 554 2442 ἐκ
582 2379 675 2458 καιρῷ
704 2372 783 2441 εἶναί
802 2400 859 2442 rtet
884 2385 916 2442 el
935 2376 966 2440 ἐν
990 2380 1081 2459 καιρῷ
1104 2378 1248 2455 γενέσθαι
1272 2380 1332 2444 stol

143 2480 256 2549 tllottre
274 2481 374 2549 solent
396 2501 454 2568 pro
483 2482 637 2565 χρήσιμός
670 2506 728 2547 τινι
757 2477 834 2547 εἶναι
856 2490 889 2547 et
911 2481 1065 2561 γενέσθαι.
1113 2481 1330 2549 Schneidertts

145 2588 213 2653 iam
236 2588 346 2655 attulit
370 2586 474 2654 locurn
503 2608 541 2654 ex
565 2586 738 2675 Cynopaed.
763 2586 799 2652 V.
818 2608 839 2651 1.
859 2592 910 2653 to.
935 2586 1007 2661 ἴσως
1027 2587 1091 2667 γὰρ
1112 2586 1152 2651 ἂν
1171 2588 1224 2654 καὶ
1246 2590 1329 2655 πάνυ

144 2696 223 2775 alpais
245 2694 276 2759 ἐν
296 2695 388 2777 καιρῷ
412 2696 474 2780 [τι]
497 2694 615 2774 γένοιο-ο
638 2692 718 2767 αὕτη
742 2696 759 2769 ἦ
784 2695 880 2771 γυνή,
906 2692 937 2758 ld
960 2702 1008 2759 est
1034 2695 1222 2776 ὠφελήσειεν
1245 2698 1329 2774 ἡμᾶς

143 2798 217 2867 sivo
237 2800 386 2877 blatteo,
408 2807 441 2865 et
461 2798 635 2865 Andocidis
657 2818 730 2884 pag.
754 2801 807 2863 72.
834 2796 934 2887 (Orat.
956 2800 983 2864 l.
1007 2804 1025 2886 §
1050 2798 1159 2887 145.):
1191 2801 1243 2865 καὶ
1265 2800 1329 2869 loto

142 2904 221 2985 :iulo
242 2906 374 2989 χρῆσθαι
403 2904 520 2979 τούτοις
547 2902 621 2969 ὅπου
650 2901 689 2967 ἂν
719 2905 750 2968 ἐκ
784 2905 876 2983 καιρῷ
902 2903 960 2989 [τι]
996 2906 1069 2981 ὑμῖν
1103 2904 1244 2983 γένηται.
1291 2906 1327 2971 ln

142 3016 286 3099 utroque
306 3010 376 3076 loco
403 3034 433 3077 τι
464 3008 635 3075 delendum
658 3028 728 3075 esse
755 3026 891 3082 censeo,
924 3006 1008 3092 qtrod
1044 3010 1075 3072 in
1109 3008 1329 3095 Xenophontis

141 3114 217 3185 loeo
235 3117 404 3202 occupavit
428 3114 532 3181 lacere
556 3113 781 3179 Sclrneiderus.
829 3112 864 3177 ln
898 3111 1069 3177 llcllenicis
1095 3122 1144 3179 ter
1171 3133 1208 3179 eo
1236 3114 1329 3180 modo

142 3220 275 3289 locotm
304 3220 478 3307 Xenopbon
509 3228 573 3287 est:
603 3219 657 3285 lll.
678 3240 719 3284 ιι.
745 3223 775 3284 9.
808 3218 973 3305 Lysander
1001 3217 1040 3282 ad
1068 3217 1251 3303 Agesilaum
1284 3220 1329 3284 ita

141 3322 248 3393 dicit:
281 3324 473 3409 ἀπόπεμψόν
504 3327 557 3392 aral
585 3349 637 3403 με.
662 3323 736 3389 ὅπου
759 3326 822 3404 γὰρ
851 3322 890 3389 ἂν
914 3322 935 3389 ὦ
959 3323 1144 3404 πειράσομαι
1173 3327 1204 3389 ἐν
1235 3328 1328 3407 καιρῷ

140 3454 191 3499 σοι
219 3426 321 3505 εἶναι,
354 3438 387 3495 el
409 3429 462 3496 lll.
489 3450 533 3495 nt.
560 3434 590 3493 ᾖ.
623 3425 672 3510 ἆρ’
706 3429 745 3495 ἂν
769 3431 801 3495 ἐκ
834 3433 926 3512 καιρῷ
959 3430 1077 3508 γένοιτο
1108 3432 1133 3496 εὶ
1160 3432 1193 3495 al
1222 3432 1328 3503 πόλεις

140 3538 202 3613 τὴν
226 3536 309 3609 ulma
338 3538 378 3608 ὥς
407 3534 532 3616 οοέχιςα
560 3536 718 3609 oddonem
753 3534 814 3601 Sed
840 3533 1024 3601 luculentus
1056 3536 1217 3621 imprimis
1240 3536 1329 3603 loeus

141 3650 196 3711 ml
222 3640 291 3709 Vll.
323 3662 365 3707 ιιι.
396 3644 427 3706 8.
462 3642 606 3712 σωθέντες
640 3642 698 3717 μὲν
728 3640 792 3720 γὰρ
823 3640 893 3712 ἴσως
929 3639 968 3705 ἂν
999 3638 1084 3714 αὖθις
1115 3640 1161 3707 ἔτι
1192 3644 1267 3707 κοτὲ
1296 3642 1327 3706 ἕο

141 3750 239 3831 καιρῷ
261 3750 334 3826 ὑμῖν
355 3747 540 3825 γενοίμεθα,
571 3746 625 3809 {aba
646 3746 677 3810 δὲ
704 3751 755 3810 νῦν
781 3746 970 3823 ἀπολώμεθα
1003 3748 1091 3819 δῆλον
1113 3743 1159 3812 tn
1183 3747 1327 3811 οὐδέκοτε

140 3854 290 3937 χρήσιμοι
312 3850 359 3918 ἔτι
391 3850 533 3929 ἐσόμεθα.
582 3849 678 3915 Vides
708 3870 840 3937 promus
871 3852 1042 3930 ἱοοδύοαμα
1072 3870 1142 3917 esse
1175 3852 1206 3914 ἕο
1234 3854 1325 3931 καιρῷ

139 3952 225 4025 elul
241 3980 301 4025 τινι
319 3966 352 4023 et
371 3952 451 4022 εἶναι’
467 3981 524 4022 τινι
546 3958 717 4038 χρήσιμοι,
743 3965 778 4023 ιιι
798 3956 837 4022 de
861 3955 1105 4043 interpolatione
1128 3955 1188 4021 loci
1214 3957 1246 4019 in
1266 3955 1325 4043 oy·

138 4060 293 4151 ropaedia
317 4060 404 4129 nulla
427 4081 596 4149 superesse
617 4064 718 4150 possit
742 4062 909 4128 dubitatio.

187 4168 327 4255 Apparet
352 4166 534 4235 luculenter
556 4189 594 4233 cn
619 4170 729 4235 iisdem
752 4168 830 4234 locis
857 4164 1015 4254 quomodo
1037 4167 1080 4231 sit
1101 4164 1323 4252 accipiendum

139 4270 230 4363 qnotl
261 4274 294 4341 in
318 4274 456 4341 Anabasi
485 4272 605 4358 legitur
628 4272 682 4339 lll.
707 4296 726 4338 ι.
754 4280 806 4340 59.
835 4274 869 4351 ἦν
895 4274 948 4339 καὶ
980 4274 1050 4344 τοὺς
1074 4269 1191 4343 ἄλλους
1220 4294 1323 4352 παρα·

139 4379 306 4465 Ιαρρύιιιτε
334 4375 418 4461 οἶμαι
441 4382 524 4459 ὑμᾶς
549 4378 633 4445 ποίου
654 4378 692 4443 ἂν
716 4380 746 4441 ἐν
771 4380 863 4461 καιρῷ
884 4387 1028 4455 ποιῆσαι,
1054 4376 1084 4443 ld
1111 4386 1160 4443 est
1181 4376 1264 4444 πάνυ
1285 4382 1323 4442 ἂν

1098 4486 1124 4527 οι
1135 4483 1145 4505 ·
