2940 5010
704 312 763 374 751

139 510 203 562 m
226 487 286 554 ciel
311 485 353 568 tp
360 511 446 568 χειν
470 486 505 553 τὸ
528 483 668 562 ἔτος-,
692 487 768 551 ἀλλ’
791 483 890 565 ὥσπερ
914 487 940 551 οἱ
964 484 1101 565 τύραννον
1116 518 1178 563 -·‚
1202 485 1326 562 ἥντινα

141 591 349 662 niviellam
382 591 621 673 παρανομοῦντα
644 616 695 666 τι,
727 599 926 672 παραχρῆμα
959 589 1150 672 κολάζουσιν.
1198 591 1233 657 ln
1259 613 1328 660 cae·

140 698 226 765 teris
249 697 435 764 civitatibus
459 697 667 782 Magistratus
690 704 878 782 potestatem
899 718 956 783 per
988 705 1085 760 latrem
1113 719 1230 761 eranum
1257 698 1331 763 reti·

138 813 235 883 aaut,
256 822 359 890 neque
382 805 488 889 prius,
513 800 638 887 siquid
661 801 873 887 deliquerint,
899 800 978 867 dant
1002 820 1136 886 poenas,
1160 821 1256 885 quam
1278 803 1331 869 de·

142 905 250 975 iuncti
273 908 393 974 honore
418 917 606 995 potestatem
640 907 856 993 deposuerint.
904 908 1041 995 Ephoris
1070 915 1181 971 contra
1210 908 1261 973 ins
1283 918 1332 975 est

138 1015 376 1101 magistratus,
399 1016 426 1080 si
439 1014 516 1100 quid
530 1012 684 1079 adversus
696 1013 782 1098 leges
801 1014 1043 1090 commiserint,
1061 1014 1331 1091 circumscribere,

140 1121 167 1189 l.
194 1139 223 1188 e.
256 1129 413 1207 potestate
447 1139 589 1197 exuere,
623 1130 655 1184 et
686 1119 732 1184 sic
768 1122 873 1184 stetim
909 1121 941 1185 in
977 1139 1032 1185 eos
1065 1117 1332 1186 animaduertere.

142 1224 211 1295 lloc
244 1225 486 1311 Xenophontem
521 1225 629 1290 dicere
662 1234 810 1311 apertum
845 1233 905 1288 est.
965 1224 1004 1290 Ut
1037 1244 1073 1290 ea
1105 1227 1265 1290 sententia
1299 1226 1332 1289 in

143 1332 276 1402 Graecis
308 1332 386 1397 insit
416 1329 643 1416 corrigendum
668 1339 718 1395 est
750 1331 817 1395 ἐῶσι
846 1331 918 1402 τοὺς
947 1330 1121 1410 αἱρεθέντας
1154 1328 1332 1412 dirimere

141 1438 181 1506 sl
204 1437 282 1511 ἔτος.
330 1434 543 1522 Opponuntur
572 1437 657 1501 enim
684 1436 770 1500 inter
793 1455 827 1500 se
857 1437 911 1502 loia
938 1436 1111 1518 διαρχεον
1135 1445 1164 1500 et
1191 1433 1332 1515 ἄρχονται

142 1541 270 1625 μεταξὺ
295 1543 512 1619 καταπαύειν,
540 1550 575 1607 ut
599 1539 693 1605 modo
715 1540 858 1606 dixerat:
883 1543 974 1622 κύριοι
997 1541 1104 1606 δὲκαὶ
1131 1541 1168 1629 (ol
1189 1541 1331 1631 Ἔφοροι)

141 1646 301 1732 ἄρχοντας
322 1647 447 1728 μεταξὺ
479 1653 699 1714 καταπαῦσαι.
747 1647 898 1728 plemen
922 1667 959 1712 eo
983 1665 1080 1712 sensu
1111 1645 1221 1711 etalii
1246 1646 1332 1713 dixe·

141 1763 224 1823 ruat
252 1761 286 1820 et
314 1753 445 1841 Lysias,
481 1752 566 1818 unde
589 1750 756 1833 Δοῆρξαε
790 1753 841 1817 δια
863 1752 971 1824 τέλους
999 1748 1076 1833 ἦρξα
1100 1750 1333 1837 Harpocration

141 1857 277 1934 attulit,
302 1857 359 1944 qui
384 1856 499 1923 melius
521 1858 566 1922 δι’
590 1857 705 1930 ἔτους
731 1852 807 1937 ἦρξα
831 1858 1025 1943 scripsisset.
1072 1866 1275 1923 ΔΙΑΡΧΕΙΝ
1299 1859 1333 1924 in
1457 1892 1460 1897 ·

140 1973 190 2033 At
209 1971 244 2030 et
266 1973 339 2030 AEt
362 1961 471 2045 ἄρχειν
491 1959 644 2027 facillime
667 1961 881 2047 depravatur,
916 1971 951 2028 ut
977 1962 1093 2048 passim
1118 1962 1145 2027 δι
1172 1997 1211 2013 ·-
1231 1986 1264 2029 er
1287 2001 1333 2016 -

142 2092 194 2137 αεν
219 2067 372 2135 conlundi
397 2066 553 2133 videmus.

190 2173 326 2241 Ferrine
350 2191 441 2259 posse
475 2181 569 2257 putas
590 2172 674 2237 vlll.
699 2179 730 2239 4.
754 2173 789 2248 ἦν
814 2175 870 2239 τιν’
896 2171 1100 2239 αἰσθάνωνται
1125 2181 1335 2256 παρανομοῦν·

141 2277 189 2347 τά
221 2303 276 2357 τι,
308 2280 415 2352 εὐθὺς
450 2287 650 2359 παραχρῆμα
673 2277 879 2360 corrigerem?
927 2277 1010 2343 Num
1045 2288 1243 2360 παραχρῆμα
1275 2280 1335 2346 libi

140 2382 273 2450 videtur
307 2385 393 2457 sorte
428 2385 475 2448 sic
507 2383 652 2448 additum
692 2382 858 2448 connnode
888 2381 1083 2450 admittere?
1131 2395 1336 2468 Παραχρῆαα

141 2488 288 2557 Atticum
310 2496 342 2554 et
362 2497 454 2553 vetus
471 2498 538 2565 est,
562 2488 648 2562 εὐθύς
671 2498 702 2554 et
724 2489 831 2561 εὐθέος
853 2499 1078 2554 remanserant
1100 2491 1131 2555 in
1153 2510 1224 2556 usu.
1272 2490 1336 2558 lta·

142 2614 209 2682 que
229 2593 334 2660 sicubi
367 2593 445 2659 lraec
463 2595 636 2659 coniuncta
667 2615 736 2660 esse
765 2593 877 2670 video,
902 2596 1044 2680 suspicio
1077 2595 1164 2661 subit
1186 2597 1333 2663 animum

141 2698 300 2767 vocabulo
324 2701 457 2784 antiquo
480 2708 511 2763 et
538 2698 677 2764 obsoleto
701 2699 899 2785 adscriptum
922 2719 991 2764 esse
1013 2701 1118 2765 serius
1147 2702 1247 2780 illud,
1271 2723 1335 2789 quo

142 2824 258 2874 omnes
292 2815 361 2870 tum
398 2804 590 2881 utebantur,
627 2813 663 2869 ut
694 2804 778 2889 apud
812 2804 963 2870 Dinarch.
990 2805 1013 2869 l.
1040 2810 1094 2871 94.
1131 2807 1250 2880 ταύτην
1279 2810 1335 2882 τὴν

144 2911 357 2991 εἰσαγγελίαν
379 2909 493 2997 [εὐθὺς]
517 2918 716 2992 παραχρῆμα
736 2910 971 2990 ἀναιρούμενος,
995 2920 1026 2976 el
1045 2912 1079 2975 in
1104 2909 1184 2975 lsaei
1205 2908 1295 2976 Orat.
1309 2913 1335 2978 Ι.

147 3024 200 3085 ll.
223 3015 276 3084 καὶ
303 3013 419 3102 [νυοὺς]
454 3015 621 3094 ἐρωτῶντος
647 3019 701 3080 τοῦ
735 3015 853 3079 Δεινίου
878 3025 1093 3097 παραχρῆμα,
1119 3015 1173 3081 ubi
1203 3036 1221 3082 e
1251 3037 1334 3082 mar·

144 3124 222 3209 gille
251 3122 284 3186 in
315 3120 451 3186 alr'enum
485 3119 592 3184 sedem
624 3119 778 3206 irrepsit,
808 3129 840 3185 el
870 3118 945 3184 ibid.
972 3121 1026 3186 ΙΙΙ.
1053 3125 1084 3186 7.
1120 3119 1203 3196 ἔδοξε
1234 3146 1336 3203 παρα·

144 3234 258 3313 χρῆμα
286 3225 402 3314 [εὐθὺς]
433 3224 571 3290 adserit
596 3228 693 3306 ψευδῆ
718 3234 930 3306 μαρτυρῆσαι,
955 3236 986 3291 el
1017 3229 1035 3309 §
1059 3230 1112 3290 tu.
1137 3237 1336 3310 παραχρῆμα

148 3332 264 3422 [εὐθὺς]
300 3331 373 3398 τότε
405 3331 581 3411 ἔτιραωρήσω
609 3332 647 3396 ἂν
668 3333 720 3396 τὸν
752 3332 928 3397 ἀδικοῦντα.
975 3330 1094 3396 Eadem
1127 3330 1212 3397 labes
1240 3334 1334 3399 ainli-

146 3437 301 3525 phonlem
333 3435 437 3501 inlicit
458 3435 482 3500 l.
510 3441 562 3504 ΞΟ.
596 3439 610 3501 α’
641 3433 771 3517 peirorio
799 3439 945 3510 <nitimur
974 3437 1107 3526 [εὐθέως]
1135 3450 1335 3520 παραχρῆμα

143 3545 342 3622 ἀποθνήσκει.
390 3540 460 3606 Duo
493 3553 569 3606 sunt
601 3543 685 3628 apud
719 3542 965 3608 llernostlrcneru
999 3544 1059 3609 loci
1093 3544 1205 3637 eodem
1240 3546 1334 3611 niodo

145 3646 353 3734 interpolati:
379 3647 411 3710 in
435 3644 522 3712 Orat.
545 3646 609 3713 Lli.
635 3652 666 3713 6.
698 3647 809 3725 ἔδειξεν
839 3648 971 3737 [εὐθέος]
1001 3660 1221 3733 παραχρῆμα,
1245 3660 1276 3715 el
1302 3652 1335 3715 in

146 3751 403 3821 0ra1.xLVlll.
430 3757 483 3818 tu.
523 3752 637 3842 [εὐθὺς]
673 3764 872 3837 παραχρῆμα
897 3757 949 3820 ὑπ’
976 3757 1078 3821 αὐτῶν
1108 3754 1335 3837 ἐξελεγχθήσε-

144 3884 212 3927 οαο.
260 3857 306 3924 Ne
331 3865 362 3923 te
386 3857 552 3943 perturbet
577 3879 612 3924 ea
636 3863 766 3925 testium
799 3869 1026 3946 corruptorum
1059 3860 1260 3945 frequentia,
1285 3882 1335 3927 co·

147 3965 217 4052 gila
238 3963 314 4029 olim
342 3964 548 4050 antiquatum
580 3963 679 4030 luisse
702 3984 794 4030 usum
826 3967 970 4031 vocabuli
1005 3975 1205 4048 παραχρῆμα
1228 3976 1260 4032 et
1289 3968 1336 4032 in·

145 4070 412 4157 terpretationem
436 4078 493 4135 aut
522 4069 719 4135 desiderasse
741 4080 797 4135 aut
819 4070 978 4141 elicuisse.
1027 4071 1227 4159 llcsyclrius:
1263 4083 1336 4138 Πα·

145 4183 344 4261 premimur:
378 4175 575 4257 παραυτίκα,
606 4176 739 4255 ἁθρόως,
764 4177 883 4250 εὐθέως.
933 4177 1149 4255 Vocabulum,
1173 4175 1257 4262 quud
1282 4198 1336 4244 uo·

147 4283 200 4352 uis
222 4292 255 4350 et
287 4301 326 4349 ex
355 4299 390 4346 so
419 4281 487 4366 ipso
518 4290 550 4347 ct
578 4279 705 4367 legendi
736 4300 796 4347 usu
832 4290 894 4347 tarn
923 4285 1130 4370 perspicuum
1160 4294 1193 4350 et
1222 4292 1336 4350 notum

146 4398 217 4468 est,
243 4387 306 4454 illis
338 4385 505 4452 Graeculis
530 4395 598 4453 erat
630 4384 696 4453 lere
727 4385 921 4453 inauditnm.
970 4388 1058 4457 Tolle
1090 4390 1193 4458 obiter
1216 4390 1336 4456 ridicu·
