2940 5010
123 108 160 177 iu
185 112 281 196 521.
309 105 490 175 iudueeuda
514 116 590 174 sunt
615 104 711 173 rerba
736 105 865 173 iutieete
887 114 920 172 et
950 103 1060 191 putide
1085 106 1261 192 repetituri

73 214 149 291 robe
180 214 303 287 ἰδιῶται
339 212 403 301 [ἐστὶ
433 214 488 289 τὴν
521 214 664 299 {eorda}
710 211 746 276 lu
784 214 802 296 §
828 214 881 277 et.
917 217 976 277 τῶν
1011 235 1052 290 γε
1084 220 1262 280 πολυτελῶν

72 320 177 399 θσμῶν
192 318 325 397 τσθτινν,
349 316 466 385 melius
490 317 647 385 Stobaeus
672 318 850 383 πολυτελῶν
872 318 986 384 ordros
1009 320 1120 397 ὀσμῶν.
1168 320 1262 385 Prae·

73 422 181 493 iertur
204 426 236 490 iu
259 444 347 511 seqq.
374 421 515 489 deterior
534 424 630 490 ieetio
649 430 707 489 τῶν
730 423 890 504 exaptent
914 425 1014 502 ὀσμῶν
1039 443 1132 491 uerae
1154 423 1262 490 tentio

74 530 110 597 ni
139 531 313 613 dxaptror.
360 531 466 609 Ὀσμιὶ
488 550 552 596 nou
575 538 626 596 est
646 528 798 611 ῶχιθριςνς
823 529 878 596 sed
902 528 1029 613 ῶχιιρις.
1077 531 1122 599 De
1145 531 1262 599 harum

73 633 254 702 formarum
276 633 464 702 eoniusione
488 636 521 699 in
545 634 768 721 superioribus
794 634 947 701 nonrnuila
970 634 1122 703 diximus.

117 738 156 807 ln
185 742 280 827 527.
314 744 365 806 νῦν
389 741 424 817 tt
447 778 493 791 -
516 738 658 822 εθριικιις,
688 742 718 806 ἐν
743 736 764 824 ᾧ
789 741 869 824 σάφ’
893 742 951 809 θσθι
987 749 1114 812 eastern
1144 766 1260 821 μειονε-

71 851 206 927 ιιτσῶμεν
217 852 277 913 τῶν
289 847 429 922 θδιῶτῶν,
455 847 486 910 in
509 844 561 910 his
578 853 705 915 τλεῖτιν
721 864 761 911 ex
781 846 915 914 Stobaeo
934 846 1082 913 additum
1103 849 1159 934 qui
1177 847 1260 931 σάφ’

70 950 130 1019 ἴσθι
154 951 288 1019 omittit.
337 951 449 1018 Dicam
473 950 614 1016 breviter
638 950 716 1038 quid
740 950 820 1017 mibi
845 951 885 1018 de
911 951 969 1019 boe
999 953 1068 1020 ineo
1100 952 1258 1019 videatur.

70 1056 118 1125 be
139 1076 200 1123 suo
221 1067 349 1129 τλεῖςιν
373 1055 497 1123 addidit
521 1055 652 1123 sedulus
683 1065 864 1136 corrector,
888 1077 951 1144 quo
975 1057 1100 1127 abieoto
1120 1060 1152 1124 in
1177 1057 1258 1141 σάφ’

68 1162 130 1231 intr
165 1160 317 1229 latentem
350 1182 460 1229 rernm
491 1161 661 1228 leetinuenn
694 1160 848 1247 indagare
879 1172 912 1229 et
944 1163 1061 1231 eiicere
1091 1162 1256 1231 debemus.

67 1266 128 1335 det
151 1286 206 1335 ea:
228 1268 260 1334 θν
283 1263 305 1351 ᾧ
328 1268 559 1350 σιιφέςιιτιι
591 1273 826 1349 μειννεκτιῶμεν
848 1270 909 1336 τῶν
932 1270 1055 1337 ἰδιωτῶν
1068 1317 1078 1347 ,
1102 1268 1186 1356 quod
1207 1268 1255 1335 di·

67 1381 160 1441 etun
191 1380 240 1440 est
267 1373 434 1439 notissima
456 1370 666 1462 brachylogia
700 1393 760 1461 pro
788 1369 865 1456 ἐνῶ
896 1374 1080 1459 σσφθςιιτθν
1114 1375 1178 1444 ἕσιν
1207 1371 1254 1441 tn

65 1484 314 1560 μειννειιτσῶμεν.
1250 1470 1252 1475 ’

109 1584 150 1653 lu
175 1587 193 1672 §
216 1588 271 1653 28.
305 1586 339 1651 ori
370 1586 528 1666 θεριιτεῖιιι
553 1586 588 1650 ai
610 1585 688 1651 θιτθ
717 1592 776 1651 τῶν
799 1586 930 1667 edyssae
956 1592 1125 1669 Φρινινσῶν
1146 1610 1254 1665 perer·

65 1696 125 1759 κῶν
156 1690 353 1775 εὐφραίνουσι
388 1688 514 1770 parea
547 1698 658 1775 aperte
689 1690 879 1758 mendosum
912 1701 961 1757 est
994 1711 1051 1778 pro
1085 1692 1159 1757 θτὸ
1194 1699 1253 1758 τῶν

63 1820 101 1877 μ.
120 1800 161 1879 φ.
184 1801 349 1876 γεννικῶν.
395 1794 554 1862 Continuo
578 1794 747 1862 emendata
780 1795 875 1864 leetio
906 1796 1105 1883 conspicitur
1128 1796 1163 1862 iu
1184 1815 1253 1863 rer·

62 1900 115 1969 bis
136 1902 173 1969 ιιθ
202 1904 230 1970 δ’
261 1902 332 1969 aet
365 1907 425 1968 τῶν
453 1902 580 1971 brinno.
628 1900 665 1967 ln
697 1904 727 1987 §.
754 1907 808 1969 31.
841 1900 1062 1967 conclamatus
1093 1901 1182 1969 loeus
1204 1911 1254 1969 est

62 2006 165 2090 ῶσπερ
196 2004 247 2075 οὖν
278 2007 353 2081 εἴτις
384 2004 508 2089 ῶτειρις
537 2008 578 2074 ῶν
610 2008 717 2089 didone
750 2010 815 2075 κτὲ.
849 2026 925 2074 naun
954 2006 1037 2073 nihil
1064 2007 1253 2095 proiieimus

63 2110 220 2201 Stephani
239 2113 426 2180 eonieetura
445 2116 499 2180 οὐκ
523 2110 621 2180 riade
642 2132 702 2179 suo
722 2113 907 2180 inserentis.
953 2112 1122 2181 [incidisse
1146 2116 1253 2202 potius

63 2218 233 2308 complura
255 2217 418 2305 probabile
438 2227 498 2285 est.

107 2324 146 2391 ln
180 2344 251 2412 eap.
272 2323 313 2390 ΙΙ.
351 2325 424 2408 52.
458 2344 476 2390 e
507 2322 643 2391 Stobaeo
671 2324 914 2412 recipiendum:
948 2326 1038 2407 τιιχθ
1061 2326 1092 2391 tt
1118 2324 1249 2414 (ταῦτα)

59 2430 314 2515 κατεργάζεσθε,
344 2438 458 2494 eontra
483 2429 598 2496 inutile
619 2438 652 2496 et
684 2430 883 2516 ineleganter
907 2431 1081 2518 repetitum
1102 2430 1251 2505 κέκτησθε

59 2533 334 2625 expungendum,
357 2533 468 2600 eodem
493 2543 648 2613 auctore,
673 2537 705 2601 iu
732 2535 855 2601 verbis:
880 2534 925 2602 ἔτι
949 2537 981 2602 δὲ
1004 2538 1114 2614 etate
1137 2560 1174 2601 τε
1194 2534 1247 2600 καὶ

59 2642 229 2722 inscripsere
264 2639 454 2721 repeterem
489 2642 611 2723 ῶρθςιιις
648 2641 836 2728 [κέκτησθε]
893 2640 1105 2706 Vehementer
1137 2659 1247 2724 suspe-

58 2754 150 2815 etum
172 2754 224 2813 est
254 2747 364 2822 τλθθει
387 2784 433 2795 -
455 2747 597 2828 epirotae,
629 2745 769 2811 absurde
801 2744 949 2823 dietum,
980 2743 1037 2811 sed
1061 2743 1124 2811 duo
1157 2764 1247 2811 noea·

57 2850 135 2919 buta
170 2848 373 2917 intercidisse
414 2852 562 2938 suspicor
593 2850 782 2932 θερῶττιντσις
818 2850 977 2940 (τλεθςινς
1011 2850 1078 2939 eei)
1112 2852 1244 2932 ῶνθςινς.

56 2956 178 3025 Notum
205 2964 255 3023 est
287 2956 438 3023 omnibus
460 2976 557 3043 quant
582 2975 677 3043 saepe
703 2956 734 3021 in
760 2954 816 3022 tati
842 2976 877 3024 re
908 2966 1029 3028 τλεῖσιι
1061 2955 1113 3021 sat
1149 2956 1245 3037 θριςιι

57 3064 309 3150 coniungantur.
357 3062 419 3127 Pro
443 3069 582 3128 κιικῶσιιι
605 3062 663 3140 μὲν
687 3064 830 3145 ἐχθροὺς,
853 3065 957 3139 θνιῑσιιι
983 3064 1013 3129 δὲ
1036 3062 1148 3145 Φθλινς
1179 3061 1246 3127 lon·

56 3186 98 3257 pe
119 3168 290 3235 usitatiore
313 3175 345 3234 et
365 3166 507 3257 meliore
521 3166 634 3233 ordine
654 3167 739 3254 apud
761 3167 933 3234 Stobaeuun
958 3176 1007 3234 est
1030 3170 1134 3244 ὀνῆσαι
1161 3167 1244 3255 (μὲν)

53 3274 192 3359 (dimus,
216 3280 356 3341 sandrat
379 3274 411 3341 bt
432 3275 568 3357 ἐχθρούς.

100 3378 308 3447 lianiiestuur
333 3380 368 3444 iu
390 3380 501 3465 paneis
522 3378 679 3445 enubietna
702 3388 752 3446 est
780 3380 810 3444 iu
845 3382 864 3463 5
888 3384 919 3445 4.
950 3380 1074 3457 τὰμὲν
1097 3379 1243 3444 donabere

54 3490 176 3553 πολλοῦ
198 3483 276 3561 ῶξιιι
298 3486 451 3563 eripere
482 3482 560 3552 εἶνιιι
584 3486 810 3565 desereretne
832 3488 957 3551 θεῶσθιιι
986 3486 1138 3573 [detepuit
1162 3488 1241 3550 στῶσι

52 3590 245 3675 refixerat.
290 3590 390 3656 Miror
410 3590 568 3677 quomodo
589 3591 761 3678 quisquam
783 3590 823 3655 ab
843 3591 993 3657 Ernestio
1014 3591 1155 3677 potuerit
1178 3587 1241 3655 dis·

52 3696 179 3767 sentire
208 3695 266 3783 qui
288 3693 423 3782 puiobre
456 3698 558 3762 sensit
586 3696 709 3779 Φκιερῶ
733 3695 779 3761 nii
802 3695 862 3761 uisi
889 3696 1053 3783 participii
1082 3697 1240 3774 ῶνεττνγ-

51 3804 137 3887 μθνσ
159 3804 485 3888 interpretamentum
510 3822 600 3879 esse,
624 3799 708 3887 quod
734 3820 771 3866 ex
797 3805 942 3886 renargine
963 3799 1037 3866 iibri
1061 3800 1239 3887 irrepserit.

52 3908 136 3977 Tam
158 3904 339 3977 metieuiosi
371 3915 448 3974 suut
470 3907 565 3974 nutriti
596 3906 740 3973 homines
764 3905 849 3971 doeti
878 3914 914 3972 ut
937 3904 1113 3972 maluerint
1134 3905 1240 3991 tegere

49 4012 281 4093 ῶνεπτνγμένιι
310 4016 436 4078 θεῶτθιιι
471 4012 522 4078 aei
547 4012 668 4095 φκνερόι
697 4020 728 4076 et
760 4010 823 4076 altro
856 4010 1009 4077 voeabula
1042 4012 1151 4098 spuria
1185 4011 1237 4077 ati·

995 4124 1018 4160 i'd
