2940 5010
704 280 767 344 708

151 456 288 535 Ξενοφῶν
310 453 342 517 έν
365 452 517 519 Λακώνων
547 451 690 537 πολιτείιρ
723 451 1060 534 stromensem,
1092 454 1130 521 τί
1152 454 1221 539 γὰρ
1242 456 1276 523 in
1297 468 1335 543 τῇ

150 559 251 625 Νυκτί
274 566 382 642 μακρᾷ
405 557 572 632 Πλοίτιονος
595 557 950 641 αὐτοπχεδίασμα
981 562 1127 641 Φαῦλου,
1149 560 1225 628 siue
1247 560 1335 629 tiuhi·

151 666 272 729 tatione
294 662 388 728 affert
411 662 494 749 quod
517 662 636 748 iegitur
657 662 741 730 XHI.
761 668 792 729 θ’.
828 664 960 742 ἡγήσαιο
982 662 1021 731 ein
1041 664 1115 739 rahe
1137 666 1200 745 nin
1222 664 1336 743 ἄλλους

149 770 472 852 αὐτοσχεδιαςίις
493 766 646 835 εἶναιτῶν
666 776 871 851 ςρατιοιτικῶν
891 770 956 835 nri.
981 769 1017 835 ln
1036 769 1334 840 Plutarcheisuutu·

150 872 305 961 pluscula·
328 893 367 940 ex
398 871 509 940 eodem
546 872 627 938 tihro
661 881 769 939 sumta
799 874 919 941 omisso
952 873 1177 962 Xenophontis
1211 878 1334 945 nomine

150 979 323 1065 teguntur,
347 979 440 1044 cuius
464 978 510 1043 rei
531 977 1014 1066 unnmexempiumepponam,
1038 980 1096 1049 sed
1120 980 1332 1051 tucutcmmn.
1367 996 1369 1013 '

149 1084 187 1151 lu
210 1084 366 1151 institoris
389 1082 551 1149 Laconicis
572 1089 604 1150 et
628 1083 689 1149 elie
715 1082 868 1169 teguntur
895 1104 913 1151 e
936 1084 1150 1172 Xenophonte
1175 1084 1331 1175 descripte

150 1199 182 1256 et
206 1189 284 1258 liaeo
319 1211 350 1277 p.
374 1193 451 1255 257.
475 1190 513 1256 D.
548 1196 625 1263 παῖς
653 1190 685 1257 δέ
717 1190 778 1256 ent
807 1212 887 1263 τινος
911 1192 1073 1265 κολασθείς
1108 1192 1136 1258 εί
1166 1192 1212 1275 τῷ
1243 1194 1329 1275 πατρί

149 1294 335 1375 ἐξήγγειλεν
362 1296 492 1377 αἰσχρὸν
516 1290 550 1369 ἦν
573 1298 616 1377 τῷ
639 1294 733 1377 πατρί
756 1296 802 1375 ,nh
826 1306 1033 1377 προσεντεῖναι
1065 1298 1255 1365 οίνιοθποιυτα
1275 1296 1329 1365 nri·

146 1416 195 1466 λιν
218 1401 346 1482 ἐτέρας·
375 1403 514 1470 ε’πίςευον
541 1400 605 1480 γὰρ
636 1401 740 1474 αὐτοῖς
775 1401 810 1466 έκ
841 1409 898 1479 τῆς
922 1402 1052 1483 πατρίου
1079 1403 1218 1483 ἀγωγῆς
1239 1404 1327 1485 μηθέν

148 1504 200 1595 (θον
224 1504 419 1592 addendum)
452 1508 581 1588 αίσχρθν
614 1504 767 1587 προςοίξαι
790 1513 854 1581 τοῖς
886 1506 1012 1580 τέκνοις.
1060 1506 1221 1597 Compare
1256 1508 1327 1577 hese

146 1630 221 1677 eum
256 1610 494 1697 Xenophonteis
519 1610 571 1676 vt.
598 1614 631 1677 n.
687 1609 834 1677 Incertus
866 1610 976 1678 rhetor
1011 1610 1244 1699 pereruditus,
1277 1614 1326 1703 qui

145 1716 281 1802 Longini
305 1716 435 1782 nomine
458 1714 709 1795 circumfertur,
741 1717 773 1781 in
800 1715 905 1782 tihetlo
928 1716 995 1797 περὶ
1020 1714 1117 1799 ὕψους
1139 1718 1199 1785 tv.
1223 1724 1256 1785 t.
1286 1722 1327 1787 in·

145 1822 270 1906 signem
313 1819 417 1887 iocum
461 1820 679 1908 Xenophontis
715 1823 750 1887 έιι
784 1830 840 1897 τῆς
875 1823 1127 1902 Λακεδαιμονίων
1172 1826 1326 1901 πολιτείας

146 1926 214 2013 (ltt.
246 1924 291 2014 6.)
327 1923 443 2001 affert,
480 1945 575 2014 quem
608 1945 627 1992 a
661 1926 791 1992 Timaeo
826 1928 1005 1994 imitatione
1037 1947 1230 2015 expressum
1263 1950 1326 1999 esse

143 2031 341 2118 suspicatur.
392 2030 466 2097 Plus
487 2032 584 2099 etiam
610 2031 655 2096 ilii
680 2031 802 2097 homini
826 2030 967 2107 trihues,
994 2032 1020 2099 si
1043 2034 1237 2101 memineris
1256 2055 1325 2104 eunt

142 2135 405 2223 Xenophontenm
440 2137 617 2203 orationem
656 2137 798 2223 impense
834 2135 989 2203 admirari
1022 2147 1056 2204 et
1090 2138 1130 2206 de
1168 2138 1325 2209 industrie

142 2243 299 2327 qttaednm
336 2241 375 2308 de
407 2241 615 2328 Xenophonte
644 2243 830 2328 scripsisse,
866 2250 900 2309 ut
929 2244 997 2328 ipse
1022 2251 1163 2311 testetur
1188 2244 1274 2315 Vssl.
1298 2252 1325 2317 ί.

142 2346 254 2432 Daque
278 2368 377 2434 qtrrrm
402 2346 527 2413 coelicis
551 2347 601 2413 sui
626 2347 782 2424 lectione,
809 2357 843 2413 ut
868 2367 966 2434 supro
989 2347 1212 2427 ostendimus,
1237 2351 1325 2419 dece·

141 2460 217 2537 ptus
250 2454 321 2539 (τῶν
345 2456 375 2518 ἕν
405 2463 468 2526 τοῖς
503 2453 736 2535 ὀφθαλμοῖς
771 2452 923 2532 παρθένων
953 2473 1009 2539 pro
1039 2455 1070 2519 ἕν
1097 2463 1164 2529 τοῖς
1207 2456 1325 2524 θαλεί-

140 2555 236 2643 μοις)
270 2557 509 2642 Xenophontem
542 2558 685 2642 graviter
716 2557 861 2643 increpet
886 2557 924 2622 oh
947 2578 1001 2636 oa,
1037 2578 1120 2645 quae
1154 2560 1188 2625 in
1224 2560 1324 2629 lihelio
1367 2604 1369 2629 ι

140 2662 178 2726 de
202 2684 265 2749 rep.
291 2661 607 2729 Lacedaemoniorum
625 2663 828 2748 scripsisset,
853 2672 986 2750 apponet
1008 2683 1083 2730 cum
1112 2666 1252 2735 minime
1271 2666 1322 2735 dn·

140 2767 280 2844 hitasse,
305 2768 382 2853 quin
407 2770 433 2833 is
462 2767 542 2833 tiher
561 2767 600 2833 oh
624 2768 692 2854 ipso
717 2768 926 2853 Xenophonte
950 2770 1092 2854 scriptus
1124 2769 1227 2838 tuerit
1255 2782 1322 2841 ete

140 2873 271 2939 Timaeo
296 2873 408 2941 tectus.

185 2980 368 3046 Demetrius
399 2980 550 3065 Magnes,
587 2987 622 3044 ut
645 2978 805 3057 vidimus,
839 2979 936 3045 etiam
965 2979 1118 3045 Dinarchi
1147 2985 1323 3051 orationem

139 3088 225 3153 κοντοὶ
251 3087 461 3163 Δημοσθένους
485 3085 628 3171 spurium
650 3093 682 3149 et
706 3085 903 3170 suppositam
927 3104 996 3150 esse
1023 3094 1207 3168 statueret,
1232 3090 1322 3179 itique

140 3202 204 3258 tam
242 3192 439 3258 confidenter
470 3199 507 3257 ut
541 3190 663 3256 diceret
691 3193 836 3266 εὐήθεις
868 3186 973 3256 εἶναι
1003 3194 1074 3265 τοὺς
1101 3193 1320 3276 ὑπολαβόντος

138 3299 190 3363 τὸν
219 3299 312 3377 λόγον
333 3299 394 3363 ,τὸν
418 3298 504 3363 κατα
536 3297 747 3375 Δημοσθένους
771 3296 878 3360 τούτου
914 3296 979 3383 (τοῦ
1014 3297 1203 3391 Δεινοέρχου)
1239 3300 1321 3371 εἶναι.

140 3404 271 3490 Dionys.
300 3403 401 3468 italic.
428 3403 517 3466 Tom.
544 3401 579 3465 V.
613 3422 642 3487 p.
664 3407 742 3467 652.
791 3402 855 3465 Hoc
883 3421 1008 3487 quoqne
1043 3404 1201 3474 iudicium
1236 3430 1323 3477 nemo

139 3527 293 3592 umquem
320 3508 456 3572 curavit.
505 3507 679 3595 Dionysius
704 3506 804 3571 Helie.
830 3526 1024 3573 enumerans
1056 3512 1127 3585 τοὺς
1151 3514 1324 3599 Δεινάρχου

137 3613 249 3689 λέχους
274 3614 433 3689 δημοσίους
454 3615 596 3691 γνησίους
622 3612 704 3677 herm
723 3633 849 3699 quoque
873 3623 1016 3679 recenset
1042 3638 1112 3701 pag.
1133 3623 1215 3686 654.
1242 3624 1323 3689 nari

139 3718 348 3796 Δημοσθένους
373 3718 439 3797 περὶ
465 3725 523 3783 τῶν
553 3721 768 3797 Ἁρπαλείων,
793 3728 825 3783 et
848 3720 980 3803 apponit
1004 3722 1108 3805 prima
1131 3725 1231 3791 verha
1269 3735 1322 3795 ιό

137 3824 210 3901 μέν
234 3824 484 3900 δημαγωγὸς
519 3824 649 3902 ὑμῖν,”
697 3824 783 3889 idem
819 3828 983 3909 pagens.
1011 3824 1065 3890 iila
1092 3829 1241 3897 erutione
1266 3832 1324 3897 uti·

138 3937 193 3994 tur
214 3928 252 3993 at
278 3926 565 3993 deurorrstrurnluur
599 3927 823 3995 Demosthenis
856 3931 1033 3994 orationem
1065 3951 1134 3997 esse
1163 3954 1249 4019 qrrue
1277 3937 1325 4004 Di·

138 4032 250 4098 rrnrchi
277 4032 371 4117 vulgo
406 4041 585 4117 putaretur.
633 4034 760 4116 Διφίλῳ
792 4036 994 4114 δημηγορικθς
1031 4037 1169 4103 αἰτοῦντι
1200 4041 1322 4123 δωρεάς.

139 4140 236 4204 »Aris
259 4141 302 4205 τὸ
326 4142 377 4217 μη
400 4139 536 4223 ρ’ρίδιον
566 4134 704 4203 είνοιι.”
727 4144 833 4205 τοῦτον
866 4141 1007 4215 ἐπείσθην
1030 4142 1088 4206 ὑπὸ
1112 4150 1323 4221 Δημοσθένους

137 4245 320 4327 γεγράφθαι
353 4244 468 4322 λόγου,
504 4240 550 4310 ὅτι
583 4245 641 4317 τοὶς
666 4246 777 4325 δωρείας
810 4244 948 4328 ἔγραψεν
981 4248 1075 4313 αἰτῶν
1110 4253 1325 4331 Δημοσθένης,

137 4355 175 4425 ὡς
201 4354 372 4433 Δείναρχος
398 4353 431 4416 ἐν’
451 4352 493 4434 τῷ
516 4350 602 4417 κατὰ
631 4350 842 4431 Δημοσθένους
874 4352 959 4435 λόγῳ
990 4353 1170 4429 δεδήλωκεν.
1226 4358 1325 4425 Locus
