2940 5010
688 294 753 357 706

139 477 246 536 autem
274 470 422 556 pessimis
457 467 560 534 modis
592 468 763 534 mutilatus
786 474 837 534 est
864 477 896 534 et
928 477 1113 557 corruptus.
1163 470 1255 553 Quae
1276 488 1325 538 cx·

140 584 228 641 stant
248 596 285 641 ex
310 576 431 641 nnaioro
454 594 547 660 opere
567 581 716 661 excerpta
740 582 833 650 sunt,
859 574 947 640 tenui
969 572 1022 640 blo
1043 584 1183 641 consuta
1204 574 1326 643 eaden·

142 702 204 768 que
225 682 349 747 lacunis
375 680 478 745 lacera
507 688 539 745 et
569 678 718 765 plurimis
742 678 867 745 nnendis
897 677 1025 759 obsita,
1056 690 1095 747 ut
1118 682 1253 769 saepius
1274 700 1325 749 nc·

141 808 203 873 que
227 787 387 853 sententia
411 784 473 850 ulla
496 784 561 849 ullo
590 784 682 850 modo
703 783 847 870 exsculpi
871 786 986 870 possit,
1023 804 1130 873 neque
1162 786 1230 853 nlla
1259 806 1325 875 ιριι

142 902 249 959 certae
272 890 504 958 ernendatiouis
526 888 695 974 affulgeat,
716 889 812 954 ctiam
837 889 863 953 si
885 891 1084 975 qnisomucs
1104 893 1232 979 ingenii
1247 892 1323 959 rire

141 999 252 1065 diuet
277 997 415 1063 multnnr
439 994 626 1060 intenderit.
674 992 759 1058 Nihil
785 993 872 1059 atiud
897 993 981 1061 ethei
1005 1004 1110 1083 potest
1137 998 1203 1064 nisi
1229 1008 1267 1064 ut
1287 1016 1319 1065 ct

141 1103 193 1170 his
225 1103 326 1169 ueluti
359 1100 507 1167 frustulis
542 1100 679 1167 eximiae
718 1098 887 1165 cuiusdam
924 1100 1052 1168 tabulae
1092 1100 1266 1169 distractae
1293 1112 1320 1169 cl

140 1210 360 1276 comminutae
383 1206 526 1272 maculas
548 1202 704 1291 quasdam
724 1212 757 1268 et
778 1202 888 1271 sordes
905 1205 1014 1285 eluas,
1037 1205 1070 1271 id
1091 1206 1181 1293 quud
1199 1216 1319 1296 proptcr

141 1314 269 1383 illarum
295 1311 505 1398 reliquiarum
528 1308 757 1397 praestantiam
789 1308 900 1375 sedulo
925 1309 1052 1377 taciem.
1100 1310 1228 1399 Nempe
1248 1310 1317 1379 nib

138 1418 268 1506 quidem
295 1436 353 1483 cur
381 1415 414 1481 hi
439 1415 511 1481 iibri
536 1435 598 1480 non
626 1414 758 1500 abipso
781 1412 991 1501 Xenophonte
1020 1417 1140 1503 scripti
1170 1436 1243 1485 esse
1261 1419 1316 1485 cat

139 1525 314 1591 stimentur
344 1520 425 1588 nihil
455 1538 571 1585 causae
602 1540 674 1586 esse
701 1518 847 1586 ridetur:
883 1529 995 1586 contra
1032 1522 1201 1589 nonninem
1228 1522 1314 1589 ιΙιιι

138 1637 266 1717 praeter
285 1626 526 1713 Xenophontem
553 1626 725 1710 utriusque
748 1623 822 1689 libri
844 1644 916 1691 esse
938 1635 1104 1693 auctorent
1129 1627 1237 1694 mulla
1255 1644 1313 1693 ιιι-

139 1737 216 1803 dent
243 1742 279 1800 nt
305 1732 448 1800 credam.
497 1732 541 1797 lle
573 1748 637 1816 qua
670 1749 705 1795 re
732 1730 875 1815 primurn
910 1731 1055 1797 onmium
1083 1734 1177 1799 iurat
1210 1732 1312 1801 dicore.

139 1840 255 1909 Ordior
274 1838 315 1905 ab
338 1837 392 1903 illo
415 1836 501 1911 loco,
526 1836 580 1921 qui
604 1835 725 1920 legitur
748 1834 801 1901 Xl.
827 1840 857 1901 8.
889 1833 935 1902 ὅτι
959 1838 1017 1915 μέν
1040 1838 1255 1905 παλαιότατοι
1275 1834 1313 1905 τί·

137 1973 183 2015 τοι
215 1949 240 2013 ol
273 1946 356 2023 νόμοι
394 1943 494 2031 (leges
524 1941 679 2029 Lycurgi)
712 1941 836 2023 σαφές·
870 1942 885 2005 ί
914 1941 977 2022 γὰρ
1009 1948 1191 2025 Λυκοῦργος
1222 1942 1313 2011 κατέ

137 2055 225 2126 τοὺς
249 2049 501 2131 Ἡρακλείδας
525 2047 657 2124 λέγεται
677 2046 832 2124 γενέσθαι.
880 2046 1084 2113 Manifestum
1105 2057 1157 2116 est
1177 2068 1214 2115 ca
1232 2048 1314 2115 verbi

138 2158 170 2224 id
200 2155 383 2240 significare
413 2151 497 2238 qnod
530 2150 649 2216 eruditi
681 2150 826 2216 historici
850 2158 883 2216 et
909 2160 1090 2236 temporum
1119 2154 1314 2240 indagatores

138 2263 303 2347 aliquanto
316 2267 385 2344 post
398 2256 658 2342 Xenophonteanr
681 2264 819 2321 aetatem
840 2256 947 2321 dicere
967 2256 1070 2322 solent
1088 2259 1179 2325 κατὰ
1197 2262 1254 2337 cira
1267 2264 1315 2327 sb

136 2366 340 2449 Ἡρακλειδῶν
360 2363 492 2428 κάθοδον.
541 2359 734 2426 Plutarchus
755 2361 787 2424 in
810 2360 950 2448 Lycurg.
976 2380 1045 2448 cap.
1069 2370 1099 2428 l.
1126 2363 1169 2429 (lc
1185 2364 1314 2453 Lycurgi

139 2480 243 2539 aetate
284 2468 453 2554 disputans
485 2486 585 2552 qurum
624 2465 801 2531 sententias
837 2466 1041 2542 Aristotelis,
1076 2468 1314 2547 Eratosthenis,

138 2574 318 2665 Apollodori
343 2582 375 2638 ct
396 2572 517 2636 Timaei
542 2571 741 2656 exposuisset
766 2571 810 2634 ita
837 2572 962 2656 pergit:
986 2573 1088 2638 δίδωσι
1104 2575 1137 2640 δὲ
1163 2576 1219 2643 καί
1242 2586 1315 2645 Ξοιο·

138 2690 205 2765 Φῶν
230 2678 370 2746 ὑπόνοιαν
391 2676 600 2759 ἀρχαιότητος
618 2678 649 2741 έν
667 2669 710 2748 οἷς
734 2675 785 2740 τὸν
809 2673 904 2755 ἄνδρα
923 2676 1011 2754 λέγει
1032 2680 1200 2757 γεγονέναι
1222 2680 1314 2749 κατέ

140 2789 229 2861 τοὺς
253 2782 529 2864 Ἡρακλείδας,
553 2780 671 2866 quibus
695 2799 757 2845 unu
783 2779 954 2846 admodum
987 2791 1081 2849 acute
1105 2783 1252 2853 addidit:
1273 2788 1316 2865 pt·

140 2919 182 2961 νει
212 2888 353 2970 μὲνγὰρ
377 2887 576 2966 Ἡρακλεῖδαι
605 2886 750 2960 δήπουίον
784 2880 861 2958 ἦσαν
891 2884 944 2949 καὶ
972 2889 998 2952 οἱ
1030 2889 1179 2957 νεώτατοι
1211 2893 1317 2959 rinch

141 2997 274 3078 Σπιίρτρ
306 2991 473 3072 βασιλέων.
507 2991 521 3055 ό
553 2991 584 3055 δέ
616 2990 694 3055 ἔοικε
724 2990 901 3071 βουλομένῳ
929 2992 999 3064 τοὺς
1030 2995 1169 3072 πρώτους
1201 2998 1317 3069 έκοίνωι

143 3103 195 3170 καὶ
228 3102 385 3177 σύνεγγυς
414 3096 599 3175 Ἡρακλέους
620 3095 778 3177 ὀνομάζειν
807 3097 1022 3177 Ἡρακλείδας.
1069 3098 1135 3163 Hos
1158 3099 1318 3189 Euripldct

142 3217 175 3275 et
200 3206 329 3290 Tragici
352 3202 556 3282 Ἡρακλείδας
580 3199 765 3285 appellant,
790 3209 821 3265 ot
847 3201 1003 3285 pictores,
1028 3204 1120 3268 utin
1145 3206 1318 3295 Aristopha

146 3315 196 3379 nis
214 3313 306 3378 Pluto
330 3330 376 3373 vs,
390 3312 466 3374 385.
514 3305 637 3369 Gaeteri
662 3324 716 3370 ens
735 3306 805 3377 τοὺς
824 3306 1009 3387 ’Ἡρακλέους
1030 3310 1151 3384 παῖδας
1172 3312 1320 3399 appellere

146 3418 267 3493 solent,
292 3423 328 3481 ιιι
349 3432 444 3498 saepe
468 3411 498 3475 in
519 3410 717 3497 Panegyrico
737 3412 914 3487 isocrates,
939 3410 993 3476 sed
1022 3413 1151 3481 eosdem
1172 3420 1322 3499 ‘upamt

147 3527 204 3596 δας
241 3518 415 3605 Xenophon
450 3516 595 3581 nominat
627 3515 659 3579 in
693 3515 824 3582 bleruor.
850 3516 905 3582 lll.
930 3536 961 3581 ν.
990 3521 1041 3583 ιθ.
1088 3520 1322 3608 Xenophonteo

148 3638 280 3717 apparet
306 3643 367 3691 non
392 3621 450 3686 bos
474 3620 597 3698 dicere,
622 3619 677 3685 sed
701 3641 773 3697 eos,
808 3623 864 3707 qui
889 3621 929 3687 ob
961 3620 1055 3707 longo
1087 3626 1187 3692 exilio
1214 3630 1324 3697 reverti

146 3742 180 3803 et
201 3733 274 3798 aliis
306 3727 513 3814 Peloponnesi
545 3725 689 3811 partibus
717 3736 749 3792 et
780 3727 936 3791 Laconica
967 3728 1059 3813 potiti
1087 3741 1184 3798 sunt:
1219 3736 1324 3822 quibus

149 3838 233 3928 qnod
271 3837 457 3924 Lycurgum
490 3831 656 3917 aequalem
680 3830 780 3896 luisse
813 3840 924 3897 narrat
953 3831 1161 3903 vehementer
1192 3838 1325 3919 tollitur,

150 3943 206 4012 sed
230 3952 278 4009 est
308 3960 343 4007 ea
376 3939 445 4026 ipsa
468 3957 520 4002 res
551 3935 668 4002 indicio
694 3936 780 4002 hunc
810 3938 878 4018 περὶ
903 3947 958 4012 τῆς
988 3942 1141 4007 Λακώνων
1174 3949 1325 4019 πολιτείας

147 4046 290 4115 libellum
315 4052 513 4131 perveterem
545 4061 615 4107 esse
638 4050 671 4107 et
697 4039 785 4106 illins
810 4043 926 4119 aetatis
954 4064 1055 4130 quum
1086 4048 1233 4118 nondum
1260 4052 1326 4119 bace

146 4172 165 4218 u
189 4170 350 4239 quoquam
380 4147 568 4233 diligentius
591 4147 754 4233 explorata
776 4154 808 4211 et
834 4149 1033 4233 temporibus
1062 4154 1133 4219 suis
1156 4154 1264 4223 divisa
1288 4176 1326 4223 ct·

146 4266 228 4324 sent.
265 4255 373 4322 ·Vides
391 4251 600 4321 Plutarchum
621 4251 844 4319 indubitanter
862 4252 948 4320 bunc
967 4253 1109 4323 libellum
1130 4258 1326 4349 Xenophonti

146 4363 289 4429 tribuere
309 4370 341 4429 et
362 4362 432 4429 eius
452 4359 645 4427 auctoritate
668 4377 818 4427 securum
844 4359 913 4437 nti,
937 4380 1035 4447 qurum
1055 4382 1131 4431 cunt
1155 4365 1326 4439 doctissimi
