2940 5010
718 324 780 386 749

154 496 250 571 νονίονς
285 495 484 563 demonstrat
512 495 590 561 haec
621 493 743 560 oudnn
779 494 922 561 coniecto
958 494 1039 561 hello
1071 494 1336 582 Peloponnesiaco

152 604 275 689 scripto
297 621 376 668 esse.
425 601 514 683 Quod
539 601 624 667 enim
650 602 733 673 ἐντὸς
758 602 863 678 ὀλίγον
886 601 994 683 χρόνον
1020 601 1100 667 dicit
1128 600 1333 667 intervalium

151 715 202 772 est
221 726 379 773 annorum
402 711 467 782 55,
494 725 632 792 nonique
651 725 734 771 anno
752 709 816 770 464
842 705 1052 772 Athenienses
1076 706 1335 786 Λκκεδονμονίους

151 808 267 879 οίλονσο
301 814 371 878 ἀντί
404 813 594 886 Μεσσηνίων.
648 811 736 892 Quod
769 810 808 875 de
840 810 971 876 hliicsiis
1002 811 1081 877 dicit
1113 815 1195 887 ἐντὸς
1228 813 1336 890 ἀλίμου

147 917 259 999 χρόνου
281 916 457 989 ἀποςάντες
478 917 529 980 τὸν
552 917 645 993 δῆμον
670 915 870 995 κωσίκοψοον,
902 925 1028 982 certum
1052 927 1101 983 est
1127 936 1200 983 eum
1229 915 1336 981 dicere

148 1022 206 1097 πίνν
228 1028 286 1087 σῶν
315 1023 476 1097 Μνλησίων
510 1022 665 1090 ἀσθςωσνν
698 1040 781 1086 anino
802 1025 868 1085 eth.
902 1021 1018 1087 iactam
1050 1033 1082 1088 et
1106 1041 1124 1087 a
1149 1018 1338 1108 Thucydide

147 1136 433 1200 commemoratam
453 1125 536 1190 Vill.
564 1132 614 1191 17.
649 1127 750 1192 Annis
770 1129 812 1191 ⁶28
836 1134 931 1190 cinea
956 1126 1166 1192 Athenienses
1185 1125 1336 1212 Milesiis,

148 1248 251 1316 quom
276 1250 294 1296 a
319 1229 437 1296 Samiis
458 1230 540 1296 helio
570 1241 815 1316 premerentur,
846 1250 937 1316 opem
970 1230 1131 1298 tulerant:
1167 1228 1222 1296 sed
1253 1229 1336 1315 quod

146 1344 261 1403 narret
285 1336 459 1422 Xenophon
490 1336 700 1402 Athenienses
733 1338 894 1410 Μνλησίων
918 1336 1040 1403 ἑλέσθων
1068 1338 1138 1411 τοὺς
1169 1335 1335 1415 βελτίονος

144 1460 265 1527 eosque
289 1443 473 1516 ἀποςοίντοις
505 1441 686 1524 κκτοικίψκν
718 1446 769 1508 τὸν
805 1444 899 1520 δῆμον
932 1442 1064 1507 testium
1092 1442 1227 1527 penuria
1257 1439 1335 1526 quid

145 1547 194 1612 rei
219 1547 263 1612 sit
287 1547 484 1633 ignoremus.
534 1547 647 1633 itaque
669 1548 728 1612 hoc
756 1548 952 1614 tenentium:
985 1547 1017 1610 in
1047 1546 1108 1613 hoc
1136 1546 1205 1612 loco
1228 1554 1259 1611 et
1283 1564 1335 1610 ex·

145 1650 265 1718 cidisse
297 1653 463 1738 complura
495 1662 527 1717 et
559 1673 640 1738 quoe
673 1660 863 1739 supererant
894 1653 1012 1718 veteris
1047 1652 1228 1736 scripturae
1259 1649 1336 1716 reii-

146 1757 244 1844 quiee
279 1765 400 1823 temere
435 1777 505 1824 esse
538 1759 785 1843 coingtutinatas.
842 1758 855 1822 l
885 1778 970 1824 nunc
1003 1766 1036 1824 et
1068 1757 1146 1823 hoec
1176 1758 1334 1842 interpre-

143 1872 225 1929 tore.

189 1967 227 2033 ln
253 1969 271 2052 §
297 1973 350 2036 12.
385 1970 477 2034 initio
500 1969 581 2046 loci,
608 1980 643 2037 ut
675 1990 772 2057 supro
796 1969 960 2048 diximus,
984 1970 1152 2036 restituto:
1178 1967 1332 2048 ὑσολάβον

147 2073 180 2139 δέ
201 2097 250 2147 σος
274 2072 334 2139 ἀν·
359 2074 491 2148 οὐδεὶς
515 2075 591 2156 ἀροο
614 2077 765 2149 ἀδίκως
794 2078 993 2152 ἀσίμωπκν
1018 2077 1244 2153 ’hidonem
1268 2083 1331 2139 ste·

146 2178 207 2243 tim
240 2177 328 2244 atiud
359 2179 512 2245 tnendunn
537 2182 737 2267 conspicitur
765 2182 796 2244 in
821 2182 860 2245 iis
884 2200 965 2266 quae
995 2178 1167 2264 Xenophon
1201 2198 1332 2265 respon·

146 2282 220 2350 det:
252 2285 314 2362 ἐγὼ
340 2285 370 2350 δέ
393 2286 480 2366 φημί
509 2312 594 2360 σννοος
618 2283 694 2351 είνονν
718 2278 744 2350 οἳ
770 2287 879 2360 ἀδίκως
914 2288 1103 2365 ἦπίμωντονν,
1136 2284 1234 2361 ὀλίγον
1258 2283 1331 2362 μέν·

146 2411 192 2455 σον
215 2389 305 2462 σννές.
353 2388 599 2476 compositionis
629 2392 743 2455 vitium
769 2391 815 2455 sic
840 2392 946 2456 satiari
973 2392 1112 2476 poterit,
1143 2398 1182 2454 ut
1212 2388 1330 2453 scrihe-

145 2502 219 2559 tttr:
243 2495 305 2572 ἐγὼ
324 2494 362 2560 δὲ
379 2503 463 2577 φημν
484 2497 541 2575 μὲν
563 2494 609 2562 ἔον
629 2497 692 2566 ν’ςίν
713 2491 741 2561 οἳ
763 2498 873 2570 ἀδίκως
896 2497 1084 2576 ἦτίμωνπκν,
1107 2495 1205 2573 ὀλίγον
1225 2493 1329 2573 μένσον

143 2599 235 2672 σννίς.
282 2598 417 2665 Fatetur
439 2622 505 2666 csse
527 2602 581 2687 qni
603 2602 721 2666 iniuria
741 2605 838 2666 notati
857 2604 939 2681 sint,
965 2601 1018 2668 sed
1041 2622 1156 2686 pancos
1181 2599 1330 2685 quosdam

143 2720 214 2769 csse
231 2703 288 2769 eit.
338 2702 389 2769 Sic
413 2713 500 2771 certe
524 2705 603 2772 hoec
628 2709 747 2772 usitato
772 2709 887 2773 Atticis
911 2728 1000 2773 inore
1017 2706 1192 2792 composito
1216 2714 1330 2781 erunt,

144 2816 181 2875 ut
204 2806 245 2873 de
270 2807 393 2893 Vectig.
417 2808 470 2875 ΙΙΙ.
501 2817 560 2876 11:
584 2808 670 2888 οἷμκν
695 2814 720 2877 δ’
745 2814 847 2891 ἔγωγε
870 2852 913 2866 --
933 2813 985 2878 κον)
1007 2811 1109 2889 ξένους
1132 2809 1170 2875 ἀν
1195 2811 1328 2882 πολλοὺς

142 2914 350 2991 είσενεγκείν,
381 2916 437 2984 ἐς)
468 2918 493 2980 δ’
525 2914 569 2989 ἀς
599 2918 637 2982 ἀν
665 2919 717 2983 uoci
751 2919 899 2995 πόλεος,
931 2920 1032 2982 etita
1059 2919 1189 3004 passini·
1238 2924 1328 3010 Quod
1397 2936 1400 2940 ’

141 3016 281 3104 denique
305 3019 435 3085 scribit:
460 3023 541 3086 οὐδὲν
564 3024 756 3100 ἕνθυμείσίκν
789 3025 958 3103 ἀνθρώπους
986 3022 1092 3098 οίτννεο
1120 3027 1241 3106 δοκονίως
1265 3038 1327 3109 >ici-

140 3147 278 3202 μωνσκν,
302 3126 377 3189 ἀλλ’
402 3125 509 3197 είσννες
531 3128 664 3201 ἀδίκως,
691 3129 787 3192 eliani
811 3130 842 3192 in
865 3128 914 3193 his
935 3129 1051 3193 vitiutn
1073 3129 1181 3200 alitur.
1231 3141 1327 3205 οὐδὲν

141 3229 333 3307 ἐνθυμείσθονν
359 3229 512 3295 dicuntur
536 3233 589 3315 qni
621 3237 721 3297 vitain
754 3234 887 3297 otiosam
916 3241 948 3298 et
974 3233 1101 3299 nonem
1133 3245 1237 3306 securi
1263 3247 1327 3330 ogi·

142 3342 224 3399 tant.
273 3333 363 3400 Picto
386 3336 534 3401 Contione
557 3336 640 3422 opud
664 3337 832 3403 Scholiest
856 3338 1016 3423 Aristoph.
1041 3339 1122 3407 Nnh.
1148 3349 1227 3412 109:

324 3436 345 3504 ὦ
370 3442 429 3505 θεῖε
452 3441 602 3522 Μίρυχε,

324 3547 376 3610 καί
401 3548 580 3621 Γλοουκέτης
606 3552 622 3625 ἡ
647 3557 775 3631 picco,
799 3551 851 3615 κοί
876 3549 1061 3631 Λεωγίρκς,

323 3648 354 3714 οἵ
372 3650 446 3731 ζῆτε
469 3655 602 3732 τερπνῶς
626 3656 728 3720 οὐδὲν
752 3657 1044 3735 ἐνθυμούμενον,

139 3754 173 3820 it
205 3764 254 3821 est
284 3755 382 3821 ωκίθίν
412 3757 496 3820 συσίν
530 3758 676 3837 solliciti,
713 3760 797 3847 quod
830 3782 928 3847 quoin
962 3780 979 3824 a
1008 3761 1226 3849 Xenophontis
1259 3769 1327 3836 loco

140 3878 276 3946 prorsus
300 3859 441 3926 elietnnn
469 3862 529 3935 sit,
554 3865 647 3927 cuins
670 3868 829 3932 sententie
854 3867 977 3951 flagitat
1009 3876 1044 3932 ut
1070 3866 1217 3936 dicotur:
1255 3877 1328 3960 »qni

138 3965 208 4031 inre
230 3967 328 4031 notati
360 3967 419 4031 sint
452 3966 532 4030 nihii
565 3978 675 4034 contro
708 3990 808 4056 reinp.
843 3971 967 4047 moliri,
1005 3973 1058 4036 scd
1092 3974 1147 4058 qni
1174 3976 1326 4044 iniurio.”

139 4090 206 4136 uno
231 4070 383 4137 vocabulo
415 4071 560 4157 suppleto
589 4074 795 4140 scnihentiuni
829 4096 899 4142 osse
930 4096 1062 4142 censeo:
1097 4080 1180 4145 οὐδὲν
1206 4080 1324 4173 (ieonis)

140 4176 332 4254 ἐνθυμείσίκν
355 4180 525 4259 ἀνθρώπους
553 4179 658 4253 οίπννες
682 4182 802 4254 δνκκίως
828 4183 1008 4261 ἡπίμονσοον.

186 4283 248 4348 Pro
272 4282 440 4362 ἦσίμωνσκν
466 4286 498 4349 in
523 4284 614 4349 iihcis
638 4295 685 4351 cst
709 4294 878 4365 σνμῶνσννν,
911 4287 994 4373 quod
1027 4289 1102 4355 olion
1127 4294 1265 4376 possisne
1290 4297 1323 4360 in

139 4389 313 4467 ἀσνμῶντκν
351 4389 460 4455 infelix
495 4400 657 4457 connector
696 4393 847 4472 intinxit,
883 4393 1152 4480 quoniatlnnodutn
1188 4401 1325 4486 pessimo
