2940 5010
701 305 767 367 'iat

186 475 280 559 Quod
304 477 336 543 in
362 474 580 563 Xenophontis
604 476 680 562 tiep.
706 475 1029 543 Lacedaemoniorum
1049 477 1117 545 XV.
1143 485 1174 546 7.
1206 479 1325 568 iegitur
1365 542 1371 552 .

135 580 197 651 aul
219 581 321 666 ὅρκους
344 585 376 650 δὲ
405 584 555 659 ἀλλήλοις
588 582 673 648 ιιοιτιὶ
704 591 790 661 urina
820 588 995 658 τοιοῦντοιι,
1030 583 1130 668 ἔφοροι
1160 587 1218 666 μὲν
1251 591 1326 671 ὑπὲρ

136 697 200 767 τῆς
223 691 364 767 πόλεως,
386 689 540 768 βασιλεὺς
563 688 589 753 δ’
614 689 688 769 ὑπὲρ
716 690 843 761 ἑοιυτοῖι.
877 708 917 755 ex
950 690 1018 775 ipsa
1051 691 1098 756 rei
1135 702 1251 760 natura
1280 696 1326 760 in·

137 793 298 863 credibile
320 793 400 861 mihi
425 793 553 859 ridetur
574 794 844 879 quotmensibus,
868 795 953 860 sarai
974 803 1078 875 μῆνοι,
1101 797 1147 862 ita
1165 818 1234 864 case
1259 798 1327 865 fieri

138 898 297 980 solitam,
331 906 364 966 et
398 897 568 965 eoniirmat
603 917 654 965 me
688 899 837 965 Nicotaus
871 899 1088 967 [tamastanus
1122 900 1207 988 apud
1241 903 1327 970 Stoh.

139 1002 335 1081 utorium,
361 1008 424 1080 to,
448 1004 504 1090 qni
527 1024 566 1069 ex
590 1004 649 1070 hoc
677 1006 783 1090 capite
811 1003 891 1070 uuas
915 1005 1000 1071 locos
1023 1009 1197 1094 excerpsit:
1222 1011 1330 1076 urrani·

140 1134 259 1183 σιιτοιι
279 1110 312 1176 δὲ
334 1112 377 1192 τῷ
389 1108 524 1189 βοισιλεῒ
542 1108 659 1181 πάντες
680 1113 762 1184 πλὴν
782 1113 841 1174 τῶν
862 1110 998 1192 ἐφόρουν,
1020 1120 1052 1177 et
1075 1113 1178 1191 ὀμνύει
1202 1116 1234 1181 δὲ
1257 1118 1329 1196 πρὸ

139 1224 217 1295 τῆς
250 1217 384 1298 ἀρχῆς
415 1216 429 1280 l
461 1215 614 1294 βασιλεὺς
645 1216 731 1280 narde
754 1216 824 1289 τοὺς
861 1225 916 1291 τῆς
950 1215 1068 1291 πόλεως
1105 1217 1211 1297 νόμους
1237 1220 1331 1300 ticon,-

141 1319 279 1389 λουσιν.
325 1318 453 1400 Quanto
476 1318 536 1386 hoc
559 1320 691 1406 propina
715 1318 810 1385 sidem
835 1321 878 1386 sit
904 1321 938 1385 in
962 1321 1047 1407 tepea
1077 1323 1185 1388 iurare
1211 1324 1331 1409 Regem

142 1432 219 1493 toan
241 1440 342 1512 quum
370 1426 513 1512 primum
538 1443 675 1509 regnum
699 1425 741 1489 sit
775 1425 996 1511 capessiturus
1030 1427 1100 1516 (apl
1128 1436 1185 1504 τῆς
1216 1431 1331 1518 ἀρχῆς)

142 1530 370 1617 ausoniaque
391 1530 501 1596 sentit.
549 1526 667 1595 Eadem
698 1528 819 1595 Nicolai
844 1529 939 1596 nerha
963 1532 1116 1598 mendum
1149 1534 1254 1600 inesse
1282 1554 1332 1600 ar·

141 1642 254 1723 gaunt
275 1635 309 1701 in
333 1635 391 1714 iis,
419 1652 502 1721 qnae
526 1633 612 1721 apnd
634 1633 876 1721 Xenophontem
905 1637 1061 1703 continuo
1092 1648 1293 1725 sequuntur:
1319 1642 1333 1705 i

141 1742 179 1811 ’l
200 1737 286 1824 tanae
315 1740 362 1810 tet
395 1742 438 1823 τῷ
469 1742 527 1819 μὲν
558 1740 692 1819 βοισιιιεῖ
718 1740 803 1806 narei
835 1741 907 1815 τοὺς
941 1750 997 1818 τῆς
1024 1743 1143 1818 πόλεως
1178 1745 1333 1824 κειμένους

143 1846 255 1929 νόμους
277 1846 490 1926 βασιλεύσειν.
538 1845 650 1913 Graeci
679 1846 766 1912 enim
795 1845 945 1913 dicebant
970 1855 1027 1914 aut
1059 1848 1145 1914 κιττοὶ
1171 1851 1243 1922 τοὺς
1277 1860 1334 1927 τῆς

143 1951 267 2027 πόλεως
291 1951 399 2030 νόμους
424 1960 480 2017 aul
503 1954 589 2018 κοιτοὶ
612 1950 683 2024 τοὺς
707 1951 863 2029 κειμένους
896 1953 1026 2032 νόμους,
1058 1955 1255 2040 coniungere
1279 1975 1334 2022 au·

143 2064 214 2125 tem
239 2034 414 2143 utrumque
433 2077 494 2123 non
516 2064 644 2122 tantum
670 2055 863 2123 inusitatum
884 2058 939 2124 sed
964 2058 1125 2126 soloecnm
1149 2062 1247 2127 etiarn
1268 2070 1334 2128 est:

144 2162 195 2231 alu
227 2162 314 2229 euim
345 2161 474 2228 dativus
509 2162 730 2248 requireretur
765 2164 852 2229 ιιιιτοὶ
887 2165 958 2237 τοὺς
987 2174 1035 2248 τῇ
1071 2165 1193 2231 πόλει
1232 2168 1335 2246 κειμέ-

143 2290 214 2344 aava
234 2267 354 2348 νόμους.
401 2266 513 2353 Itaque
540 2277 597 2332 aut
631 2274 687 2342 τῆς
714 2266 833 2340 adasai
868 2267 1086 2336 inducendum
1111 2280 1160 2337 est
1190 2280 1245 2338 aut
1274 2297 1334 2338 κει·

142 2372 266 2457 atrae

190 2478 340 2548 (inaniter
363 2475 462 2543 officit
484 2477 664 2543 sententiae
693 2475 884 2543 rocahulum
915 2477 987 2545 οἶνοι
1016 2478 1159 2545 asciola
1187 2500 1336 2568 praepos·

143 2590 217 2651 tare
249 2583 408 2650 insertum
441 2582 476 2646 in
509 2584 591 2666 §8:
623 2578 721 2648 οιῦτοοι
749 2583 807 2661 μὲν
839 2579 888 2648 οὖν
911 2587 945 2649 al
978 2584 1068 2663 τιμον)
1097 2584 1196 2674 [οἶνοι]
1224 2587 1333 2668 ζῶντι

144 2690 281 2771 Raram
300 2689 458 2766 ittonam,
482 2696 728 2753 enumeraverat
755 2688 841 2753 enim
872 2687 1047 2775 Xenophon
1074 2688 1248 2775 diligenter
1281 2692 1336 2759 hu·

145 2812 261 2869 nom,
286 2793 342 2880 qui
366 2793 445 2878 Regi
468 2793 553 2857 domi
576 2792 767 2878 militiaeque
791 2791 988 2860 haberentur
1019 2814 1086 2881 cap.
1108 2796 1182 2862 Xlll
1205 2807 1237 2863 et
1261 2798 1335 2874 XV,

145 2918 230 2989 qnae
253 2899 449 2984 ingenuino
470 2897 542 2963 iibri
572 2897 674 2963 torma
702 2898 889 2963 continuata
924 2898 1078 2977 inerunt,
1110 2909 1141 2967 et
1165 2902 1337 2968 manifesto

145 3012 353 3093 opponuntur
377 3003 426 3069 ltls
451 3005 638 3089 sequentia:
668 2997 704 3069 cti
727 3004 758 3069 δὲ
782 3005 1088 3080 τελευτήσαντι
1119 3007 1210 3086 τιμοιὶ
1242 3010 1335 3087 βοισι·

146 3117 201 3177 art
218 3110 366 3177 δίδονται.
414 3108 582 3174 Caeterum
605 3115 694 3193 patet
719 3108 895 3173 norissima
917 3107 1034 3187 verba,
1059 3131 1142 3197 quae
1162 3131 1238 3179 casu
1264 3113 1337 3179 her·

147 3223 310 3283 ametrum
335 3212 496 3279 alliciunt:

285 3322 356 3394 τοὺς
380 3319 631 3398 Λακεδαιμονίου
653 3319 797 3397 βοισιλεῖι
822 3322 1100 3400 τοοτετιμήκοιοιν,

149 3426 229 3495 elim
253 3446 315 3492 non
339 3424 438 3492 luisse
461 3424 558 3492 libelli
591 3423 790 3498 clausulam,
816 3424 870 3490 sed
895 3424 1066 3511 diligenter
1088 3448 1105 3494 a
1130 3427 1339 3515 Xenophonte

145 3530 326 3619 descriptos
349 3548 419 3598 esse
451 3530 587 3596 honores
621 3530 699 3615 liegi
731 3529 964 3616 Spartanorum
988 3533 1054 3598 nita
1086 3533 1197 3600 iuncto
1230 3536 1339 3601 soiitos

149 3637 286 3716 haberi,
308 3637 372 3702 nisi
394 3634 475 3702 torte
506 3645 600 3722 putas
623 3635 759 3701 honores
786 3636 881 3717 etiarn
911 3637 1098 3715 tenuiores,
1132 3640 1250 3727 quihus
1274 3642 1339 3706 riri

148 3760 245 3832 reges
266 3739 497 3819 afficerentur,
522 3750 672 3808 accurate
696 3742 882 3826 exposuisse
907 3741 1170 3828 Xenophontem,
1195 3765 1339 3811 summos

151 3868 191 3918 aa
215 3866 315 3936 paene
343 3844 487 3922 divinos,
522 3845 639 3934 quihus
671 3855 893 3912 mactarentur
922 3855 994 3932 post
1022 3859 1179 3928 mortem,
1211 3850 1339 3916 silentio

150 3954 377 4044 praeteritam
400 3952 465 4018 iilis
485 3953 624 4038 dariique
649 3952 681 4016 in
706 3949 793 4017 calce
816 3950 891 4017 libri
918 3953 1080 4038 probabile
1106 3965 1153 4021 est
1185 3954 1340 4022 nonnulla

150 4058 254 4127 inisse
282 4056 407 4124 adiecta
437 4056 476 4126 de
509 4066 660 4145 corrupta
691 4065 799 4123 vetere
832 4057 1001 4144 disciplina
1030 4059 1248 4148 neglectisque
1278 4061 1339 4149 uy-

151 4166 245 4252 cnrgi
270 4164 396 4250 iegibus
414 4173 446 4229 et
467 4162 611 4229 moribus
633 4161 834 4250 depravatis,
860 4183 997 4251 quorum
1019 4186 1106 4232 nunc
1127 4167 1225 4234 exiles
1244 4185 1338 4254 qnae-

149 4269 224 4339 iiam
249 4268 406 4356 reliquiae
427 4270 459 4334 in
489 4287 559 4354 cap.
582 4268 664 4336 XlV.
689 4270 864 4354 supersint.

1081 4383 1108 4421 ⁵2
