<?xml version="1.0" encoding="UTF-8"?>
<!DOCTYPE html PUBLIC "-//W3C//DTD XHTML 1.0 Transitional//EN"
    "http://www.w3.org/TR/xhtml1/DTD/xhtml1-transitional.dtd">
<html xmlns="http://www.w3.org/1999/xhtml" xml:lang="en" lang="en">
 <head>
  <title>
</title>
<meta http-equiv="Content-Type" content="text/html;charset=utf-8" />
  <meta name='ocr-system' content='tesseract 3.04.00' />
  <meta name='ocr-capabilities' content='ocr_page ocr_carea ocr_par ocr_line ocrx_word'/>
</head>
<body>
  <div class='ocr_page' id='page_1' title='image "./novaelectionesq00cobegoog/novaelectionesq00cobegoog_0235.png"; bbox 0 0 2940 5010; ppageno 0'>
   <div class='ocr_carea' id='block_1_1' title="bbox 707 260 768 322">
    <p class='ocr_par' dir='ltr' id='par_1_1' title="bbox 707 260 768 322">
     <span class='ocr_line' id='line_1_1' title="bbox 707 260 768 322; baseline 0.016 -1"><span class='ocrx_word' id='word_1_1' title='bbox 707 260 768 322; x_wconf 85' lang='lat'><strong><em>197</em></strong></span> 
     </span>
    </p>
   </div>
   <div class='ocr_carea' id='block_1_2' title="bbox 108 429 1331 1775">
    <p class='ocr_par' dir='ltr' id='par_1_2' title="bbox 108 429 1329 1027">
     <span class='ocr_line' id='line_1_2' title="bbox 187 429 1329 518; baseline -0.002 -13"><span class='ocrx_word' id='word_1_2' title='bbox 187 432 406 505; x_wconf 79' lang='lat' dir='ltr'><strong>uuutreda</strong></span> <span class='ocrx_word' id='word_1_3' title='bbox 433 430 541 501; x_wconf 77' lang='lat' dir='ltr'><strong>sciolis</strong></span> <span class='ocrx_word' id='word_1_4' title='bbox 570 429 680 498; x_wconf 87' lang='lat' dir='ltr'><strong>addita</strong></span> <span class='ocrx_word' id='word_1_5' title='bbox 709 431 900 498; x_wconf 81' lang='lat' dir='ltr'><strong>lacunarum</strong></span> <span class='ocrx_word' id='word_1_6' title='bbox 929 431 1150 518; x_wconf 82' lang='lat' dir='ltr'><strong>supplementa</strong></span> <span class='ocrx_word' id='word_1_7' title='bbox 1179 456 1236 505; x_wconf 87' lang='lat' dir='ltr'><strong><em>uos</em></strong></span> <span class='ocrx_word' id='word_1_8' title='bbox 1266 445 1329 504; x_wconf 85' lang='lat' dir='ltr'><strong>tor·-</strong></span> 
     </span>
     <span class='ocr_line' id='line_1_3' title="bbox 185 534 1328 629; baseline 0.002 -22"><span class='ocrx_word' id='word_1_9' title='bbox 185 550 287 629; x_wconf 77' lang='grc' dir='ltr'><strong><em>ηιοιιι,</em></strong></span> <span class='ocrx_word' id='word_1_10' title='bbox 305 536 412 627; x_wconf 78' lang='lat' dir='ltr'><strong>qualia</strong></span> <span class='ocrx_word' id='word_1_11' title='bbox 435 535 537 605; x_wconf 86' lang='lat' dir='ltr'><strong>muita</strong></span> <span class='ocrx_word' id='word_1_12' title='bbox 554 536 588 602; x_wconf 92' lang='lat' dir='ltr'><strong><em>in</em></strong></span> <span class='ocrx_word' id='word_1_13' title='bbox 613 534 747 602; x_wconf 84' lang='lat' dir='ltr'><strong>Stubaeo</strong></span> <span class='ocrx_word' id='word_1_14' title='bbox 767 535 966 604; x_wconf 75' lang='lat' dir='ltr'><strong>ostendimus</strong></span> <span class='ocrx_word' id='word_1_15' title='bbox 990 538 1103 606; x_wconf 86' lang='lat' dir='ltr'><strong>inesse.</strong></span> <span class='ocrx_word' id='word_1_16' title='bbox 1137 542 1235 609; x_wconf 72' lang='lat' dir='ltr'><strong>uncte</strong></span> <span class='ocrx_word' id='word_1_17' title='bbox 1259 564 1328 629; x_wconf 82' lang='lat' dir='ltr'><strong>pro-</strong></span> 
     </span>
     <span class='ocr_line' id='line_1_4' title="bbox 108 639 619 727; baseline -0.016 -12"><span class='ocrx_word' id='word_1_18' title='bbox 108 676 110 681; x_wconf 96' lang='lat'>·</span> <span class='ocrx_word' id='word_1_19' title='bbox 186 644 269 715; x_wconf 74' lang='lat' dir='ltr'><strong>ntur</strong></span> <span class='ocrx_word' id='word_1_20' title='bbox 284 644 388 713; x_wconf 90' lang='lat' dir='ltr'><strong>umnia</strong></span> <span class='ocrx_word' id='word_1_21' title='bbox 406 642 435 707; x_wconf 86' lang='lat' dir='ltr'><strong><em>ai</em></strong></span> <span class='ocrx_word' id='word_1_22' title='bbox 458 639 619 727; x_wconf 81' lang='lat' dir='ltr'><strong>legemus:</strong></span> 
     </span>
     <span class='ocr_line' id='line_1_5' title="bbox 368 746 1054 829; baseline -0.001 -14"><span class='ocrx_word' id='word_1_23' title='bbox 368 748 478 829; x_wconf 86' lang='grc' dir='ltr'><strong><em>βούλει</em></strong></span> <span class='ocrx_word' id='word_1_24' title='bbox 501 746 651 826; x_wconf 84' lang='grc' dir='ltr'><strong><em>λέγεσύαι</em></strong></span> <span class='ocrx_word' id='word_1_25' title='bbox 675 748 719 825; x_wconf 77' lang='grc' dir='ltr'><strong><em>μη</em></strong></span> <span class='ocrx_word' id='word_1_26' title='bbox 743 747 837 812; x_wconf 80' lang='grc' dir='ltr'><strong><em>ύανὼν</em></strong></span> <span class='ocrx_word' id='word_1_27' title='bbox 861 746 1054 825; x_wconf 68' lang='grc' dir='ltr'><strong><em>τεθνηκέναι,</em></strong></span> 
     </span>
     <span class='ocr_line' id='line_1_6' title="bbox 186 850 1221 943; baseline 0.002 -21"><span class='ocrx_word' id='word_1_28' title='bbox 186 872 269 943; x_wconf 61' lang='lat' dir='ltr'><strong><em>upa</em></strong></span> <span class='ocrx_word' id='word_1_29' title='bbox 286 852 377 942; x_wconf 78' lang='lat' dir='ltr'><strong>plane</strong></span> <span class='ocrx_word' id='word_1_30' title='bbox 398 852 484 919; x_wconf 83' lang='lat' dir='ltr'><strong>idem</strong></span> <span class='ocrx_word' id='word_1_31' title='bbox 506 858 556 919; x_wconf 81' lang='lat' dir='ltr'><strong><em>est</em></strong></span> <span class='ocrx_word' id='word_1_32' title='bbox 574 850 659 934; x_wconf 80' lang='grc' dir='ltr'><strong><em>λύγῳ</em></strong></span> <span class='ocrx_word' id='word_1_33' title='bbox 680 853 781 918; x_wconf 68' lang='lat' dir='ltr'><strong>tavers</strong></span> <span class='ocrx_word' id='word_1_34' title='bbox 806 860 838 918; x_wconf 87' lang='lat' dir='ltr'><strong><em>et</em></strong></span> <span class='ocrx_word' id='word_1_35' title='bbox 864 853 1014 931; x_wconf 85' lang='grc' dir='ltr'><strong><em>λέγεσύαι</em></strong></span> <span class='ocrx_word' id='word_1_36' title='bbox 1033 857 1221 931; x_wconf 70' lang='grc' dir='ltr'><strong><em>τεθνηκέναι.</em></strong></span> 
     </span>
     <span class='ocr_line' id='line_1_7' title="bbox 218 952 796 1027; baseline -0.007 -2"><span class='ocrx_word' id='word_1_37' title='bbox 218 958 245 1025; x_wconf 90' lang='lat' dir='ltr'><strong><em>in</em></strong></span> <span class='ocrx_word' id='word_1_38' title='bbox 261 958 370 1027; x_wconf 74' lang='lat' dir='ltr'><strong>ricinia</strong></span> <span class='ocrx_word' id='word_1_39' title='bbox 394 977 441 1023; x_wconf 83' lang='lat' dir='ltr'><strong><em>vs.</em></strong></span> <span class='ocrx_word' id='word_1_40' title='bbox 463 960 563 1024; x_wconf 74' lang='lat'>1062.</span> <span class='ocrx_word' id='word_1_41' title='bbox 793 952 796 957; x_wconf 79' lang='grc'><strong>’</strong></span> 
     </span>
    </p>

    <p class='ocr_par' dir='ltr' id='par_1_3' title="bbox 325 1059 1104 1148">
     <span class='ocr_line' id='line_1_8' title="bbox 325 1059 1104 1148; baseline 0.001 -18"><span class='ocrx_word' id='word_1_42' title='bbox 325 1066 364 1139; x_wconf 70' lang='lat' dir='ltr'><strong><em>oie</em></strong></span> <span class='ocrx_word' id='word_1_43' title='bbox 387 1059 422 1129; x_wconf 83' lang='grc' dir='ltr'><strong><em>εὗ</em></strong></span> <span class='ocrx_word' id='word_1_44' title='bbox 445 1062 509 1129; x_wconf 75' lang='grc' dir='ltr'><strong><em>τίδ’</em></strong></span> <span class='ocrx_word' id='word_1_45' title='bbox 531 1059 625 1137; x_wconf 78' lang='grc' dir='ltr'><strong><em>εἶπας</em></strong></span> <span class='ocrx_word' id='word_1_46' title='bbox 648 1064 732 1139; x_wconf 79' lang='grc' dir='ltr'><strong><em>πλην</em></strong></span> <span class='ocrx_word' id='word_1_47' title='bbox 754 1059 796 1128; x_wconf 81' lang='grc' dir='ltr'><strong><em>έν.</em></strong></span> <span class='ocrx_word' id='word_1_48' title='bbox 821 1063 847 1128; x_wconf 82' lang='grc' dir='ltr'><strong><em>εί</em></strong></span> <span class='ocrx_word' id='word_1_49' title='bbox 869 1062 971 1146; x_wconf 80' lang='grc' dir='ltr'><strong><em>χέρσῳ</em></strong></span> <span class='ocrx_word' id='word_1_50' title='bbox 994 1064 1104 1148; x_wconf 79' lang='grc' dir='ltr'><strong><em>σαφές</em></strong></span> 
     </span>
    </p>

    <p class='ocr_par' dir='ltr' id='par_1_4' title="bbox 186 1167 1331 1775">
     <span class='ocr_line' id='line_1_9' title="bbox 325 1167 1066 1250; baseline -0.003 -15"><span class='ocrx_word' id='word_1_51' title='bbox 325 1170 420 1236; x_wconf 72' lang='lat' dir='ltr'><strong><em>duim</em></strong></span> <span class='ocrx_word' id='word_1_52' title='bbox 443 1168 585 1236; x_wconf 78' lang='grc' dir='ltr'><strong><em>κελεύσει</em></strong></span> <span class='ocrx_word' id='word_1_53' title='bbox 609 1172 658 1246; x_wconf 91' lang='grc' dir='ltr'><strong><em>σ’,</em></strong></span> <span class='ocrx_word' id='word_1_54' title='bbox 680 1167 762 1235; x_wconf 74' lang='grc' dir='ltr'><strong><em>οὐδέν</em></strong></span> <span class='ocrx_word' id='word_1_55' title='bbox 787 1170 805 1243; x_wconf 74' lang='grc' dir='ltr'><em>ἦ</em></span> <span class='ocrx_word' id='word_1_56' title='bbox 829 1175 945 1250; x_wconf 79' lang='grc' dir='ltr'><strong><em>σκῆψις</em></strong></span> <span class='ocrx_word' id='word_1_57' title='bbox 968 1169 1066 1250; x_wconf 81' lang='grc' dir='ltr'><strong><em>φέρει.</em></strong></span> 
     </span>
     <span class='ocr_line' id='line_1_10' title="bbox 187 1271 1330 1361; baseline 0.005 -24"><span class='ocrx_word' id='word_1_58' title='bbox 187 1288 231 1337; x_wconf 92' lang='grc' dir='ltr'><strong><em>ιιι</em></strong></span> <span class='ocrx_word' id='word_1_59' title='bbox 248 1280 352 1361; x_wconf 70' lang='lat' dir='ltr'><strong>aputu</strong></span> <span class='ocrx_word' id='word_1_60' title='bbox 379 1272 458 1360; x_wconf 89' lang='lat' dir='ltr'><strong>quid</strong></span> <span class='ocrx_word' id='word_1_61' title='bbox 485 1272 546 1341; x_wconf 88' lang='lat' dir='ltr'><strong>sihi</strong></span> <span class='ocrx_word' id='word_1_62' title='bbox 575 1276 614 1347; x_wconf 73' lang='grc' dir='ltr'><strong><em>ὡς</em></strong></span> <span class='ocrx_word' id='word_1_63' title='bbox 644 1271 720 1339; x_wconf 82' lang='lat' dir='ltr'><strong>velit</strong></span> <span class='ocrx_word' id='word_1_64' title='bbox 746 1274 780 1338; x_wconf 92' lang='lat' dir='ltr'><strong><em>in</em></strong></span> <span class='ocrx_word' id='word_1_65' title='bbox 811 1273 918 1359; x_wconf 84' lang='lat' dir='ltr'><strong>priore</strong></span> <span class='ocrx_word' id='word_1_66' title='bbox 941 1273 1068 1339; x_wconf 88' lang='lat' dir='ltr'><strong>senario</strong></span> <span class='ocrx_word' id='word_1_67' title='bbox 1091 1282 1124 1341; x_wconf 87' lang='lat' dir='ltr'><strong><em>et</em></strong></span> <span class='ocrx_word' id='word_1_68' title='bbox 1152 1275 1330 1347; x_wconf 83' lang='lat' dir='ltr'><strong>insiticium</strong></span> 
     </span>
     <span class='ocr_line' id='line_1_11' title="bbox 187 1375 1331 1465; baseline 0.004 -22"><span class='ocrx_word' id='word_1_69' title='bbox 187 1392 236 1443; x_wconf 81' lang='grc' dir='ltr'><strong><em>ιιι</em></strong></span> <span class='ocrx_word' id='word_1_70' title='bbox 256 1376 362 1457; x_wconf 74' lang='lat' dir='ltr'><strong>crudo,</strong></span> <span class='ocrx_word' id='word_1_71' title='bbox 393 1398 494 1465; x_wconf 89' lang='lat' dir='ltr'><strong>quum</strong></span> <span class='ocrx_word' id='word_1_72' title='bbox 518 1397 594 1444; x_wconf 84' lang='lat' dir='ltr'><strong>vera</strong></span> <span class='ocrx_word' id='word_1_73' title='bbox 624 1376 718 1445; x_wconf 80' lang='lat' dir='ltr'><strong>lectio</strong></span> <span class='ocrx_word' id='word_1_74' title='bbox 738 1378 798 1443; x_wconf 90' lang='lat' dir='ltr'><strong>sit:</strong></span> <span class='ocrx_word' id='word_1_75' title='bbox 833 1375 868 1444; x_wconf 81' lang='grc' dir='ltr'><strong><em>εὖ</em></strong></span> <span class='ocrx_word' id='word_1_76' title='bbox 895 1402 941 1444; x_wconf 80' lang='grc' dir='ltr'><strong><em>σοι</em></strong></span> <span class='ocrx_word' id='word_1_77' title='bbox 969 1376 1033 1444; x_wconf 79' lang='grc' dir='ltr'><strong><em>τίδ’</em></strong></span> <span class='ocrx_word' id='word_1_78' title='bbox 1059 1375 1151 1452; x_wconf 81' lang='grc' dir='ltr'><strong><em>είπας</em></strong></span> <span class='ocrx_word' id='word_1_79' title='bbox 1180 1383 1246 1448; x_wconf 71' lang='lat' dir='ltr'><strong><em>xri.</em></strong></span> <span class='ocrx_word' id='word_1_80' title='bbox 1294 1383 1331 1449; x_wconf 89' lang='lat' dir='ltr'><strong><em>in</em></strong></span> 
     </span>
     <span class='ocr_line' id='line_1_12' title="bbox 187 1476 1331 1569; baseline 0.003 -20"><span class='ocrx_word' id='word_1_81' title='bbox 187 1476 395 1551; x_wconf 69' lang='grc' dir='ltr'><strong><em>έΙιιοιειιιιίο</em></strong></span> <span class='ocrx_word' id='word_1_82' title='bbox 418 1479 572 1550; x_wconf 88' lang='lat' dir='ltr'><strong>mendum</strong></span> <span class='ocrx_word' id='word_1_83' title='bbox 597 1483 683 1549; x_wconf 84' lang='lat' dir='ltr'><strong>inest</strong></span> <span class='ocrx_word' id='word_1_84' title='bbox 708 1482 791 1568; x_wconf 90' lang='lat' dir='ltr'><strong>quod</strong></span> <span class='ocrx_word' id='word_1_85' title='bbox 822 1502 864 1548; x_wconf 91' lang='lat' dir='ltr'><strong><em>ue</em></strong></span> <span class='ocrx_word' id='word_1_86' title='bbox 892 1481 1021 1549; x_wconf 85' lang='lat' dir='ltr'><strong>literula</strong></span> <span class='ocrx_word' id='word_1_87' title='bbox 1046 1482 1176 1569; x_wconf 91' lang='lat' dir='ltr'><strong>quidem</strong></span> <span class='ocrx_word' id='word_1_88' title='bbox 1206 1493 1331 1554; x_wconf 86' lang='lat' dir='ltr'><strong>mutata</strong></span> 
     </span>
     <span class='ocr_line' id='line_1_13' title="bbox 186 1584 1330 1674; baseline 0.005 -21"><span class='ocrx_word' id='word_1_89' title='bbox 186 1584 277 1653; x_wconf 77' lang='grc' dir='ltr'><strong><em>ιιιιίιι.</em></strong></span> <span class='ocrx_word' id='word_1_90' title='bbox 319 1588 489 1674; x_wconf 78' lang='lat' dir='ltr'><strong>Scriptura</strong></span> <span class='ocrx_word' id='word_1_91' title='bbox 520 1595 613 1656; x_wconf 87' lang='lat' dir='ltr'><strong>vetus</strong></span> <span class='ocrx_word' id='word_1_92' title='bbox 642 1595 1037 1655; x_wconf 73' lang='grc' dir='ltr'><strong>ΚΕΛΕΤΣΕΙΣΟΤΔΕΝ</strong></span> <span class='ocrx_word' id='word_1_93' title='bbox 1062 1588 1151 1654; x_wconf 85' lang='lat' dir='ltr'><strong>intus</strong></span> <span class='ocrx_word' id='word_1_94' title='bbox 1174 1589 1257 1657; x_wconf 84' lang='lat' dir='ltr'><strong>hanc</strong></span> <span class='ocrx_word' id='word_1_95' title='bbox 1289 1591 1330 1659; x_wconf 86' lang='lat' dir='ltr'><strong><em>ie·</em></strong></span> 
     </span>
     <span class='ocr_line' id='line_1_14' title="bbox 186 1688 1331 1775; baseline 0.001 -14"><span class='ocrx_word' id='word_1_96' title='bbox 186 1688 286 1761; x_wconf 67' lang='lat' dir='ltr'><strong>ti&#39;mm</strong></span> <span class='ocrx_word' id='word_1_97' title='bbox 305 1690 453 1759; x_wconf 75' lang='lat' dir='ltr'><strong>servabui</strong></span> <span class='ocrx_word' id='word_1_98' title='bbox 475 1694 638 1770; x_wconf 79' lang='grc' dir='ltr'><strong><em>κελεύσει,</em></strong></span> <span class='ocrx_word' id='word_1_99' title='bbox 661 1696 687 1767; x_wconf 87' lang='grc' dir='ltr'><strong><em>’ς</em></strong></span> <span class='ocrx_word' id='word_1_100' title='bbox 709 1692 791 1759; x_wconf 78' lang='grc' dir='ltr'><strong><em>οὐδὲν</em></strong></span> <span class='ocrx_word' id='word_1_101' title='bbox 810 1696 828 1769; x_wconf 78' lang='grc' dir='ltr'><strong><em>ἡ</em></strong></span> <span class='ocrx_word' id='word_1_102' title='bbox 850 1698 965 1773; x_wconf 81' lang='grc' dir='ltr'><strong><em>σκῆψις</em></strong></span> <span class='ocrx_word' id='word_1_103' title='bbox 988 1692 1097 1775; x_wconf 81' lang='grc' dir='ltr'><strong><em>Φέρει,</em></strong></span> <span class='ocrx_word' id='word_1_104' title='bbox 1121 1714 1195 1760; x_wconf 81' lang='lat' dir='ltr'><strong>natu</strong></span> <span class='ocrx_word' id='word_1_105' title='bbox 1221 1696 1268 1762; x_wconf 83' lang='lat' dir='ltr'><strong><em>siu</em></strong></span> <span class='ocrx_word' id='word_1_106' title='bbox 1288 1694 1331 1761; x_wconf 89' lang='lat' dir='ltr'><strong><em>lu·</em></strong></span> 
     </span>
    </p>
   </div>
   <div class='ocr_carea' id='block_1_3' title="bbox 179 1794 1332 2304">
    <p class='ocr_par' dir='ltr' id='par_1_5' title="bbox 179 1794 1332 2304">
     <span class='ocr_line' id='line_1_15' title="bbox 186 1794 1330 1884; baseline 0.003 -19"><span class='ocrx_word' id='word_1_107' title='bbox 186 1794 328 1879; x_wconf 70' lang='lat' dir='ltr'><strong>{ltdtuiur</strong></span> <span class='ocrx_word' id='word_1_108' title='bbox 359 1816 419 1884; x_wconf 81' lang='lat' dir='ltr'><strong><em>pru</em></strong></span> <span class='ocrx_word' id='word_1_109' title='bbox 447 1798 529 1863; x_wconf 76' lang='grc' dir='ltr'><strong><em>οὐδὲν</em></strong></span> <span class='ocrx_word' id='word_1_110' title='bbox 564 1800 648 1877; x_wconf 72' lang='grc' dir='ltr'><strong><em>ἡμᾶς</em></strong></span> <span class='ocrx_word' id='word_1_111' title='bbox 681 1798 806 1879; x_wconf 77' lang='grc' dir='ltr'><strong><em>ὠφελεῖ.</em></strong></span> <span class='ocrx_word' id='word_1_112' title='bbox 854 1797 890 1862; x_wconf 95' lang='lat' dir='ltr'><strong><em>ln</em></strong></span> <span class='ocrx_word' id='word_1_113' title='bbox 924 1816 971 1863; x_wconf 85' lang='lat' dir='ltr'><strong><em>vs.</em></strong></span> <span class='ocrx_word' id='word_1_114' title='bbox 997 1803 1107 1864; x_wconf 80' lang='grc'>1074.</span> <span class='ocrx_word' id='word_1_115' title='bbox 1127 1800 1234 1874; x_wconf 83' lang='grc' dir='ltr'><strong><em>πίνοις</em></strong></span> <span class='ocrx_word' id='word_1_116' title='bbox 1265 1801 1330 1882; x_wconf 77' lang='grc' dir='ltr'><strong><em>γύρ</em></strong></span> 
     </span>
     <span class='ocr_line' id='line_1_16' title="bbox 183 1896 1331 1988; baseline 0.001 -17"><span class='ocrx_word' id='word_1_117' title='bbox 183 1896 287 1981; x_wconf 63' lang='lat' dir='ltr'><strong>Hamae</strong></span> <span class='ocrx_word' id='word_1_118' title='bbox 320 1901 476 1971; x_wconf 83' lang='grc' dir='ltr'><strong><em>παύσουσί</em></strong></span> <span class='ocrx_word' id='word_1_119' title='bbox 502 1925 563 1981; x_wconf 86' lang='grc' dir='ltr'><strong><em>μιν</em></strong></span> <span class='ocrx_word' id='word_1_120' title='bbox 587 1900 683 1969; x_wconf 85' lang='lat' dir='ltr'><strong>credo</strong></span> <span class='ocrx_word' id='word_1_121' title='bbox 714 1921 865 1988; x_wconf 85' lang='lat' dir='ltr'><strong>praesens</strong></span> <span class='ocrx_word' id='word_1_122' title='bbox 891 1900 1013 1987; x_wconf 77' lang='lat' dir='ltr'>requiri</span> <span class='ocrx_word' id='word_1_123' title='bbox 1046 1904 1189 1970; x_wconf 84' lang='grc' dir='ltr'><strong><em>παύουσι.</em></strong></span> <span class='ocrx_word' id='word_1_124' title='bbox 1245 1904 1331 1973; x_wconf 85' lang='lat' dir='ltr'><strong>Satis</strong></span> 
     </span>
     <span class='ocr_line' id='line_1_17' title="bbox 183 2005 1332 2083; baseline 0.003 -10"><span class='ocrx_word' id='word_1_125' title='bbox 183 2006 618 2077; x_wconf 63' lang='lat' dir='ltr'><strong><em>animumanimum</em></strong></span> <span class='ocrx_word' id='word_1_126' title='bbox 648 2006 723 2073; x_wconf 79' lang='lat' dir='ltr'><strong>dunt</strong></span> <span class='ocrx_word' id='word_1_127' title='bbox 754 2006 834 2073; x_wconf 88' lang='lat' dir='ltr'><strong>mihi</strong></span> <span class='ocrx_word' id='word_1_128' title='bbox 860 2005 1005 2072; x_wconf 85' lang='lat' dir='ltr'><strong>laborum</strong></span> <span class='ocrx_word' id='word_1_129' title='bbox 1039 2006 1157 2083; x_wconf 81' lang='lat' dir='ltr'><strong>tinem,</strong></span> <span class='ocrx_word' id='word_1_130' title='bbox 1181 2028 1244 2075; x_wconf 89' lang='lat' dir='ltr'><strong><em>nou</em></strong></span> <span class='ocrx_word' id='word_1_131' title='bbox 1277 2010 1332 2076; x_wconf 82' lang='lat' dir='ltr'><strong><em>dn·</em></strong></span> 
     </span>
     <span class='ocr_line' id='line_1_18' title="bbox 179 2106 1329 2198; baseline 0.001 -19"><span class='ocrx_word' id='word_1_132' title='bbox 179 2106 241 2179; x_wconf 68' lang='lat' dir='ltr'><strong><em>hi.</em></strong></span> <span class='ocrx_word' id='word_1_133' title='bbox 280 2112 334 2181; x_wconf 74' lang='lat' dir='ltr'><strong><em>Vs.</em></strong></span> <span class='ocrx_word' id='word_1_134' title='bbox 356 2116 455 2179; x_wconf 75' lang='lat'>1104.</span> <span class='ocrx_word' id='word_1_135' title='bbox 486 2130 544 2198; x_wconf 82' lang='lat' dir='ltr'><strong><em>pru</em></strong></span> <span class='ocrx_word' id='word_1_136' title='bbox 574 2113 601 2177; x_wconf 81' lang='grc' dir='ltr'><strong><em>εί</em></strong></span> <span class='ocrx_word' id='word_1_137' title='bbox 625 2113 650 2178; x_wconf 89' lang='grc' dir='ltr'><strong><em>δ’</em></strong></span> <span class='ocrx_word' id='word_1_138' title='bbox 673 2110 751 2189; x_wconf 77' lang='grc' dir='ltr'><strong><em>ἦσύα</em></strong></span> <span class='ocrx_word' id='word_1_139' title='bbox 774 2111 887 2194; x_wconf 82' lang='grc' dir='ltr'><strong><em>μετρία</em></strong></span> <span class='ocrx_word' id='word_1_140' title='bbox 912 2110 992 2176; x_wconf 84' lang='lat' dir='ltr'><strong>solet</strong></span> <span class='ocrx_word' id='word_1_141' title='bbox 1014 2110 1186 2197; x_wconf 78' lang='lat' dir='ltr'>Euripides</span> <span class='ocrx_word' id='word_1_142' title='bbox 1209 2113 1329 2194; x_wconf 81' lang='grc' dir='ltr'><strong><em>μέτριος</em></strong></span> 
     </span>
     <span class='ocr_line' id='line_1_19' title="bbox 179 2210 1332 2304; baseline 0.005 -23"><span class='ocrx_word' id='word_1_143' title='bbox 179 2210 268 2287; x_wconf 73' lang='lat' dir='ltr'><strong>tune.</strong></span> <span class='ocrx_word' id='word_1_144' title='bbox 311 2216 441 2304; x_wconf 82' lang='lat' dir='ltr'><strong>Optime</strong></span> <span class='ocrx_word' id='word_1_145' title='bbox 463 2214 666 2283; x_wconf 83' lang='lat' dir='ltr'><strong>confirmabit</strong></span> <span class='ocrx_word' id='word_1_146' title='bbox 694 2215 866 2302; x_wconf 79' lang='lat' dir='ltr'>Euripides</span> <span class='ocrx_word' id='word_1_147' title='bbox 898 2217 986 2301; x_wconf 86' lang='lat' dir='ltr'><strong>ipse.</strong></span> <span class='ocrx_word' id='word_1_148' title='bbox 1018 2235 1112 2301; x_wconf 88' lang='lat' dir='ltr'><strong>quem</strong></span> <span class='ocrx_word' id='word_1_149' title='bbox 1140 2216 1332 2287; x_wconf 78' lang='lat' dir='ltr'><strong>Plutarchus</strong></span> 
     </span>
    </p>
   </div>
   <div class='ocr_carea' id='block_1_4' title="bbox 140 2320 1335 4407">
    <p class='ocr_par' dir='ltr' id='par_1_6' title="bbox 140 2320 1335 4407">
     <span class='ocr_line' id='line_1_20' title="bbox 175 2320 1332 2408; baseline 0.003 -21"><span class='ocrx_word' id='word_1_150' title='bbox 175 2320 266 2399; x_wconf 79' lang='grc' dir='ltr'><strong><em>ίιιοίς</em></strong></span> <span class='ocrx_word' id='word_1_151' title='bbox 286 2324 428 2403; x_wconf 75' lang='grc' dir='ltr'><strong><em>ὑγιεινοῖς</em></strong></span> <span class='ocrx_word' id='word_1_152' title='bbox 452 2321 723 2403; x_wconf 67' lang='grc' dir='ltr'><strong><em>παραγγέλμασιν</em></strong></span> <span class='ocrx_word' id='word_1_153' title='bbox 743 2340 814 2408; x_wconf 83' lang='lat' dir='ltr'><strong>pag.</strong></span> <span class='ocrx_word' id='word_1_154' title='bbox 840 2325 914 2388; x_wconf 74' lang='lat'>152.</span> <span class='ocrx_word' id='word_1_155' title='bbox 939 2322 974 2387; x_wconf 87' lang='lat' dir='ltr'><strong><em>B.</em></strong></span> <span class='ocrx_word' id='word_1_156' title='bbox 1005 2320 1130 2389; x_wconf 81' lang='lat' dir='ltr'><strong>inducit</strong></span> <span class='ocrx_word' id='word_1_157' title='bbox 1155 2321 1205 2387; x_wconf 87' lang='lat' dir='ltr'><strong><em>his</em></strong></span> <span class='ocrx_word' id='word_1_158' title='bbox 1226 2324 1332 2391; x_wconf 84' lang='lat' dir='ltr'><strong>verbis</strong></span> 
     </span>
     <span class='ocr_line' id='line_1_21' title="bbox 174 2427 769 2511; baseline 0.002 -20"><span class='ocrx_word' id='word_1_159' title='bbox 174 2428 229 2509; x_wconf 83' lang='grc' dir='ltr'><strong><em>πρδς</em></strong></span> <span class='ocrx_word' id='word_1_160' title='bbox 246 2430 299 2505; x_wconf 66' lang='lat' dir='ltr'><strong>riis</strong></span> <span class='ocrx_word' id='word_1_161' title='bbox 322 2427 508 2511; x_wconf 81' lang='grc' dir='ltr'><strong><em>’λφροδίτην</em></strong></span> <span class='ocrx_word' id='word_1_162' title='bbox 530 2427 769 2507; x_wconf 83' lang='grc' dir='ltr'><strong><em>διαλεγέμενον·</em></strong></span> 
     </span>
     <span class='ocr_line' id='line_1_22' title="bbox 282 2530 1193 2613; baseline -0.002 -12"><span class='ocrx_word' id='word_1_163' title='bbox 282 2533 359 2609; x_wconf 64' lang='lat' dir='ltr'><strong><em>nine</em></strong></span> <span class='ocrx_word' id='word_1_164' title='bbox 382 2557 453 2613; x_wconf 89' lang='grc' dir='ltr'><strong><em>μοι,</em></strong></span> <span class='ocrx_word' id='word_1_165' title='bbox 476 2532 641 2613; x_wconf 81' lang='grc' dir='ltr'><strong><em>μέτριον</em></strong></span> <span class='ocrx_word' id='word_1_166' title='bbox 665 2532 697 2597; x_wconf 88' lang='grc' dir='ltr'><strong><em>δέ</em></strong></span> <span class='ocrx_word' id='word_1_167' title='bbox 719 2556 783 2605; x_wconf 86' lang='grc' dir='ltr'><strong><em>ποις</em></strong></span> <span class='ocrx_word' id='word_1_168' title='bbox 804 2530 885 2609; x_wconf 82' lang='grc' dir='ltr'><strong><em>είης,</em></strong></span> <span class='ocrx_word' id='word_1_169' title='bbox 908 2533 980 2610; x_wconf 83' lang='grc' dir='ltr'><strong><em>μηδ’</em></strong></span> <span class='ocrx_word' id='word_1_170' title='bbox 1000 2535 1193 2605; x_wconf 74' lang='grc' dir='ltr'><strong><em>ἀπολείποις.</em></strong></span> 
     </span>
     <span class='ocr_line' id='line_1_23' title="bbox 162 2634 874 2727; baseline -0.006 -22"><span class='ocrx_word' id='word_1_171' title='bbox 162 2638 210 2727; x_wconf 71' lang='lat' dir='ltr'><strong><em>qui</em></strong></span> <span class='ocrx_word' id='word_1_172' title='bbox 227 2640 344 2723; x_wconf 80' lang='grc' dir='ltr'><strong><em>μέτριος</em></strong></span> <span class='ocrx_word' id='word_1_173' title='bbox 367 2638 400 2705; x_wconf 83' lang='grc' dir='ltr'><strong><em>δέ</em></strong></span> <span class='ocrx_word' id='word_1_174' title='bbox 423 2663 509 2716; x_wconf 79' lang='grc' dir='ltr'><strong><em>πως,</em></strong></span> <span class='ocrx_word' id='word_1_175' title='bbox 535 2645 570 2703; x_wconf 93' lang='lat' dir='ltr'><strong><em>ut</em></strong></span> <span class='ocrx_word' id='word_1_176' title='bbox 591 2636 721 2723; x_wconf 84' lang='lat' dir='ltr'>opinor,</span> <span class='ocrx_word' id='word_1_177' title='bbox 740 2634 874 2703; x_wconf 75' lang='lat' dir='ltr'>dixerat.</span> 
     </span>
     <span class='ocr_line' id='line_1_24' title="bbox 197 2744 519 2830; baseline -0.012 -19"><span class='ocrx_word' id='word_1_178' title='bbox 197 2744 233 2811; x_wconf 87' lang='lat' dir='ltr'><strong><em>ln</em></strong></span> <span class='ocrx_word' id='word_1_179' title='bbox 254 2766 317 2813; x_wconf 82' lang='lat' dir='ltr'><strong>vas.</strong></span> <span class='ocrx_word' id='word_1_180' title='bbox 342 2747 428 2811; x_wconf 81' lang='lat'>1164</span> <span class='ocrx_word' id='word_1_181' title='bbox 451 2764 519 2830; x_wconf 77' lang='lat' dir='ltr'><strong>sqq.</strong></span> 
     </span>
     <span class='ocr_line' id='line_1_25' title="bbox 328 2844 1074 2932; baseline -0.005 -15"><span class='ocrx_word' id='word_1_182' title='bbox 328 2847 351 2917; x_wconf 78' lang='grc' dir='ltr'><strong><em>ὦ</em></strong></span> <span class='ocrx_word' id='word_1_183' title='bbox 373 2858 486 2932; x_wconf 79' lang='grc' dir='ltr'><strong><em>χαῖρε,</em></strong></span> <span class='ocrx_word' id='word_1_184' title='bbox 511 2849 627 2928; x_wconf 77' lang='grc' dir='ltr'><strong><em>πατρὸς</em></strong></span> <span class='ocrx_word' id='word_1_185' title='bbox 651 2851 767 2927; x_wconf 73' lang='grc' dir='ltr'><strong><em>μνῆμ’,</em></strong></span> <span class='ocrx_word' id='word_1_186' title='bbox 790 2847 840 2912; x_wconf 82' lang='grc' dir='ltr'><strong><em>ἐπ’</em></strong></span> <span class='ocrx_word' id='word_1_187' title='bbox 863 2844 988 2923; x_wconf 79' lang='grc' dir='ltr'><strong><em>ε’ξύδοισι</em></strong></span> <span class='ocrx_word' id='word_1_188' title='bbox 1011 2848 1074 2929; x_wconf 85' lang='grc' dir='ltr'><strong><em>γύρ</em></strong></span> 
     </span>
     <span class='ocr_line' id='line_1_26' title="bbox 328 2950 1107 3038; baseline -0.003 -17"><span class='ocrx_word' id='word_1_189' title='bbox 328 2953 456 3038; x_wconf 73' lang='grc' dir='ltr'><strong><em>έύοιψα,</em></strong></span> <span class='ocrx_word' id='word_1_190' title='bbox 472 2957 625 3033; x_wconf 80' lang='grc' dir='ltr'><strong><em>Πρωτεῦ,</em></strong></span> <span class='ocrx_word' id='word_1_191' title='bbox 649 2957 678 3018; x_wconf 92' lang='grc' dir='ltr'><strong><em>σ’</em></strong></span> <span class='ocrx_word' id='word_1_192' title='bbox 704 2950 781 3017; x_wconf 78' lang='grc' dir='ltr'><strong><em>ἕνεκ’</em></strong></span> <span class='ocrx_word' id='word_1_193' title='bbox 805 2953 882 3031; x_wconf 80' lang='grc' dir='ltr'><strong><em>ἐμῆς</em></strong></span> <span class='ocrx_word' id='word_1_194' title='bbox 906 2957 1107 3035; x_wconf 77' lang='grc' dir='ltr'><strong><em>προσρήσεως.</em></strong></span> 
     </span>
     <span class='ocr_line' id='line_1_27' title="bbox 328 3056 928 3136; baseline -0.005 -11"><span class='ocrx_word' id='word_1_195' title='bbox 328 3058 378 3125; x_wconf 71' lang='lat' dir='ltr'><strong>atat</strong></span> <span class='ocrx_word' id='word_1_196' title='bbox 403 3060 436 3126; x_wconf 84' lang='grc' dir='ltr'><strong><em>δέ</em></strong></span> <span class='ocrx_word' id='word_1_197' title='bbox 459 3061 488 3125; x_wconf 92' lang='grc' dir='ltr'><strong><em>σ’</em></strong></span> <span class='ocrx_word' id='word_1_198' title='bbox 512 3056 596 3134; x_wconf 80' lang='grc' dir='ltr'><strong><em>ἐξιύν</em></strong></span> <span class='ocrx_word' id='word_1_199' title='bbox 619 3083 655 3125; x_wconf 85' lang='grc' dir='ltr'><strong><em>σε</em></strong></span> <span class='ocrx_word' id='word_1_200' title='bbox 679 3060 795 3124; x_wconf 81' lang='grc' dir='ltr'><strong><em>κείσιύν</em></strong></span> <span class='ocrx_word' id='word_1_201' title='bbox 819 3057 928 3136; x_wconf 86' lang='grc' dir='ltr'><strong><em>δέμονς</em></strong></span> 
     </span>
     <span class='ocr_line' id='line_1_28' title="bbox 328 3158 1088 3245; baseline -0.005 -13"><span class='ocrx_word' id='word_1_202' title='bbox 328 3163 540 3243; x_wconf 86' lang='grc' dir='ltr'><strong><em>Θεοκλύμενος</em></strong></span> <span class='ocrx_word' id='word_1_203' title='bbox 565 3172 640 3236; x_wconf 86' lang='grc' dir='ltr'><strong><em>παῖς</em></strong></span> <span class='ocrx_word' id='word_1_204' title='bbox 663 3158 714 3227; x_wconf 66' lang='lat' dir='ltr'><strong><em>dre</em></strong></span> <span class='ocrx_word' id='word_1_205' title='bbox 737 3162 947 3242; x_wconf 77' lang='grc' dir='ltr'><strong><em>προσεννέπει,</em></strong></span> <span class='ocrx_word' id='word_1_206' title='bbox 970 3162 1088 3245; x_wconf 81' lang='grc' dir='ltr'><strong><em>πύσερ,</em></strong></span> 
     </span>
     <span class='ocr_line' id='line_1_29' title="bbox 141 3265 1330 3354; baseline 0.001 -17"><span class='ocrx_word' id='word_1_207' title='bbox 141 3276 178 3337; x_wconf 81' lang='lat' dir='ltr'><strong><em>et</em></strong></span> <span class='ocrx_word' id='word_1_208' title='bbox 200 3266 244 3335; x_wconf 80' lang='lat' dir='ltr'><strong><em>uir</em></strong></span> <span class='ocrx_word' id='word_1_209' title='bbox 265 3266 345 3335; x_wconf 76' lang='lat' dir='ltr'><strong>alias</strong></span> <span class='ocrx_word' id='word_1_210' title='bbox 367 3288 483 3335; x_wconf 84' lang='lat' dir='ltr'><strong>causas</strong></span> <span class='ocrx_word' id='word_1_211' title='bbox 501 3275 535 3334; x_wconf 90' lang='lat' dir='ltr'><strong><em>et</em></strong></span> <span class='ocrx_word' id='word_1_212' title='bbox 557 3267 597 3333; x_wconf 83' lang='lat' dir='ltr'><strong><em>ob</em></strong></span> <span class='ocrx_word' id='word_1_213' title='bbox 620 3265 815 3354; x_wconf 79' lang='lat' dir='ltr'><strong>praecedens</strong></span> <span class='ocrx_word' id='word_1_214' title='bbox 839 3268 942 3350; x_wconf 81' lang='grc' dir='ltr'><strong><em>έοαψα</em></strong></span> <span class='ocrx_word' id='word_1_215' title='bbox 967 3269 1141 3353; x_wconf 82' lang='lat' dir='ltr'><strong>genuinam</strong></span> <span class='ocrx_word' id='word_1_216' title='bbox 1162 3268 1330 3337; x_wconf 78' lang='lat' dir='ltr'><strong>lectionem</strong></span> 
     </span>
     <span class='ocr_line' id='line_1_30' title="bbox 141 3371 1331 3456; baseline 0.002 -16"><span class='ocrx_word' id='word_1_217' title='bbox 141 3372 288 3441; x_wconf 78' lang='grc' dir='ltr'><strong><em>ΙιΙιίῑιοΙ·</em></strong></span> <span class='ocrx_word' id='word_1_218' title='bbox 316 3371 650 3455; x_wconf 56' lang='lat' dir='ltr'><strong>fuissentsummum,</strong></span> <span class='ocrx_word' id='word_1_219' title='bbox 677 3390 738 3436; x_wconf 89' lang='lat' dir='ltr'><strong><em>non</em></strong></span> <span class='ocrx_word' id='word_1_220' title='bbox 768 3371 972 3453; x_wconf 86' lang='grc' dir='ltr'><strong><em>προσεννέπει.</em></strong></span> <span class='ocrx_word' id='word_1_221' title='bbox 1021 3372 1176 3456; x_wconf 80' lang='lat' dir='ltr'><strong>Apertum</strong></span> <span class='ocrx_word' id='word_1_222' title='bbox 1201 3382 1250 3440; x_wconf 85' lang='lat' dir='ltr'><strong><em>est</em></strong></span> <span class='ocrx_word' id='word_1_223' title='bbox 1275 3395 1331 3443; x_wconf 91' lang='lat' dir='ltr'><strong><em>un·</em></strong></span> 
     </span>
     <span class='ocr_line' id='line_1_31' title="bbox 141 3475 1332 3565; baseline -0.002 -18"><span class='ocrx_word' id='word_1_224' title='bbox 141 3478 185 3547; x_wconf 77' lang='lat' dir='ltr'><strong><em>du</em></strong></span> <span class='ocrx_word' id='word_1_225' title='bbox 209 3486 281 3545; x_wconf 85' lang='lat' dir='ltr'><strong>ortu</strong></span> <span class='ocrx_word' id='word_1_226' title='bbox 302 3478 346 3545; x_wconf 90' lang='lat' dir='ltr'><strong><em>sit</em></strong></span> <span class='ocrx_word' id='word_1_227' title='bbox 376 3476 581 3565; x_wconf 77' lang='lat' dir='ltr'><strong>corruptela,</strong></span> <span class='ocrx_word' id='word_1_228' title='bbox 605 3475 716 3562; x_wconf 81' lang='lat' dir='ltr'><strong>quales</strong></span> <span class='ocrx_word' id='word_1_229' title='bbox 740 3476 819 3541; x_wconf 89' lang='lat' dir='ltr'><strong>mihi</strong></span> <span class='ocrx_word' id='word_1_230' title='bbox 852 3476 981 3561; x_wconf 90' lang='lat' dir='ltr'><strong>saepius</strong></span> <span class='ocrx_word' id='word_1_231' title='bbox 1004 3475 1088 3561; x_wconf 87' lang='lat' dir='ltr'><strong>apud</strong></span> <span class='ocrx_word' id='word_1_232' title='bbox 1117 3476 1195 3543; x_wconf 86' lang='lat' dir='ltr'><strong>alios</strong></span> <span class='ocrx_word' id='word_1_233' title='bbox 1226 3478 1332 3545; x_wconf 88' lang='lat' dir='ltr'><strong>obser·</strong></span> 
     </span>
     <span class='ocr_line' id='line_1_32' title="bbox 140 3579 1332 3668; baseline -0.001 -17"><span class='ocrx_word' id='word_1_234' title='bbox 140 3590 241 3653; x_wconf 71' lang='lat' dir='ltr'><strong>ratae</strong></span> <span class='ocrx_word' id='word_1_235' title='bbox 263 3591 351 3651; x_wconf 87' lang='lat' dir='ltr'><strong>sunt.</strong></span> <span class='ocrx_word' id='word_1_236' title='bbox 397 3582 465 3649; x_wconf 93' lang='lat' dir='ltr'><strong><em>lam</em></strong></span> <span class='ocrx_word' id='word_1_237' title='bbox 501 3581 576 3648; x_wconf 85' lang='lat' dir='ltr'><strong>alibi</strong></span> <span class='ocrx_word' id='word_1_238' title='bbox 606 3579 775 3648; x_wconf 81' lang='lat' dir='ltr'><strong>emendavi</strong></span> <span class='ocrx_word' id='word_1_239' title='bbox 808 3598 937 3646; x_wconf 86' lang='lat' dir='ltr'><strong>versum</strong></span> <span class='ocrx_word' id='word_1_240' title='bbox 972 3580 1194 3668; x_wconf 75' lang='lat' dir='ltr'><strong>Aristophanis</strong></span> <span class='ocrx_word' id='word_1_241' title='bbox 1228 3585 1260 3649; x_wconf 94' lang='lat' dir='ltr'><strong><em>in</em></strong></span> <span class='ocrx_word' id='word_1_242' title='bbox 1292 3585 1332 3650; x_wconf 85' lang='grc' dir='ltr'><strong><em>Α-</em></strong></span> 
     </span>
     <span class='ocr_line' id='line_1_33' title="bbox 142 3688 356 3757; baseline -0.009 0"><span class='ocrx_word' id='word_1_243' title='bbox 142 3688 262 3757; x_wconf 80' lang='lat' dir='ltr'><strong>eharn.</strong></span> <span class='ocrx_word' id='word_1_244' title='bbox 280 3692 356 3757; x_wconf 75' lang='lat'>406.</span> 
     </span>
     <span class='ocr_line' id='line_1_34' title="bbox 371 3792 752 3875; baseline -0.008 -16"><span class='ocrx_word' id='word_1_245' title='bbox 371 3794 538 3875; x_wconf 85' lang='grc' dir='ltr'><strong><em>Εύριπίδη,</em></strong></span> <span class='ocrx_word' id='word_1_246' title='bbox 561 3792 752 3874; x_wconf 86' lang='grc' dir='ltr'><strong><em>Εὐριπίδιον,</em></strong></span> 
     </span>
     <span class='ocr_line' id='line_1_35' title="bbox 374 3895 1043 3975; baseline -0.001 -12"><span class='ocrx_word' id='word_1_247' title='bbox 374 3896 577 3972; x_wconf 86' lang='grc' dir='ltr'><strong><em>Δικαιύπολις</em></strong></span> <span class='ocrx_word' id='word_1_248' title='bbox 600 3904 696 3965; x_wconf 81' lang='grc' dir='ltr'><strong><em>καλεῖ</em></strong></span> <span class='ocrx_word' id='word_1_249' title='bbox 716 3922 750 3963; x_wconf 94' lang='grc' dir='ltr'><strong><em>σε</em></strong></span> <span class='ocrx_word' id='word_1_250' title='bbox 775 3895 940 3970; x_wconf 73' lang='grc' dir='ltr'><strong><em>Χολλείδης</em></strong></span> <span class='ocrx_word' id='word_1_251' title='bbox 965 3897 1043 3975; x_wconf 82' lang='grc' dir='ltr'><strong><em>ε’γύ,</em></strong></span> 
     </span>
     <span class='ocr_line' id='line_1_36' title="bbox 142 4000 1333 4089; baseline -0.002 -18"><span class='ocrx_word' id='word_1_252' title='bbox 142 4000 207 4071; x_wconf 80' lang='lat' dir='ltr'><strong><em>ubi</em></strong></span> <span class='ocrx_word' id='word_1_253' title='bbox 227 4001 352 4081; x_wconf 74' lang='grc' dir='ltr'><strong><em>ιιοέγύ</em></strong></span> <span class='ocrx_word' id='word_1_254' title='bbox 381 4002 511 4089; x_wconf 85' lang='lat' dir='ltr'><strong>quidem</strong></span> <span class='ocrx_word' id='word_1_255' title='bbox 536 4000 682 4069; x_wconf 91' lang='lat' dir='ltr'><strong>additum</strong></span> <span class='ocrx_word' id='word_1_256' title='bbox 718 4000 840 4068; x_wconf 83' lang='lat' dir='ltr'><strong>scribas</strong></span> <span class='ocrx_word' id='word_1_257' title='bbox 867 4001 1023 4077; x_wconf 88' lang='lat' dir='ltr'><strong>retinuit,</strong></span> <span class='ocrx_word' id='word_1_258' title='bbox 1047 4019 1111 4085; x_wconf 76' lang='lat' dir='ltr'><strong><em>quo</em></strong></span> <span class='ocrx_word' id='word_1_259' title='bbox 1145 4003 1253 4069; x_wconf 88' lang='lat' dir='ltr'><strong>minus</strong></span> <span class='ocrx_word' id='word_1_260' title='bbox 1287 4005 1333 4069; x_wconf 90' lang='lat' dir='ltr'><strong><em>iu·</em></strong></span> 
     </span>
     <span class='ocr_line' id='line_1_37' title="bbox 142 4104 875 4194; baseline -0.001 -21"><span class='ocrx_word' id='word_1_261' title='bbox 142 4104 345 4193; x_wconf 67' lang='lat' dir='ltr'><strong>mundarent</strong></span> <span class='ocrx_word' id='word_1_262' title='bbox 367 4108 526 4173; x_wconf 73' lang='lat' dir='ltr'><strong>sinceram</strong></span> <span class='ocrx_word' id='word_1_263' title='bbox 551 4108 746 4194; x_wconf 76' lang='lat' dir='ltr'><strong>scripturam</strong></span> <span class='ocrx_word' id='word_1_264' title='bbox 772 4106 875 4173; x_wconf 85' lang='lat' dir='ltr'><strong>hauc:</strong></span> 
     </span>
     <span class='ocr_line' id='line_1_38' title="bbox 379 4211 1064 4289; baseline -0.003 -12"><span class='ocrx_word' id='word_1_265' title='bbox 379 4213 582 4288; x_wconf 75' lang='grc' dir='ltr'><strong><em>Δικαιόπολις</em></strong></span> <span class='ocrx_word' id='word_1_266' title='bbox 604 4219 690 4279; x_wconf 80' lang='grc' dir='ltr'><strong><em>καλῶ</em></strong></span> <span class='ocrx_word' id='word_1_267' title='bbox 714 4215 742 4278; x_wconf 90' lang='grc' dir='ltr'><strong><em>σ’</em></strong></span> <span class='ocrx_word' id='word_1_268' title='bbox 764 4214 778 4277; x_wconf 83' lang='lat' dir='ltr'><strong>d</strong></span> <span class='ocrx_word' id='word_1_269' title='bbox 803 4213 969 4285; x_wconf 85' lang='grc' dir='ltr'><strong><em>Χολλείδης</em></strong></span> <span class='ocrx_word' id='word_1_270' title='bbox 993 4211 1064 4289; x_wconf 85' lang='grc' dir='ltr'><strong><em>έγύ.</em></strong></span> 
     </span>
     <span class='ocr_line' id='line_1_39' title="bbox 144 4314 1335 4407; baseline 0.003 -24"><span class='ocrx_word' id='word_1_271' title='bbox 144 4314 232 4401; x_wconf 75' lang='lat' dir='ltr'><strong>Quis</strong></span> <span class='ocrx_word' id='word_1_272' title='bbox 256 4314 334 4385; x_wconf 83' lang='lat' dir='ltr'><strong>ierat</strong></span> <span class='ocrx_word' id='word_1_273' title='bbox 359 4316 444 4405; x_wconf 87' lang='lat' dir='ltr'><strong>quud</strong></span> <span class='ocrx_word' id='word_1_274' title='bbox 477 4319 560 4407; x_wconf 84' lang='lat' dir='ltr'><strong>apud</strong></span> <span class='ocrx_word' id='word_1_275' title='bbox 597 4316 818 4407; x_wconf 81' lang='lat' dir='ltr'><strong>Thucydidem</strong></span> <span class='ocrx_word' id='word_1_276' title='bbox 842 4317 963 4404; x_wconf 83' lang='lat' dir='ltr'><strong>legitur</strong></span> <span class='ocrx_word' id='word_1_277' title='bbox 981 4314 1006 4383; x_wconf 91' lang='grc' dir='ltr'><strong><em>Ι.</em></strong></span> <span class='ocrx_word' id='word_1_278' title='bbox 1032 4318 1106 4381; x_wconf 77' lang='lat'><strong>128.</strong></span> <span class='ocrx_word' id='word_1_279' title='bbox 1154 4318 1335 4394; x_wconf 82' lang='grc' dir='ltr'><strong><em>Παυσανίας</em></strong></span> 
     </span>
    </p>
   </div>
   <div class='ocr_carea' id='block_1_5' title="bbox 0 0 1478 5010">
    <p class='ocr_par' dir='ltr' id='par_1_7' title="bbox 0 0 1478 5010">
     <span class='ocr_line' id='line_1_40' title="bbox 0 0 1478 5010; baseline 0 0"><span class='ocrx_word' id='word_1_280' title='bbox 0 0 1478 5010; x_wconf 95' lang='lat' dir='ltr'><strong><em> </em></strong></span> 
     </span>
    </p>
   </div>
  </div>
 </body>
</html>
