2940 5010
704 286 765 345 155

177 454 387 543 dtistophunem
410 453 495 541 apud
519 453 689 521 Herodian.
713 482 748 522 π.
769 467 816 523 Μ.
839 468 880 522 Α.
903 477 932 543 p.
947 462 986 535 Β,
1009 463 1050 524 55
1073 462 1105 525 ἐν
1129 463 1326 542 Ἀνχομενοῠ

174 560 277 649 etapud
297 560 486 649 Eupolidem
512 559 667 626 dtlrcnaei
693 582 721 647 p.
738 567 812 628 106.
833 562 867 627 Β.

318 664 412 743 ἅπαξ
432 669 502 733 ποτ’
524 668 554 731 ἐν
579 665 714 741 Φοιίοικος
737 666 860 751 ἔφορον
880 670 1026 749 κοιριδιις.

174 770 282 859 elqood
302 770 434 839 Cratino
459 770 658 838 reddidimus

100 872 106 919 ³·
318 880 451 962 τρίγλην
470 877 496 942 δ’
518 876 548 941 εί
568 901 615 951 τις
635 877 784 951 ίδηδοκσίη
809 882 834 942 ’ν
858 878 959 944 τένὺον
978 881 1057 953 τινὸς
1076 882 1204 963 οὑνδρὺο,

102 978 107 983 ’
172 981 370 1071 1111111ρὺιυί

317 1089 466 1173 φκινίνδιι
488 1087 606 1169 ποιίζιιν
630 1097 713 1164 νῆςις
738 1089 769 1153 ὑν
792 1089 973 1157 Φιιινεςίον.

100 1188 105 1195 ’
172 1200 286 1283 ιιιιιιρο
307 1192 400 1271 alibi,
428 1189 513 1279 qnod
545 1192 770 1279 Aristophanis
793 1212 907 1259 caussa
935 1192 1108 1273 admoneo,
1140 1197 1193 1262 cui
1219 1216 1335 1283 unper-

171 1296 403 1387 rilallerglrins
425 1299 527 1363 invito
554 1299 699 1365 restituit
719 1299 866 1365 vitiosam
893 1298 1050 1366 librorum
1080 1301 1275 1388 scripturam
1302 1304 1334 1368 in

171 1400 313 1493 leuitilrus
335 1424 382 1470 vs.
397 1407 477 1470 400:

319 1511 351 1579 εί
368 1535 405 1577 σε
423 1512 469 1589 μη
490 1515 570 1589 μισῶ
594 1509 739 1590 γενοίμην
759 1507 791 1576 ἓν
815 1511 961 1592 Κριιτίνοιι
985 1511 1109 1595 κῴδιον,

320 1618 373 1683 aral
399 1615 597 1695 διδασκοίμην
620 1617 782 1700 προσρίδειν
803 1617 963 1696 Μορσίμου
987 1618 1183 1701 τριινῳδίοιν.

171 1718 220 1791 ὑπο
243 1722 330 1791 enim
354 1720 499 1789 omnium
523 1719 671 1807 plausum
698 1721 773 1786 tulit
797 1720 978 1787 emendatio
1002 1724 1032 1788 ἐν
1056 1724 1221 1804 Κροτίνουε
1247 1743 1335 1810 prae·

170 1830 232 1895 itm
251 1827 330 1916 quid
354 1828 397 1895 sit
420 1825 582 1911 προσᾴδειν
603 1827 798 1910 τροιγῳδίοιν,
825 1835 881 1892 aut
907 1827 1004 1917 (quod
1028 1828 1165 1914 Bergkio
1190 1829 1223 1893 in
1247 1848 1335 1893 men·

169 1932 216 1999 ln
232 1932 332 2022 venit)
364 1932 438 2013 τρδς
460 1932 563 2017 ᾄδειν,
596 1951 698 2019 quum
734 1952 828 1998 nemo
864 1952 1018 2019 uinquam
1053 1931 1203 2021 expedire
1236 1934 1336 2019 possit

165 2038 288 2127 qiaor
314 2038 443 2123 ὑπᾴδειν
466 2038 626 2119 Μορσίμου
649 2038 825 2120 τρογρδίον
851 2058 870 2103 a
894 2037 1022 2105 Cornico
1046 2040 1204 2124 scriptum
1228 2036 1335 2103 luisse.

159 2130 269 2211 Mon
298 2142 387 2209 euim
410 2142 537 2227 ὑπᾴδειν
566 2151 601 2208 ut
625 2144 842 2226 ὑπονορεὺειν,
874 2142 1087 2227 ὑπογράφειν,
1119 2144 1335 2225 ὑπορχεῖσὺιιι,

156 2240 262 2317 Moti
280 2268 355 2315 nm.

98 2360 101 2377 '
192 2352 382 2441 Fragmenta
399 2350 464 2419 duo
480 2350 646 2440 Eupolidis
667 2353 751 2440 apud
774 2353 935 2421 Pollucem
961 2355 1028 2421 Vll.
1055 2358 1118 2420 168
1143 2362 1175 2419 et
1196 2354 1252 2421 lx.
1274 2358 1335 2432 58,

146 2468 228 2545 qua
243 2458 424 2527 lleinekius
444 2458 528 2526 male
547 2456 797 2544 conglutinavit,
821 2458 916 2525 ambo
939 2460 1054 2525 vitium
1080 2459 1188 2527 alunt:
1214 2459 1246 2524 in
1269 2479 1337 2526 rer·

142 2550 291 2633 bbenim
302 2564 374 2631 cirri
388 2566 525 2631 ποικίλον
540 2565 664 2644 πινοιρὺν
683 2562 786 2645 ἔχοντ’
804 2565 939 2649 decuriae
958 2562 1040 2646 κιίροι
1057 2588 1094 2630 τε
1111 2564 1164 2629 aad
1183 2566 1337 2647 τρίβωνα,

140 2668 326 2751 οὑίμστίον
354 2676 412 2734 aut
441 2668 548 2735 simila
576 2667 654 2755 quid
681 2668 900 2747 desideratur,
931 2678 962 2736 et
995 2669 1076 2751 κιίρο
1107 2689 1165 2756 pro
1192 2673 1337 2753 κεφαλήν

138 2774 284 2859 positum
307 2781 359 2841 eet
378 2774 592 2860 ineptissime,
617 2792 720 2859 neque
740 2774 899 2861 quomodo
920 2777 934 2839 ὑ
951 2777 1064 2858 τρίβων
1089 2777 1189 2861 possit
1204 2776 1338 2859 ὑοισντίρ

143 2874 217 2947 fleri
240 2878 366 2962 πινκρίο
395 2877 490 2946 lacile
517 2880 689 2966 qnisquam
715 2881 919 2966 excogitabit.
975 2879 1074 2946 Multo
1097 2880 1229 2964 gravius
1259 2879 1337 2946 haec

143 2980 317 3073 depurata
335 2991 412 3050 sunt
432 2991 465 3050 et
488 2983 657 3062 mutilata,
683 2986 732 3075 (ut
750 2985 853 3051 multa
876 2981 959 3071 apud
983 2982 1157 3071 Pollucem)
1180 3005 1276 3070 quarn
1302 2995 1338 3052 ut

149 3106 299 3179 umquem
315 3088 424 3156 sanari
439 3094 571 3175 queant.
618 3087 707 3169 Quae
725 3088 827 3155 altero
839 3088 908 3155 loco
921 3088 1090 3175 teguntur:
1114 3085 1160 3154 ὑπ’
1178 3084 1212 3163 ἦν
1232 3090 1337 3168 μέντοι

154 3194 283 3279 trium
305 3193 414 3276 κρὺκηο
437 3192 531 3259 πέντε
553 3198 692 3275 τιοτῆροις
713 3190 784 3276 εἶχε
809 3214 871 3261 non
899 3193 1056 3261 debellant
1080 3214 1153 3260 cum
1177 3193 1242 3259 illis
1264 3214 1338 3260 con·

160 3296 256 3389 lupi,
284 3300 362 3389 quia
381 3299 397 3365 ὑ
415 3299 530 3381 τρίβον
558 3298 627 3385 ipse
649 3319 712 3364 non
740 3307 846 3387 potest
869 3299 933 3365 dici
958 3301 1096 3381 νεώτερος
1119 3298 1195 3365 olim
1220 3298 1339 3380 luisse,

164 3404 216 3471 llll
234 3408 306 3495 quis
327 3404 411 3472 forle
434 3404 560 3492 putabit
584 3404 645 3479 νέος
670 3405 783 3487 τρίβων
806 3424 865 3492 pro
887 3405 989 3480 κοιινὺς
1013 3413 1100 3472 recle
1129 3408 1213 3492 poni.
1266 3409 1338 3488 Τρί·

170 3508 237 3587 ὑισ
255 3512 323 3580 sive
343 3511 500 3594 τριβώνιον
520 3508 605 3594 ἔχειν
626 3511 779 3600 (namque
804 3510 925 3577 frustra
946 3512 1030 3578 iuter
1049 3512 1204 3593 τριβὺνιον
1222 3519 1254 3578 el
1276 3515 1340 3595 τρί·

172 3612 237 3693 ὑπο
252 3616 374 3707 aliquid
391 3615 590 3682 discriminis
606 3615 912 3705 comminiscuntur)
931 3625 989 3683 aut
1003 3618 1140 3698 τρίβονοι
1159 3617 1337 3707 (τριβώνιον)

174 3722 251 3803 m
269 3722 416 3791 solebant
436 3722 521 3787 cives
538 3722 648 3808 inopes
667 3730 699 3789 et
719 3723 922 3809 pauperculi,
947 3720 1032 3789 unde
1051 3722 1225 3790 Menander
1240 3722 1337 3789 dixit:

323 3827 377 3895 eat
402 3826 599 3910 συκοφάντης
619 3830 707 3903 rotor
730 3830 744 3893 ὑ
768 3832 807 3895 τὸ
830 3830 1028 3912 τριβώνιον

325 3930 343 4000 ἓ
350 3958 378 4016 χ
388 3958 432 3999 οιν
455 3941 602 4000 κιιλεῑτιιι
626 3935 686 4001 κίον
709 3935 906 4012 οὑδικοὺμενος
929 3935 1036 4017 τὺχη,

174 4038 348 4117 pristina
368 4039 404 4105 in
424 4037 510 4105 Stob.
531 4037 640 4104 Floril.
665 4038 756 4106 XCV.
781 4046 811 4107 o.
858 4039 944 4105 llaec
963 4039 1044 4104 lsaei
1066 4057 1180 4104 caussa
1201 4056 1339 4105 comme·

174 4152 255 4225 Ιιισ,
274 4144 330 4213 uiri
354 4143 563 4232 pertinaciter
584 4142 695 4210 haeret
719 4146 834 4211 vitium
859 4146 891 4211 in
915 4152 996 4210 orat.
1022 4143 1062 4210 V.
1088 4140 1180 4231 §lt
1206 4142 1342 4219 ἑγκιιιιεῖ

174 4246 237 4333 'ivd
261 4248 307 4319 ὑτι
333 4248 481 4330 ίμβιίδιος
505 4249 557 4314 κιιὺ
582 4250 729 4330 τριβὺνιιι
758 4256 863 4334 φορεῖ,
888 4250 988 4332 ὥσπερ
1011 4288 1057 4299 -
1077 4250 1131 4315 οὑκ
1154 4248 1264 4314 ἀδικῶν
1291 4247 1338 4315 ίτι

172 4350 342 4437 &lineare
364 4357 459 4423 ιιὺτὺν
481 4356 525 4421 τὰ
546 4353 620 4422 ὑντιι
644 4356 763 4432 πίνητιι
788 4357 963 4431 πεποίηκεν.
1019 4355 1118 4422 Nemo
1145 4353 1231 4418 enim
1256 4373 1340 4420 ortus
