2940 5010
688 282 751 341 iili

125 470 179 529 ut
205 457 287 525 satis
317 461 545 543 opportunum.
601 451 662 518 Sed
692 451 772 517 nilril
806 451 939 538 impetiit
971 473 1034 540 quo
1063 457 1172 525 miuus
1201 464 1312 548 paucis

124 564 268 653 aperiam
292 561 386 638 ritia,
409 557 528 645 quihus
552 556 707 624 iniectum
731 567 781 624 est
802 565 899 644 caput
914 558 986 637 XV,
1012 561 1096 628 unde
1119 574 1248 633 sumtus
1269 569 1312 634 lo·

124 688 186 739 cos
208 675 277 748 est,
305 685 400 754 quem
426 663 519 730 modo
543 666 752 729 correximus.
800 663 920 750 Nempe
939 686 968 751 p.
983 670 1058 731 251.
1083 668 1116 733 C.
1143 672 1312 754 οὶτοοφοίτ-

124 798 174 845 τει
196 776 253 852 τὴν
275 772 439 853 πιιοόένον,
467 773 507 843 ὡς
527 768 659 850 ἔτυχεν,
690 770 722 834 ἐν
745 777 809 842 τοῖς
833 769 959 843 κόλποις
981 777 1035 837 τοῦ
1057 776 1172 855 ποιτοδς
1197 776 1313 859 ἔχον-

124 904 199 949 nv
220 881 257 948 πό
280 878 456 961 πρόσωπον,
480 876 622 960 corrige:
646 876 684 948 ὥς
705 874 817 956 ἔτυχεν
837 876 869 940 ἐν
887 883 951 950 τοῖς
975 876 1100 951 κόλποις
1121 886 1176 946 τοῦ
1197 886 1313 965 πατρὸς

124 985 248 1071 imru
276 986 313 1050 τό
340 982 519 1065 πρόσωπον,
552 989 623 1067 post
654 999 756 1065 pauca
784 980 854 1063 iege
881 981 990 1047 πολλοὶ
1021 983 1224 1066 ἐπεφαίνοντο
1258 1008 1315 1074 pro

125 1088 331 1177 δεεφίροντο,
354 1097 387 1155 et
410 1108 441 1175 p.
457 1090 521 1154 252
536 1085 570 1152 G.
594 1084 793 1164 αἰκισάμενος
807 1088 858 1152 xci
883 1091 1115 1168 προοινελόιν
1140 1111 1197 1177 pru
1220 1117 1312 1175 προοι-

125 1202 242 1275 νελῖιν,
274 1192 391 1263 deinde
422 1190 628 1259 scribendum
658 1191 830 1275 φειδόμενοι
862 1193 1029 1274 ποοιδοορίιιν
1059 1197 1112 1261 κοιί
1148 1199 1312 1275 γυνοιίιιν

125 1320 193 1371 nou
215 1303 387 1382 γννοιιιιιῖν,
413 1318 487 1363 nam
513 1298 700 1363 contemtim
727 1297 787 1362 ista
807 1296 871 1361 dici
892 1310 1035 1384 apparet.
1085 1301 1166 1367 Tum
1191 1325 1219 1389 p.
1236 1308 1312 1369 een.

126 1408 166 1477 F.
198 1405 259 1495 μεθ’
284 1408 318 1474 σι’
339 1405 509 1479 πέπονόοις,
543 1401 564 1469 ὦ
593 1402 711 1485 πείσει,
743 1403 914 1477 κοιόεύδων;
946 1405 1046 1487 οιῦοιον
1075 1407 1166 1474 δότε
1191 1410 1239 1477 δεῖ
1259 1417 1315 1484 τῆς

126 1514 275 1599 mplius
301 1518 488 1593 ςροιτκγεῖν,
520 1519 552 1575 et
577 1509 672 1576 lectio
693 1517 725 1574 et
751 1509 969 1594 interpunctio
989 1512 1186 1581 emendantia
1212 1525 1262 1581 est
1282 1517 1315 1581 iu

125 1618 218 1689 huno
249 1616 401 1685 mutium:
430 1616 463 1682 τί
487 1615 658 1690 πέπονόοις,
691 1612 853 1695 ὦποίτερς
885 1618 1062 1691 κοιόειίδεις,
1093 1620 1194 1701 οὔριον
1218 1622 1250 1687 δέ
1280 1648 1315 1688 σε

126 1726 197 1793 ni.
219 1722 298 1813 quid
318 1721 407 1809 opis,
430 1720 475 1785 mi
495 1721 616 1805 poter?
651 1720 768 1785 dormis
789 1759 853 1785 -.
900 1721 1113 1808 Exprobratio
1137 1724 1214 1792 liaeo
1244 1738 1316 1807 est,

125 1832 165 1899 in
196 1848 262 1917 quo
297 1848 359 1895 uon
395 1834 444 1893 est
480 1825 700 1911 interrogandi
734 1824 832 1890 locos.
880 1826 1039 1894 Continuo
1074 1841 1143 1916 post
1176 1833 1319 1900 rescribe

125 1934 302 2021 παρεκάλει
326 1933 397 2006 τοὺς
419 1931 622 2011 ἑτοίμους,
649 1950 706 2017 ριν
728 1932 797 2004 τοὺς
822 1931 960 2011 ἑτέρους,
984 1943 1016 1999 et
1040 1943 1111 2021 post
1135 1957 1236 2022 procrea
1263 1939 1316 2004 ubi

126 2040 256 2113 ditur:
277 2041 311 2106 ut
334 2038 396 2118 μὴν
417 2034 560 2120 tolano
583 2060 623 2114 γε
648 2035 793 2102 πολλοὶ
815 2038 875 2110 τοῖς
907 2048 1061 2116 γννοιῖκοις
1087 2060 1204 2127 repone
1237 2047 1318 2112 πολύ

128 2166 191 2237 pro
210 2145 333 2213 πολλοί.
381 2141 501 2208 Deinde
537 2142 568 2206 in
602 2139 726 2207 verbis:
751 2143 830 2221 ἕβόο
853 2144 936 2209 δεινοὶ
960 2154 1056 2211 ποιεῖν
1079 2149 1191 2223 αὐτοὺς
1214 2152 1241 2216 εί
1265 2152 1317 2224 διῖ-

127 2274 188 2335 μος
220 2248 379 2327 ιὶξιοῦνπες
403 2244 481 2313 εἶνοιι
505 2250 612 2312 ποιῦτοι
634 2253 771 2324 τολμῶσι
796 2251 847 2313 κοιί
878 2251 1098 2329 ἀσελγαίνουσι
1123 2265 1186 2328 τοῖς
1209 2257 1317 2338 τυρόν·

127 2380 188 2433 τοις
210 2354 325 2439 iacta,
349 2351 625 2439 corrigemini
657 2357 794 2430 τολμῶσι
819 2374 882 2438 quo
916 2353 999 2419 lacto
1022 2358 1132 2424 statim
1159 2361 1318 2447 intelliges

126 2462 221 2547 ῖμοιοι
243 2481 263 2529 ιι
286 2457 386 2528 sciolo
409 2465 480 2545 post
510 2455 727 2543 corruptelam
748 2457 787 2524 tle
807 2479 865 2524 suo
888 2459 1054 2535 arlrlitum:
1079 2463 1194 2531 deinde
1217 2473 1318 2551 Μοιρό

128 2566 238 2639 scribe
261 2586 320 2655 pro
342 2565 456 2645 Mopsi,
478 2572 509 2630 et
531 2561 611 2635 ὅπως
633 2560 682 2628 οὖν
695 2566 990 2648 -κοοποιςρὲψομεν
1016 2588 1071 2651 pro
1094 2567 1133 2634 σίν
1153 2610 1197 2620 -—
1216 2599 1318 2642 κοιτοι-

127 2672 304 2759 capones.
350 2670 495 2756 Denique
518 2671 588 2734 οὐδ’
620 2666 701 2734 ἄλλο
735 2670 859 2736 πώποτε
891 2692 948 2757 pro
973 2674 1080 2740 οὐδὲν
1112 2674 1193 2743 ἄλλο
1225 2683 1317 2747 resti·

128 2776 303 2849 tuendum.

173 2884 307 2953 Caetera
331 2880 394 2947 alio
415 2889 559 2966 tempore
584 2899 779 2965 persequar,
804 2901 889 2947 nurse
916 2903 966 2949 mc
990 2885 1145 2952 Aunlrasis
1171 2902 1318 2966 revocat,

131 2988 189 3061 Ιδὶ
210 2988 237 3059 l.
260 2991 348 3056 tui
382 3006 440 3073 pro
470 2987 678 3068 ε’φειςνίκεσοον
701 2987 800 3051 πόλεσι
834 2987 1104 3056 verisimillimum
1130 3004 1178 3059 esi
1202 2997 1317 3078 ἑφέςοι-

127 3120 191 3165 σιν
212 3094 313 3163 πόλιιι
337 3113 356 3159 a
379 3090 588 3177 Xenophonte
611 3092 768 3176 scriptum
791 3112 871 3159 esse.
919 3092 1068 3160 Vidimus
1098 3117 1195 3183 supra
1219 3122 1315 3187 ‹puam

128 3208 318 3271 mstooter
339 3195 490 3266 Graeculi
523 3194 642 3261 formas
675 3197 824 3282 antiquas
859 3196 999 3277 ἕςοοσοιν,
1034 3203 1214 3284 vapicen,
1236 3211 1318 3291 οὶφι.

126 3330 235 3379 τινοιν
258 3312 291 3373 et
317 3305 482 3389 ὑφέςοισιιν
506 3302 720 3386 corruperint.
769 3302 814 3368 Ci.
849 3325 991 3392 eaquae
1021 3312 1246 3378 annotavimus
1277 3315 1317 3381 ati

127 3410 233 3483 Anah.
257 3409 282 3480 1.
308 3431 372 3477 run
399 3414 418 3473 e
443 3416 474 3472 et
499 3405 536 3471 V.
558 3426 610 3471 νιι.
643 3409 694 3471 il.
730 3417 761 3472 et
796 3430 944 3489 meeum,
977 3422 1013 3477 ut
1045 3415 1175 3500 opinor,
1198 3420 1317 3502 ἐφέςκ.

128 3542 192 3587 σιν
214 3518 310 3585 unice
333 3514 492 3604 probabis.

139 3650 142 3655 ·
177 3620 284 3691 Verba
317 3622 537 3709 Xenophontis
561 3621 599 3688 il.
626 3643 657 3688 u.
686 3629 737 3688 li.
773 3621 907 3704 ὑπάρχει
936 3625 999 3705 γὰρ
1023 3631 1075 3691 νῦν
1098 3630 1172 3707 ἡμῖν
1204 3633 1320 3698 οὐδὲν

127 3732 205 3797 σῦν
239 3729 484 3805 ἐπιτηδείων,
519 3728 636 3814 quibus
671 3726 790 3793 similia
824 3726 978 3812 leguntur
1003 3730 1069 3797 vit.
1098 3752 1131 3799 u.
1162 3741 1212 3801 15.
1248 3745 1318 3804 τοῖν

125 3834 159 3903 δ’
180 3834 420 3910 όπιτκδείιον
450 3835 558 3900 οὐδὲν
590 3835 723 3915 ἔμελλεν
753 3833 831 3909 ἕξειν
854 3837 889 3900 τὸ
911 3834 1075 3916 ςροίτειιμοι
1106 3837 1224 3905 facient
1248 3864 1317 3929 per·

128 3936 301 4009 menone
323 3936 364 4005 ad
389 3938 526 4006 tirmiter
560 3937 817 4007 constituendam
843 3958 949 4004 veram
976 3939 1145 4009 lectionem
1170 3944 1231 4011 loci
1255 3948 1318 4039 Ly-

126 4044 212 4115 uinci
247 4046 278 4110 in
303 4042 392 4112 Orat.
415 4044 440 4110 i.
473 4044 562 4134 §⁶22
594 4047 677 4118 εἰδὼς
701 4047 727 4110 δ’
759 4046 820 4122 ἐγὼ
853 4040 900 4108 ότι
935 4053 1109 4119 τκνικοοῦτοι
1141 4051 1319 4134 οὶφιγμένος

125 4151 243 4219 οὐδὲν
275 4148 316 4217 ἂν
339 4153 557 4234 κοιτοιλήψοιτο
580 4151 652 4217 οίκοι
676 4153 746 4217 τῶν
777 4150 1009 4224 ἐπιτηδείων
1043 4153 1181 4221 ἐκέλευον
1205 4161 1318 4225 συνδει-

127 4264 240 4335 πνεῖν,
264 4254 321 4322 ιιΙιῖ
350 4256 515 4324 Bekiterus
549 4258 655 4323 οὐδένες
686 4258 902 4338 καταλήψοιτο
934 4257 1122 4344 rescripsit,
1147 4264 1237 4346 ‹prtasi
1261 4274 1321 4332 τῶν

125 4362 310 4438 insulsior
334 4371 418 4429 esset
441 4363 670 4451 familiarium,
692 4381 823 4450 prorsus
849 4369 960 4427 contra
988 4362 1046 4428 loci
1072 4370 1264 4437 seutentiam
1288 4382 1321 4439 et
