2940 5010
672 281 733 341 179

152 462 202 523 atr
218 454 427 523 ’Λεπύσιονε
453 454 615 533 ἀσμένως,
641 454 810 534 χαίροντα,
837 472 895 538 pto
924 453 1097 531 οὶσπύσιον,
1123 456 1297 531 netoides,

150 560 367 635 σθ’λναθθηςε
389 559 581 639 βασιλίσσης
602 577 659 644 pro
678 559 834 633 οὶνοθσσης.
859 558 906 624 sic
926 576 949 631 c
968 569 1001 625 ct
1018 581 1036 631 ε
1056 568 1089 625 et
1110 570 1137 625 0
1160 570 1192 628 ct
1213 573 1240 628 Θ
1259 563 1299 629 ab

148 662 295 733 inminibus
319 667 464 733 omnium
489 684 599 731 rerum
624 663 840 749 ignarissimis
870 675 1024 752 perpetuo
1054 666 1297 753 perturbantur.

147 778 260 839 θιασέτο
278 770 365 858 apud
390 769 586 859 Hesychium
610 778 659 835 est
683 789 740 855 pro
770 771 925 848 διέσσυτο,
958 772 1070 845 Θέοπις
1095 792 1152 858 pro
1177 776 1299 849 θέσπις,

146 878 267 963 &idm
296 896 355 965 pro
383 876 549 959 θέσφατα,
582 875 702 942 ‘aaaron
728 896 784 961 pro
808 878 919 942 ύθλεῖν.
968 878 1005 943 ln
1036 876 1108 942 aliis
1137 898 1199 943 non
1224 882 1300 945 sim·

146 980 195 1071 pu
211 984 321 1049 sitium
343 991 409 1053 cst,
433 980 489 1048 aed
514 982 546 1045 in
571 978 696 1045 duabus
720 981 817 1046 simut
849 979 1002 1047 litterulis
1026 991 1180 1068 peccatur
1206 987 1298 1050 utin

145 1086 213 1163 itte
240 1107 298 1176 pro
324 1087 412 1162 ίλλύς
440 1095 472 1153 ct
498 1086 622 1153 Ἰύλασι
648 1104 704 1172 pro
731 1086 859 1161 έλλοθσι,
886 1095 919 1152 ct
944 1096 1106 1153 Σκιλλεῑον
1133 1107 1190 1174 pro
1212 1115 1300 1156 σκια-

145 1192 205 1259 irim
253 1192 309 1261 Sic
346 1190 620 1274 Τετύρνισσοε
664 1192 819 1274 ἐκορέσθη,
849 1194 989 1268 ἐπλήσθη
1029 1201 1210 1259 monstrum
1251 1206 1300 1261 est

145 1297 353 1381 θεοεσοέρπετο
384 1305 495 1364 natum
534 1296 676 1363 contusis
706 1308 843 1363 ss-rt
872 1307 903 1363 et
931 1312 1012 1365 c—
1032 1318 1067 1369 ε.
1117 1298 1169 1364 Sic
1199 1307 1300 1383 Σφε·

145 1404 257 1485 ερίθεςε
280 1404 493 1483 έπιβλιθμασα
510 1422 550 1469 cx
573 1404 753 1485 Ἐφεερίθες
775 1412 894 1469 ortum.
941 1400 1111 1488 Multiplici
1132 1406 1210 1471 vitio
1231 1426 1301 1493 pro·

144 1504 186 1575 ttit
205 1510 486 1593 ’λρσίσμανενε
519 1509 730 1592 ἐχωρίσθησαν
756 1528 795 1575 ex
823 1507 902 1573 iocis
934 1508 1129 1586 Homericis,
1156 1510 1299 1579 intricat:

143 1614 221 1693 σύγ’
247 1618 287 1689 de
309 1614 522 1694 βουλεύσαντε
556 1614 743 1693 διέτμαγεν,
771 1613 942 1693 διέτμαγεν
969 1615 1187 1695 οέρθμύοαντε,
1224 1618 1298 1683 sint.

143 1716 217 1787 Ιαθε
246 1720 357 1789 eadem
391 1718 496 1807 glossa
529 1738 589 1785 sno
623 1718 691 1785 ioco
723 1721 845 1805 scripta
879 1727 1002 1786 exstat:
1039 1720 1300 1801 Διέτμανενε

141 1822 331 1909 θχιρίσθησαν.
377 1825 524 1907 Περιττθν
547 1826 580 1890 in
614 1826 737 1900 ποιητύν
761 1824 970 1911 depravatum
995 1832 1044 1891 cst
1070 1845 1099 1890 t.
1130 1830 1302 1909 Περιείρ·

93 2004 95 2011 ,
139 1950 287 2013 ysopus:
321 1932 447 2008 ποιητὸν
469 1933 612 2007 ἐποίησα.
655 1932 785 2010 Βέβαιον
819 1932 851 1995 in
883 1931 1010 2011 βιβλίον
1030 1929 1109 1996 abiit
1134 1951 1161 1996 v.
1188 1935 1300 2016 Φερέν-

93 2020 96 2042 ¹
139 2054 213 2111 m:
237 2038 336 2121 φέρων
358 2040 394 2105 τί
417 2038 548 2117 βέβαιον
572 2056 630 2123 pro
657 2038 831 2117 Φερέργυος
855 2074 899 2087 -
922 2037 1066 2116 βέβαιον.
1099 2036 1202 2116 Quam
1232 2058 1301 2124 pos·

139 2138 176 2205 ait
196 2141 278 2209 locus
307 2140 455 2209 funditus
484 2142 712 2228 pessumdatus
749 2153 837 2210 corta
873 2142 950 2208 crisi
986 2142 1019 2206 in
1053 2142 1216 2227 integrum
1252 2164 1299 2209 ro·

139 2244 212 2313 atim
228 2246 390 2317 luculento
413 2247 532 2314 indicio
551 2258 600 2314 cat
623 2250 789 2314 annotatio
810 2268 828 2313 e
847 2246 930 2323 λέξει
953 2258 1072 2329 κωμικῇ
1093 2247 1178 2333 apud
1201 2249 1300 2338 Hesy-

139 2345 227 2419 citou
244 2362 372 2421 servata
395 2372 424 2419 v.
449 2354 600 2435 Σιδύρεοιε
630 2354 717 2435 napa
742 2352 959 2436 Ἀριστοφύνει
983 2352 1014 2416 έν
1038 2354 1224 2435 Νεφέλαις,
1248 2366 1300 2422 Σι-

141 2450 217 2537 ”aar
235 2459 311 2537 θεοί,
336 2460 376 2533 ύς
399 2461 431 2525 έν
458 2458 629 2541 Βυζαντίῳ.
662 2460 709 2525 έτι
732 2460 789 2525 εἶσί
814 2461 845 2524 έν
867 2461 909 2539 τῷ
933 2459 1039 2538 λεπτῷ
1063 2460 1253 2539 νομίσματι,
1277 2456 1299 2542 ᾧ

142 2560 223 2645 ‘titud
250 2566 304 2631 καί
336 2566 478 2647 έλαχίςῳ
509 2566 641 2648 ἐχρῶντο
669 2564 839 2645 Βυζύντιοι.
886 2565 921 2630 in
948 2565 1016 2651 ipso
1038 2562 1153 2631 Codice
1181 2575 1231 2632 cst
1254 2566 1300 2631 ἔτι

92 2718 94 2739 .
144 2664 377 2753 ύείβνζοένπιοι.
408 2672 541 2757 optimel
575 2690 648 2735 narn
679 2672 724 2737 ἔτι
757 2672 815 2737 εἶσί
845 2678 957 2735 natum
987 2678 1036 2735 cst
1067 2690 1106 2735 ox
1133 2679 1300 2748 ΕΠΕΙΟΙ,

144 2766 191 2839 dod
208 2778 230 2842 oi
250 2775 408 2859 Βυζάντιοι
429 2778 535 2856 λεπτῷ
563 2779 755 2859 νομισματίῳ
779 2777 885 2857 σιδηρῷ
908 2777 960 2840 καί
991 2777 1132 2858 έλαχίςῳ
1156 2778 1300 2859 ἐχρῶντο.

146 2870 182 2943 θέο
198 2880 293 2949 rotent
314 2879 456 2948 seribere
478 2882 683 2967 Interpretcs.
732 2880 927 2969 Hesychius:
953 2882 1121 2956 Σικελὸς
1146 2887 1301 2963 προστιθ-

145 3000 206 3057 ttc:
224 2988 292 3054 έπεί
315 2984 408 3063 ξένοις
430 2988 563 3067 ἐχρῶντο
587 2988 771 3068 ερατιύπαις
795 2990 833 3059 aa
856 2986 907 3051 ἐπὶ
930 2988 1011 3053 πολὺ
1036 2991 1062 3053 οἱ
1079 2988 1147 3068 περί
1165 2988 1300 3070 Ἱέρωνα,

144 3090 448 3173 ΕΠεραλύομαιε
471 3090 539 3157 ἐπεί
564 3093 622 3159 ὑπὸ
645 3100 705 3159 τῶν
726 3092 878 3158 πλουσίων
901 3094 927 3158 οἱ
945 3093 1074 3169 πένητες
1096 3096 1300 3173 παρελύοντο,

144 3188 183 3259 tX
196 3203 392 3281 περαλοῦμαι
412 3205 444 3263 ot
464 3204 651 3277 παρελοῦνπο
675 3218 787 3265 rerum
808 3207 867 3265 est.
898 3198 1021 3264 Addam
1041 3202 1172 3265 tertium
1194 3220 1300 3266 exem-

144 3292 221 3381 Μ,
241 3312 280 3371 ut
301 3306 447 3389 ineptum
471 3303 661 3370 vocabulum
681 3326 698 3371 c
718 3304 910 3371 Graecitatis
929 3324 1007 3389 gaza
1028 3304 1165 3369 eiicianr.
1203 3305 1300 3394 Hesy-

145 3398 227 3477 ἀίεις
247 3413 538 3477 Μελλονικιοῖνε
565 3410 736 3492 έπίβραδυς
759 3410 812 3476 καί
835 3414 997 3489 μελλητὴς
1017 3411 1031 3475 ὁ
1055 3413 1168 3485 Νικίας
1192 3411 1300 3489 ε’λένε·

145 3526 183 3587 τι,
198 3510 268 3583 iinc
291 3513 534 3580 Hemstcrlausio
556 3524 688 3582 auctore
714 3517 883 3597 ἐπθβραθυς
907 3519 939 3581 in
964 3515 1108 3582 ordinem
1135 3526 1300 3603 receptum

147 3620 192 3694 at,
208 3620 341 3687 nimium
359 3617 569 3701 festinanter,
595 3640 670 3686 nam
689 3622 763 3707 quis
785 3642 846 3687 non
878 3621 964 3687 videt
988 3622 1056 3687 ἐπεὶ
1085 3622 1203 3703 βραδύς
1231 3642 1302 3687 osae

147 3724 373 3791 tttmdandum?
422 3726 556 3812 Saepius
580 3728 624 3793 ita
645 3727 694 3803 sit,
720 3736 755 3792 ut
780 3728 836 3813 qui
864 3748 943 3793 nova
970 3726 1122 3794 vocabula
1144 3736 1302 3793 venentur

89 3877 93 3901 .
148 3824 236 3898 tabem
257 3852 316 3920 pro
336 3832 460 3897 iunone
482 3830 719 3917 amplectantur
742 3842 774 3898 ot
798 3834 989 3901 Graecitatis
1010 3834 1118 3918 copias
1139 3833 1302 3899 mercibus

89 3929 94 3988 ι’
147 3928 241 4003 nmis
269 3944 419 4023 augeant.
473 3936 611 4021 Egregia
638 3958 733 4024 opera
765 3958 834 4004 esse
867 3939 984 4024 poterit
1015 3938 1101 4003 iltius
1132 3938 1188 4023 qui
1221 3936 1301 4004 irene

89 4120 91 4135 Ε
148 4028 238 4109 θέλετε
251 4042 358 4109 sciens
377 4040 543 4128 complura
562 4042 659 4109 obiter
678 4046 815 4109 eximere
834 4044 959 4109 Loxicis
979 4044 1127 4108 instituet
1149 4043 1301 4109 vocabula

148 4136 205 4209 itio
224 4154 314 4226 nata,
337 4146 431 4235 quate
455 4157 505 4213 cst
535 4147 575 4213 ab
604 4148 847 4216 Hcmstcrlrusio
879 4158 1041 4235 repertum
1073 4156 1105 4213 ct
1130 4148 1300 4234 parcitatem

148 4240 342 4325 έθπιίιλαεον
363 4254 396 4319 in
420 4253 641 4339 Xenophontis
660 4254 701 4321 ad
730 4254 919 4322 Aeschinem
945 4252 1078 4341 epistola
1100 4253 1184 4340 apud
1209 4254 1299 4323 Stolo.

145 4340 230 4425 Ml.
250 4358 373 4429 LXXX.
402 4364 442 4427 12
465 4362 652 4441 τεθαύμακα
675 4363 710 4429 τί
740 4361 965 4441 ιὶμετοέκλαεύν
992 4386 1045 4429 σου
1076 4368 1131 4435 τῆς
1164 4363 1296 4441 γνώμης,
