2940 5010
708 276 771 338 ὅδ’]

145 451 286 515 ιιιιιιιίιιιο
310 448 379 515 loco
401 448 606 525 conveniret,
638 450 670 513 in
694 446 796 513 alicua
822 446 897 515 sede
920 447 1076 515 collocata
1099 459 1174 517 est:
1199 470 1328 541 namque

144 556 192 620 sic
215 557 277 621 οὐδ’
299 555 338 622 ἂν
361 559 412 621 νῦν
436 579 477 634 γε
502 556 660 641 scriptum
683 555 890 640 oportuisset.

189 660 310 726 Ibidem
340 662 373 726 in
404 664 481 748 §h
511 663 562 727 τὸν
586 661 613 725 δ’
636 659 804 741 ἔμπροσθεν
827 660 932 742 χρόνον
955 661 1007 743 ἔζκ
1033 662 1092 729 ὑπὸ
1124 670 1250 739 πολλῆς
1269 664 1327 731 ἔτι·

143 769 276 845 μελειας
308 765 388 840 ὅπως
413 766 481 855 [ὥς]
518 765 660 847 ε’λοέχιτα
692 768 751 845 μὲν
777 764 903 848 ὄψοιτο,
935 766 1080 851 ἐλάχιςα
1103 768 1132 835 δ’
1157 768 1330 847 daurom,

143 871 285 955 ε’λοέχιςοι
316 873 343 939 δ’
376 872 523 955 ἔροιτο,
558 870 807 958 expungendum
840 880 890 939 est
919 871 1002 940 male
1030 874 1212 961 repetitum
1243 876 1329 950 ried

142 998 201 1063 pro
220 978 333 1061 ἔροιτο,
358 977 442 1065 quod
464 987 496 1044 et
519 976 621 1043 lorma
644 987 676 1044 et
695 978 932 1064 significatione
953 978 994 1045 ab
1015 979 1075 1046 hoc
1097 978 1170 1047 loco
1194 978 1327 1049 alienun

143 1091 208 1163 est,
235 1084 454 1172 reponendum
480 1091 530 1151 est
552 1085 639 1166 ἕροικ.
674 1083 836 1151 cavebant
856 1084 1030 1169 diligenter
1051 1094 1089 1152 ut
1112 1086 1263 1171 παρθένοι
1282 1088 1328 1153 la·

141 1193 341 1271 λαμευιμένή
371 1192 566 1277 paucissima
591 1190 736 1269 videret,
769 1189 896 1258 audiret
919 1200 950 1257 et
975 1190 1176 1278 loqueretur:
1208 1189 1327 1273 γυναιξὶ

143 1296 256 1375 κόσμον
281 1300 298 1375 ή
322 1298 398 1377 σιγή
418 1297 515 1381 Φέρει.

187 1401 307 1468 Eadem
333 1421 429 1490 opera
462 1405 597 1469 restitue
630 1403 663 1468 in
698 1401 839 1467 Platonis
872 1402 1042 1491 Symposio
1074 1423 1107 1491 p.
1131 1406 1197 1471 198
1222 1405 1261 1471 Α.
1288 1402 1329 1471 ὅτι

142 1506 286 1585 Ἀγάθων
310 1512 477 1590 nappaeae
501 1511 622 1591 a'poln,
647 1511 708 1588 ἐγὼ
732 1510 764 1575 δὲ
787 1512 994 1590 οὶπορήτοιμι,
1020 1508 1075 1575 uhi
1099 1508 1176 1576 libri
1200 1518 1260 1579 atti
1276 1512 1331 1593 lpoi

142 1620 200 1676 artt
223 1615 287 1696 ε’ρεῑ
307 1614 469 1682 exhibent.

191 1719 363 1807 Plusquam
388 1721 590 1808 perlectum,
616 1730 651 1787 ut
679 1722 798 1808 passim
824 1720 919 1796 aliti,
944 1722 975 1785 in
1003 1720 1232 1808 imperfectum
1257 1719 1329 1788 alito

144 1823 212 1891 Vll.
241 1834 292 1893 10.
324 1830 391 1893 ἐπεὶ
425 1830 479 1906 ήδή
504 1853 554 1907 μοι
585 1831 742 1910 χειροήθης
767 1827 801 1903 ήν
833 1829 885 1892 καὶ
920 1828 1328 1914 innocentemque

144 1931 230 1998 inter
253 1953 288 2000 sc
316 1944 482 2021 pugnant,
519 1943 554 2000 ut
578 1934 686 2000 vides:
720 1937 745 1999 εἰ
778 1934 841 2016 γὰρ
878 1934 1070 2000 ἐτιθατεύετο
1105 1934 1151 2001 ἔτι
1185 1932 1327 2013 novolio

142 2041 310 2119 χειροήθης.
358 2041 393 2106 ln
418 2039 510 2106 libris
529 2048 579 2107 est
601 2041 835 2116 ἐτιήαετεύετο,
859 2040 1141 2119 ε’πιτιτατσεύετο,
1165 2043 1324 2107 ἒπετιτατ·

143 2144 272 2223 τεύετο,
305 2146 390 2212 uude
423 2155 510 2213 recte
537 2145 719 2212 iliodorfius
746 2147 832 2211 cruit
863 2146 1119 2226 ἕτετιιοὶοτεντο,
1156 2148 1220 2213 nisi
1252 2144 1326 2233 quorl

143 2248 278 2317 alteram
301 2252 484 2318 sibilantem
518 2252 670 2317 omissam
697 2253 850 2337 oportuit.
898 2252 1032 2325 Τιοατός
1057 2252 1240 2339 penultima
1264 2251 1324 2318 hre-

142 2355 174 2418 vi
200 2356 358 2424 Graecum
393 2366 496 2425 estet
527 2360 699 2437 τιθασεύο,
730 2358 821 2423 utin
848 2357 1041 2425 Hexarnetro
1072 2359 1192 2426 incerti
1225 2366 1325 2445 poetae

139 2461 226 2545 -apurl
253 2462 454 2530 Athenaeum
479 2486 508 2550 p.
533 2468 598 2530 219
624 2464 660 2530 E.

280 2572 389 2643 παιδὸς
413 2572 580 2647 οὶνικήτον,
605 2573 656 2635 τὸν
681 2572 742 2648 ἐγὼ
767 2572 890 2635 τιθασόν
914 2595 958 2635 τοι
984 2572 1101 2644 ὑπέςκν

280 2686 416 2753 ποιήσαι.

138 2789 175 2844 et
199 2780 283 2866 apud
318 2781 417 2849 alios:
452 2784 559 2868 itaque
592 2783 808 2848 ἐτετιθοὶσεοτο
841 2782 1097 2849 rescribentium.
1146 2783 1235 2850 Nihil
1264 2800 1318 2849 esse
1362 2854 1364 2859 ,

138 2885 201 2952 hoc
224 2888 303 2953 vitio
334 2889 367 2953 in
392 2887 486 2953 Cocli.
513 2886 714 2974 irequentius
741 2897 775 2953 ut
808 2888 979 2975 plusquam
1006 2888 1149 2975 perlecto
1184 2885 1319 2978 (emm

143 2992 246 3081 τευτο)
272 2992 454 3080 imperfecti
487 2991 588 3058 lorma
614 2993 834 3083 (ἐτιικσεύετο)
860 3003 972 3060 contra
996 2995 1194 3060 sententiam
1217 2991 1318 3060 subati-

144 3108 291 3166 tueretur
315 3100 503 3186 saepissime
527 3099 834 3165 ‹lernonstrnvimus
883 3099 1110 3186 Exemplorum
1137 3098 1319 3166 altanum
1362 3138 1364 3163 t

137 3213 174 3270 et
199 3205 351 3291 permulti
375 3205 437 3271 loci
461 3205 566 3271 adhuc
597 3226 666 3271 cam
692 3205 887 3272 medicinam
912 3215 1111 3291 exspectant.
1159 3206 1197 3272 lu
1220 3203 1318 3272 llirlir-

143 3329 184 3375 na
210 3314 227 3395 §
255 3316 328 3376 tet.
354 3313 457 3387 ἐπειδή
482 3312 513 3376 δὲ
533 3314 760 3394 πολιορκεῖσθαι
785 3314 855 3385 τοὺς
879 3313 910 3377 ἒν
928 3312 1094 3390 Ταμύναις
1118 3310 1318 3391 ἐξηγγέλλετο

141 3417 273 3500 requiro
301 3415 478 3495 ἐξήγγελτο
511 3438 606 3502 quum
638 3418 771 3482 allatum
795 3429 884 3482 essct.
932 3416 967 3481 ln
993 3416 1220 3484 Demosthenis
1243 3414 1318 3485 Orat.

141 3520 283 3587 XXXlV.
311 3528 363 3587 ll.
388 3522 594 3587 κατελείπετο
630 3522 724 3589 hahet
749 3521 780 3588 S.
817 3523 939 3608 optime
973 3520 1118 3588 Dindorl.
1150 3523 1317 3590 κατελέλει·

140 3651 202 3692 πτο
228 3627 381 3693 restituit.
429 3626 464 3691 In
491 3623 578 3691 Orat.
593 3626 687 3692 tvtt.
713 3631 765 3694 49.
791 3628 921 3704 ἡπόλις
946 3632 1037 3693 πᾶσα
1062 3627 1243 3711 παρώξυντο
1264 3640 1319 3695 tros

139 3733 286 3799 omnium
309 3734 423 3819 optimi
447 3732 478 3800 S.
494 3732 528 3798 F.
555 3732 590 3813 Q.
616 3734 803 3820 conspirant
828 3736 860 3800 in
881 3732 1088 3815 παρωξύνετο.
1138 3733 1243 3822 Saepe
1259 3750 1319 3821 pet·

140 3848 235 3905 catur
265 3840 297 3904 in
323 3837 460 3905 talibus:
496 3837 580 3926 apud
613 3839 743 3924 llionys.
769 3839 839 3906 Hal.
866 3840 903 3906 Α.
925 3840 962 3905 lt.
989 3838 1072 3908 vttl.
1099 3846 1153 3906 nt.
1189 3836 1318 3907 rescribe

136 3946 416 4028 ε’τετροέχνντο
451 3948 524 4029 πρὸς
558 3946 610 4011 τὸν
641 3946 781 4024 ήγτμδνα
812 3966 870 4032 pro
900 3946 1101 4028 ἐτραχύνετο.
1153 3943 1247 4034 Apud
1271 3942 1320 4010 lit·

140 4050 290 4139 sychinm
326 4052 447 4137 legitur
481 4052 709 4118 Πέπανταιε
745 4052 924 4133 πεπρήῦτιιι
958 4052 1073 4117 vitiose
1115 4071 1174 4138 pro
1207 4046 1318 4118 Πετέ·

141 4182 315 4224 πανται;
346 4157 543 4239 πεπρήῦνται
577 4165 609 4223 ol
650 4157 877 4241 Πέφνρτκιε
913 4157 1072 4238 μεμίαται
1104 4156 1243 4244 pessime
1272 4172 1319 4243 pro

140 4264 325 4342 μεμίανται.
376 4263 455 4345 Quis
478 4263 535 4329 diu
557 4262 717 4329 dubitabit
742 4265 773 4328 in
797 4262 966 4329 Aeschinis
987 4262 1214 4351 Ctesiphontea
1239 4262 1317 4348 §ot

142 4395 200 4459 pro
220 4372 540 4453 παρηγγέλλετο
566 4373 592 4434 δ’
612 4372 665 4447 loc
689 4372 740 4436 ἐπ’
762 4371 855 4436 αὐτὸν
878 4371 1007 4452 ςριιτεία
1034 4390 1189 4457 reponere
1211 4369 1318 4452 πικρήν·
