2940 5010
609 322 652 383 utt

121 488 258 563 urim
282 492 383 561 etiam
410 501 591 580 perveteres
620 499 773 562 exemere
794 503 851 565 aut
883 504 1007 565 veteres
1033 498 1217 584 Editiones,

112 598 185 667 'utre
206 596 321 667 sordes
344 598 487 667 nondum
509 606 705 687 expurgatae
723 602 867 667 omniurn
888 603 989 670 oeulis
1008 614 1135 693 patent,
1159 608 1216 677 sed

112 694 230 771 ulturn-
247 702 341 773 abest
362 710 401 773 ut
423 722 510 772 anno
537 706 642 772 omnis
668 705 723 773 illa
753 708 844 793 eopia
867 728 1014 776 errorum
1043 706 1216 800 diligenter

112 794 226 883 riu-tit.
273 804 398 879 Passim
425 835 465 891 γε
489 817 546 878 aut
573 819 737 878 serratum
768 818 817 879 est
842 814 1019 881 autetiam
1044 820 1216 888 amatese-

112 914 323 997 sinuatum,
349 914 405 984 uiri
428 914 559 983 difficile
586 924 634 983 est
663 917 765 985 risum
788 920 963 987 continere.
1011 920 1150 991 Ferreus
1173 927 1216 992 sit

112 1030 157 1089 ne
175 1026 229 1091 aet
249 1018 308 1111 udi
331 1032 395 1089 nou
417 1020 582 1090 subrideat
606 1022 646 1090 ad
669 1021 747 1090 haec
770 1024 994 1113 Aristophanis
1020 1028 1054 1094 in
1075 1026 1219 1097 lehara.-

112 1142 127 1193 ι.
151 1160 154 1169 ι
181 1166 184 1171 .

205 1228 229 1299 ὦ
251 1237 370 1301 κλεινὸν
388 1234 496 1314 ὄμμα,
519 1240 572 1299 νῦν
593 1234 775 1305 rantrarto
799 1239 829 1301 ν’
850 1234 919 1303 ἰδών

205 1338 305 1406 λείπω
328 1338 410 1423 Φέας
434 1364 479 1419 γε
503 1342 656 1420 τούμὸν,
681 1340 783 1407 οὐκέτ’
806 1343 870 1422 εἰμ’
892 1343 964 1421 ἐγώ.
1045 1330 1048 1335 ’

112 1460 196 1511 mu
224 1442 313 1511 aulus
334 1444 432 1511 λείπω
455 1444 538 1527 Φέας
566 1444 699 1524 τούμόν,
722 1444 899 1513 Graeculus
921 1447 1039 1534 aliquis
1068 1474 1108 1528 γε
1133 1450 1214 1519 inse·

112 1532 265 1637 'l‘ffldle
283 1550 379 1617 ranei
403 1548 451 1615 Ex
475 1548 648 1636 Equitibus
673 1570 718 1617 νε.
743 1554 839 1619 tutu.
864 1553 1010 1640 corrige:

112 1638 153 1703 ,¹:ss
162 1678 167 1689 ·
189 1648 303 1723 'Miror
325 1653 409 1739 Φὲνς
430 1652 507 1721 rtr'.
531 1654 633 1722 οὐκέτ’
655 1657 740 1724 οὐδέν
760 1660 824 1737 εἰμ’
845 1658 920 1736 ἐγώ.

112 1764 271 1829 litamen
295 1760 464 1827 Ravennae
494 1758 575 1827 liber
604 1779 802 1849 quamquam
835 1769 1037 1831 caeterorum
1069 1766 1212 1833 omniurn

112 1864 282 1955 reprimas
302 1872 336 1932 et
355 1882 451 1952 saepe
468 1864 691 1952 importunum
714 1892 754 1948 γε
779 1886 863 1935 unus
886 1869 1039 1936 omittens
1058 1886 1121 1938 non
1138 1870 1213 1938 alibi

112 1966 256 2039 rulorda
277 1968 407 2039 olr'orrat
428 1968 559 2049 eadem,
583 1972 677 2039 euius
697 1973 745 2040 ret
768 1992 870 2062 panea
889 1973 1047 2061 quadam
1068 1978 1214 2065 exempta

112 2078 211 2143 unta
239 2074 359 2145 babere
386 2076 524 2165 perutile
547 2079 610 2144 erit
633 2078 853 2146 emendaturis
879 2097 962 2166 quae
988 2087 1112 2148 restant
1134 2084 1212 2150 vitia

112 2176 266 2249 ffitltmotll.
313 2182 350 2249 ln
372 2180 542 2272 Equitilrsts
563 2204 610 2250 vs·
629 2187 704 2251 374.
730 2203 787 2271 prn
809 2187 969 2264 σούκτεμῶ
995 2182 1052 2275 (σοι
1077 2187 1210 2277 turrea)

112 2292 212 2355 terri
241 2287 279 2367 γ’
303 2288 425 2369 ἐκτενῶ
459 2296 530 2377 post
560 2290 667 2357 orasin
698 2288 782 2355 male
812 2289 988 2357 resolutum
1021 2292 1156 2360 inseruit
1177 2307 1211 2374 γ’

163 2392 273 2459 vitans
293 2392 431 2473 scilieet,
455 2392 553 2481 idque
576 2396 703 2482 saepius
725 2395 759 2459 in
779 2392 874 2460 Godd.
900 2393 1023 2462 laetum
1039 2417 1109 2464 esse
1125 2418 1211 2493 eorn-

133 2498 224 2565 utin
243 2496 532 2595 millanello
555 2500 640 2567 rouel
664 2498 701 2565 τά
720 2501 754 2577 ν’
774 2500 847 2578 ἐμὸν
866 2504 944 2580 σῶμ’
964 2504 1102 2569 αὐτοῖσιν
1123 2502 1130 2591 Ι
1150 2529 1210 2571 rra·

120 2602 252 2671 sunm
279 2616 340 2691 pro
360 2604 446 2671 osori
469 2604 583 2685 τούμόν
611 2612 643 2672 et
663 2604 735 2671 aliis
760 2603 848 2672 loeis.
895 2604 931 2672 ln
961 2604 1044 2694 qu.
1075 2627 1120 2674 νε.
1145 2614 1209 2677 865

112 2708 178 2793 μη
199 2710 231 2775 r’
249 2704 327 2777 ὅσων
348 2704 452 2793 ἐγῷδα
468 2746 515 2760 -
532 2708 615 2793 ἄνδρ’
638 2706 758 2793 bareos,
781 2728 883 2797 quum
904 2719 988 2779 esset
1008 2719 1102 2779 retus
1121 2732 1210 2781 rnen·

113 2808 188 2883 dra
206 2830 267 2903 pro
287 2810 365 2881 door
385 2816 418 2881 in
447 2814 631 2883 Rauennate
654 2822 819 2903 comparet
838 2812 906 2882 tro
928 2822 962 2896 γ’
985 2812 1107 2902 ἐγῷδα,
1130 2818 1207 2888 ilrid.

112 2908 257 3007 Μῖμε
273 2920 337 3001 lyd
358 2923 412 2989 ode
431 2916 489 2989 ur
507 2918 526 2987 d
542 2944 573 2988 rr
592 2921 699 3001 λέγειν
719 2920 824 2989 scriba
847 2918 997 2989 indoctus
1023 2930 1127 2992 metro
1148 2926 1208 2993 sol·

112 3012 248 3105 'rim’
270 3026 324 3093 ors
342 3020 414 3093 olus
437 3024 526 3093 dedit
548 3036 580 3094 et
605 3026 745 3115 perdidit
767 3028 885 3094 omnia.
931 3026 968 3094 ln
995 3026 1138 3096 Nedibus
1161 3050 1205 3097 rs.

112 3114 260 3199 Mat
288 3134 372 3215 irrue
395 3130 520 3216 ἔχουσιν
549 3132 689 3201 ostendit
711 3152 808 3220 quam
834 3142 918 3200 esset
946 3132 1063 3201 harum
1095 3155 1204 3203 rerum

112 3252 143 3305 Ι
163 3234 347 3303 ressrllrens
365 3234 461 3305 adress
483 3236 517 3303 δέ
535 3260 587 3317 γε.
635 3234 671 3304 ln
697 3236 790 3303 Pluto
809 3239 886 3304 696.

195 3340 212 3409 l
234 3340 268 3409 dl
290 3342 354 3417 lale
376 3344 448 3423 ὑμῖν
468 3346 501 3409 ori
523 3344 685 3427 aporiatur
711 3356 744 3410 Β.
770 3342 895 3410 οὐδέπω.

112 3450 167 3515 trra
184 3450 326 3533 προσῄειν
346 3448 472 3536 primae
493 3466 648 3535 personae
668 3467 739 3517 esse
765 3448 947 3517 emendarit
970 3450 1092 3519 seilicet
1116 3477 1205 3535 προσ·

112 3542 182 3621 Ην
200 3554 329 3643 saepius
357 3552 440 3621 nlilri¹
464 3552 575 3621 eodem
597 3552 690 3621 modo
714 3556 852 3644 turpiter
875 3574 910 3622 se
932 3552 1010 3623 dare
1030 3556 1119 3625 solet.
1167 3559 1204 3625 ln

112 3670 177 3747 utre
196 3654 287 3727 irena
308 3672 373 3725 non
400 3658 518 3740 latuit,
546 3665 581 3727 at
610 3660 709 3728 nirnis
735 3660 837 3729 multa
859 3666 1000 3739 restant,
1024 3661 1079 3728 nbi
1100 3660 1206 3731 adhue

112 3782 149 3833 re
166 3760 209 3831 alr
228 3762 301 3831 istis
316 3772 366 3831 est
385 3772 554 3853 peecatum
574 3774 608 3832 et
628 3792 669 3845 γε
689 3768 767 3833 vitio
788 3773 900 3833 natum
924 3766 1062 3832 nimium
1082 3769 1204 3855 patien-

112 3868 260 3937 enimn
282 3868 382 3937 stulte
401 3868 556 3950 ierimus,
578 3878 610 3938 et
634 3879 711 3939 sunt
730 3871 785 3958 qui
808 3870 971 3939 subtiliter
994 3873 1204 3961 interpreten·

122 3962 190 4043 ttoo
212 3982 263 4043 ost
285 3972 326 4043 ab
346 3972 406 4043 lroo
430 3974 500 4043 loeo
518 3976 660 4044 alienum
685 3984 717 4044 et
735 3976 908 4043 Menandro
929 3980 1128 4068 eaeterisque
1147 3980 1203 4047 Go-

112 4064 192 4149 rison
208 4078 331 4149 inutile¹
343 4078 386 4149 de
402 4078 516 4149 multis
537 4082 616 4150 loeis
634 4082 739 4149 adhue
759 4079 814 4147 illo
831 4082 926 4149 modo
945 4086 1105 4173 corruptis
1124 4104 1201 4151 non·

112 4184 295 4255 tludleare.
341 4184 379 4253 ln
401 4186 543 4255 Nubilus
565 4189 673 4256 editur
695 4208 741 4254 νε.
765 4191 861 4255 1189.

193 4294 306 4369 dulsos
329 4286 379 4361 adr
400 4294 457 4371 rire
479 4304 589 4372 κλῆσιν
612 4296 655 4368 εἷς
680 4296 726 4361 δύ’
749 4293 865 4377 ἡμέρας

192 4398 298 4477 ldrrrrrr
320 4396 366 4475 rie
382 4412 423 4479 γε
444 4402 500 4473 τὴν
520 4396 587 4476 ἕνην
610 4425 644 4465 τε
670 4400 720 4465 eal
745 4400 826 4464 virro.

958 4512 971 4549 r
985 4510 993 4527 .
