2940 5010
698 284 760 345 ott

146 454 237 538 brie,
264 467 353 547 poter
379 456 551 543 prouidere.
571 492 616 505 -
638 454 704 523 rao
726 455 782 519 tibi
800 464 950 541 paternae
981 451 1060 539 lepis
1090 452 1238 543 [Aciliae]
1273 475 1323 519 ce·

142 562 212 631 atat
233 562 269 629 in
286 562 453 629 ιιιοιιίυιοι.”
499 560 683 627 Ridiculum
709 557 865 626 emblema
884 557 982 624 rides.
1008 558 1081 623 Post
1105 578 1207 646 pauca
1232 562 1322 645 §bb

145 666 204 733 »Si
236 667 444 759 [Glabrionis]
479 666 580 755 putris
610 666 675 731 vim
698 676 727 731 ct
757 665 961 730 acrimoniam
991 663 1107 751 ceperis
1128 702 1194 743 —-‚
1222 665 1252 729 si
1272 667 1324 729 oui

148 770 350 861 [Scaevolae]
368 772 643 861 prudentium-,
666 772 694 835 si
715 771 812 835 soceri
838 768 979 857 [Scauri]
1004 770 1236 835 eorrrtontiam’'
1259 780 1322 837 cet.

147 896 210 943 nou
231 886 308 944 suut
333 877 410 944 baec
435 877 570 943 tortasse
597 884 676 942 tam·
696 874 855 952 ridicula,
885 873 940 939 sed
965 894 1026 940 non
1050 874 1180 942 terenda
1204 884 1322 941 tamen.

144 980 227 1049 Nota
249 991 301 1049 est
320 982 469 1049 omnibus
491 981 685 1049 Graecorum
717 979 931 1057 consuetudo,
954 1000 1018 1066 qua
1041 979 1142 1046 filium
1167 980 1246 1047 clari
1270 1001 1323 1068 pa·

144 1088 207 1155 tris
231 1086 334 1153 solent
360 1087 508 1169 ποιτρθθεν
541 1087 775 1168 προσαγορεύειν
804 1085 934 1151 honoris
957 1104 1054 1151 causa
1075 1092 1132 1151 aut
1154 1105 1229 1151 cum
1249 1106 1324 1173 gra·

143 1192 245 1259 vitute
277 1192 414 1280 quadum
439 1192 603 1260 interdurn
626 1202 658 1258 et
689 1195 814 1266 iocosa,
846 1189 944 1256 veluti
976 1187 1085 1256 ὦποιῖ
1112 1192 1268 1270 Κλεινίου,
1300 1186 1322 1256 ὦ

144 1304 210 1364 ποῖ
230 1298 391 1375 Μένωνος,
414 1296 436 1363 ὦ
459 1306 523 1363 ποῖ
539 1300 720 1379 Ἀρίςωνορ,
750 1294 772 1361 ὦ
797 1304 860 1361 ποῖ
884 1297 1114 1377 Σωφρονίσκου,
1137 1292 1158 1361 ὦ
1182 1305 1245 1363 πωῒ
1272 1307 1323 1363 Φι-

144 1402 289 1487 λίππου,
320 1402 447 1489 aliaque
477 1423 573 1489 qnam
606 1402 754 1488 plurima.
807 1398 962 1465 Notabilis
990 1401 1024 1465 iu
1057 1399 1140 1465 hanc
1175 1420 1243 1467 rem
1275 1410 1326 1468 est

145 1502 291 1573 Plutonis
313 1507 402 1575 locus
425 1508 458 1573 in
480 1507 597 1597 Lyside
617 1512 695 1574 204.
719 1506 755 1572 Ε.
779 1509 813 1573 ού
831 1504 895 1586 γὰρ
918 1504 1001 1571 ποίου
1019 1529 1051 1571 τι
1073 1508 1170 1572 οιύτοῦ
1188 1506 1325 1587 τούνομοο

143 1610 291 1691 λέγουσιν
314 1614 389 1679 ἀλλ’
411 1612 457 1679 ἔτι
489 1614 638 1696 ποιτρίθεκ
661 1610 885 1692 ἐπονομάζεται
909 1611 960 1677 διὰ
982 1610 1018 1676 τὸ
1042 1612 1161 1695 σφύδρω
1187 1612 1240 1679 τὸν
1263 1638 1324 1679 πω·

143 1714 224 1798 τέρεν
245 1718 472 1796 γιγνώσκεσθαι
505 1722 612 1785 υύτού.
659 1718 695 1783 ln
718 1715 768 1781 bis
800 1716 901 1800 igitur
928 1715 1019 1781 scioli
1040 1717 1134 1802 genio
1158 1716 1326 1805 indulgent

144 1829 181 1887 ct
203 1820 315 1889 sedulo
338 1824 467 1889 nomina
491 1823 552 1888 sibi
576 1832 651 1889 nota
668 1830 854 1909 apponunt,
879 1830 914 1887 ut
937 1819 1021 1906 apud
1040 1820 1236 1889 Herodotum
1259 1824 1325 1891 Vll.

147 1930 202 1993 10.
234 1928 274 1993 τι)
297 1928 347 2003 δὲ,
380 1925 489 1995 alnei
510 1929 657 2011 Γωβρύεω
688 1926 893 2013 [Μορδίκιε],
926 1931 1047 1991 παῦσαι
1075 1928 1177 2006 λέγων
1210 1927 1324 2009 λύγους

142 2032 319 2111 μετρίους,
342 2040 375 2099 et
397 2034 481 2121 apud
506 2034 669 2100 Platonem
690 2034 721 2097 in
747 2030 862 2119 Lyside
885 2051 916 2117 p.
938 2034 1013 2097 aot.
1038 2032 1073 2097 Β.
1105 2029 1127 2098 ὦ
1150 2042 1213 2100 που·
1232 2042 1326 2119 Ἱερω-

143 2134 243 2217 νύμου
270 2136 502 2227 [Ἱππθθοιλες],
527 2140 580 2204 υίιί
606 2142 762 2204 tritanum
787 2138 889 2201 erasit
915 2156 947 2222 p.
967 2140 1044 2203 507.
1069 2138 1102 2203 ll.
1127 2136 1149 2205 ὦ
1173 2149 1237 2206 που·
1261 2154 1324 2219 An-

143 2248 325 2325 μοφῶιπος,
349 2244 473 2325 πότερος
493 2248 577 2323 ἡμῶν
597 2243 821 2325 πρεσβύτερος;
847 2251 878 2307 el
904 2262 933 2327 p.
948 2246 1024 2308 ⁴209.
1051 2246 1087 2309 d.
1111 2247 1156 2324 μὴ
1178 2248 1212 2311 ού
1232 2251 1325 2317 τοῦτό

143 2370 201 2423 σε,
224 2345 247 2415 ὦ
270 2358 334 2416 ποεῖ
350 2352 589 2433 Δημοκράτους,
612 2350 735 2431 κωλύῃ,
758 2355 791 2413 el
813 2348 845 2413 in
866 2348 998 2414 bleuoue
1020 2368 1053 2434 p.
1073 2353 1126 2417 76.
1146 2350 1185 2421 E.
1220 2350 1327 2425 ὦποιῖ

143 2450 362 2534 ’Λλ-εξιδιίμου.
410 2454 471 2521 Sed
495 2456 635 2521 recurrit
658 2454 774 2519 vitium
798 2453 830 2519 in
856 2452 984 2541 Gratylo
1008 2472 1037 2539 p.
1056 2458 1132 2521 584.
1158 2458 1194 2523 Α.
1217 2455 1240 2524 ὦ
1263 2470 1328 2529 ποῖ

141 2556 318 2627 Ἰππονίκου
345 2560 570 2648 [appenni
619 2560 779 2625 Tenemus
809 2558 1068 2645 interpolatorem
1092 2562 1125 2625 in
1157 2562 1324 2635 Phaedone

142 2680 178 2749 p.
200 2666 256 2731 89.
279 2666 313 2731 G·
338 2672 512 2747 ποορυκοιλῶ
547 2668 665 2743 τοίνυν,
699 2664 786 2747 ἔφη,
820 2668 881 2748 οὐχ
914 2666 953 2738 τίς
984 2670 1139 2743 Ἠροιιιλῆς
1173 2671 1249 2736 ἀλλ’
1282 2677 1322 2751 ὥς

141 2768 264 2844 Ἰίλεωο
299 2769 364 2859 [τὸν
387 2774 560 2859 Ἡρκκλῆ],
587 2790 682 2848 nam,
716 2782 939 2858 praeterquam
970 2770 1053 2857 quod
1078 2772 1242 2841 inliceturu
1273 2789 1323 2846 est

142 2872 323 2953 emblema,
342 2876 518 2944 Graeculus
533 2879 636 2942 utitur
657 2878 772 2942 vitiosa
785 2877 887 2942 torma
899 2877 1082 2961 sequioruur
1099 2880 1151 2943 τὸν
1164 2886 1321 2963 Ἡροοκλῆ,

142 2996 246 3065 quum
271 2980 402 3049 Veteres
423 2994 608 3049 constanter
630 2988 681 3048 τὸν
701 2984 857 3062 Ἠρυκλέοο
881 2980 1049 3047 dixissent.
1099 2982 1246 3051 Vidimus
1266 3010 1321 3055 su-

142 3102 204 3173 pra
248 3096 400 3169 Περικλῆς
445 3090 552 3175 ίυεμιο
594 3089 751 3153 inscrtum
797 3088 829 3152 in
868 3088 1059 3170 Protagorae
1100 3086 1189 3155 loco:
1234 3093 1319 3165 idem

141 3188 300 3259 emblema
325 3195 549 3260 removendum
574 3203 623 3260 est
651 3212 689 3257 ex
716 3191 879 3259 rllcibiaile
902 3193 927 3259 1.
962 3211 992 3277 p.
1018 3194 1080 3257 124
1109 3194 1141 3257 t'.
1166 3196 1180 3259 ὁ
1203 3198 1320 3283 ἐπίπρο-

142 3298 236 3373 roei
258 3298 487 3378 leicestriae
507 3301 551 3368 tel
576 3300 628 3364 κοιί
649 3301 818 3381 σοφώτερος
840 3300 857 3374 ἢ
880 3297 1057 3384 [Περικλῆς]
1076 3298 1090 3361 ὅ
1106 3299 1169 3373 τίς.
1216 3304 1320 3375 Alline

140 3420 246 3487 genua
275 3411 327 3471 cst
359 3403 615 3491 interpolationis
645 3404 678 3467 in
710 3402 785 3469 lone
817 3423 848 3489 p.
870 3408 946 3468 551.
971 3402 1007 3468 Ι).
1038 3400 1061 3468 ὦ
1088 3406 1168 3487 φίλι
1191 3415 1320 3493 κεφκλή

144 3504 266 3595 [Ἶων],
300 3516 333 3575 el
363 3509 395 3574 in
420 3509 549 3575 Critone
582 3530 613 3596 p.
640 3513 693 3574 54.
726 3508 761 3574 b.
793 3504 815 3573 ὦ
843 3510 920 3591 φίλε
947 3506 1048 3589 ἕτοιιρε
1087 3510 1252 3603 [Κρίτων],
1287 3530 1320 3587 et

141 3630 175 3699 p.
196 3617 251 3679 44.
275 3614 309 3681 Β.
342 3611 523 3694 desipere
549 3614 739 3703 [Σοίκροιτες]
766 3623 798 3679 et
822 3635 853 3699 p.
874 3618 927 3678 44.
951 3614 986 3679 C.
1010 3611 1032 3679 ὦ
1056 3616 1212 3699 ροοοκοίριε,
1240 3622 1321 3709 [Κρί.

140 3718 242 3807 τυν],
266 3728 300 3785 et
324 3720 356 3785 in
383 3718 495 3806 Hippia
518 3720 636 3785 blaiore
659 3739 690 3805 p.
716 3722 792 3784 295.
817 3718 856 3785 u.
887 3714 909 3783 ὦ
932 3720 1091 3798 θοιιμθνιε,
1114 3724 1216 3805 φησί,
1243 3727 1320 3814 [Σο.

139 3826 293 3911 κρωτερ],
317 3833 349 3892 et
370 3826 433 3892 alia
453 3824 608 3911 quaedam
633 3822 875 3890 eiusdemmodi.
924 3823 1029 3889 Unum
1056 3835 1180 3893 tantum
1205 3831 1320 3902 addam

140 3947 183 3995 ex
212 3927 371 3997 Herodoto
395 3930 451 3997 ΙΧ.
478 3934 533 3997 91.
571 3928 591 3995 ὦ
620 3928 699 4006 ξεῖνε
727 3930 853 4009 Σοίμιε,
883 3930 916 3994 τί
944 3954 989 3995 ποι
1019 3933 1054 3997 τὸ
1077 3934 1209 4013 ου’νομοις
1241 3939 1256 4001 ί
1287 3942 1319 4007 δὲ

137 4029 212 4102 εἶπε
247 4037 526 4117 εἩγκοίςροοτος.”
557 4036 627 4100 ὅδὲ
663 4034 851 4117 ὑποιρποίσοις
883 4036 935 4100 τὸν
967 4036 1124 4102 ἐπίλοιπον
1158 4040 1251 4119 λύγον
1272 4080 1319 4101 -

138 4135 233 4208 elta·
268 4142 408 4221 Δίκομοιι
430 4143 482 4206 τὸν
514 4142 611 4206 οίωνθν
635 4142 706 4225 [τὸν
737 4137 1046 4228 ἹΙγκοίςροιτου],ὦ
1077 4140 1156 4219 ξεῖνε
1194 4148 1316 4232 Σοίμιε,

138 4263 225 4331 quae
247 4246 326 4312 satis
346 4254 395 4313 est
414 4245 569 4315 indicare.
615 4245 707 4311 Nunc
728 4245 766 4310 ad
792 4246 997 4335 Symposinm
1022 4247 1128 4313 redeo.

186 4348 307 4439 Nempe
337 4371 421 4419 unus
447 4352 527 4419 mihi
556 4352 644 4419 locris
668 4352 878 4439 corrigendus
901 4360 1003 4420 restat
1026 4354 1058 4419 in
1083 4374 1152 4441 cap.
1176 4356 1258 4425 vlit.
1282 4371 1314 4429 c.
