2940 5010
682 307 753 407 4152

182 478 378 566 Antiphanes
402 478 555 546 Athenaei
579 501 611 567 p.
635 484 712 547 441.
733 478 767 543 C.

479 584 589 664 βούλει
608 585 661 652 καὶ
683 585 740 662 ου’,
764 582 924 666 φιλτάτη,
948 592 1051 661 πιεῖνς

284 702 317 754 Β.
342 691 445 763 καλῶς
467 690 535 772 ἔχει
554 715 616 769 μοι.
652 701 693 757 A.
714 694 875 770 τοιγαροῦν
899 686 974 772 φέρε
999 688 1016 721 ⁴
1041 689 1058 721 ⁴

345 795 439 877 μέχρι
462 797 525 877 γάρ
545 803 631 877 τριῶν
652 796 713 861 δεῖν
734 795 816 877 φατὶ
839 798 936 872 τιμάν
953 795 1026 868 τοῦς
1047 795 1145 868 θεούς.

188 899 263 966 Iluil
288 921 388 987 quum
413 901 445 965 in
472 909 574 975 καλῶς
604 900 671 983 ἔχει
703 923 754 978 μοι
780 897 876 988 (quod
905 897 1112 966 Hermaunus
1142 921 1202 988 pro
1225 901 1258 985 ἔγ

139 1004 295 1092 reposuit)
325 1004 500 1072 ollenderet
520 1025 691 1091 pronomen
715 1003 797 1071 male
817 1001 981 1070 additum:
1006 1023 1149 1093 namque
1168 1015 1258 1073 noem

139 1118 241 1184 καλῶς
265 1111 353 1192 ἔχει,
377 1111 445 1193 ἔχει
475 1109 634 1187 κάλλιςα,
667 1112 750 1176 πάνυ
779 1111 898 1187 καλῶς,
930 1116 1033 1183 καλῶς
1062 1110 1179 1178 ἐπαινῶ
1209 1132 1258 1199 gra

139 1215 303 1300 agentium
329 1224 360 1280 et
383 1217 518 1282 comiter
549 1216 734 1303 urbaneque
764 1215 1003 1292 recusantium,
1031 1214 1097 1281 vid.
1128 1215 1257 1284 Cusaub.

138 1320 229 1406 lliog.
253 1320 359 1387 baert.
383 1319 423 1385 ll.
452 1324 513 1398 76,
538 1322 593 1408 qui
617 1322 798 1409 appositum
824 1317 989 1386 Plutarchi
1012 1318 1121 1388 locum
1142 1322 1249 1390 attulit

137 1424 221 1491 libro
243 1426 282 1491 de
304 1423 467 1492 audiendis
485 1428 584 1514 poetis
606 1447 635 1514 p.
659 1430 701 1492 25
727 1425 765 1514 Α)
794 1427 836 1508 τῷ
869 1425 1050 1491 ἐπαινεῖν
1076 1426 1149 1493 οὶντὶ
1177 1434 1231 1495 τοῦ
1251 1454 1258 1497 ι

142 1534 371 1612 ραιτεῖτῦαι
395 1532 565 1613 κέχρηται,
589 1531 728 1613 καθάπερ
753 1533 783 1598 ἐν
815 1539 855 1613 τῇ
884 1530 1026 1615 συνηθείᾳ
1056 1538 1190 1608 καλῶς
1217 1539 1258 1617 φτ

140 1636 251 1718 ἔχειν
275 1634 349 1703 ῦταν
369 1641 415 1717 μὴ
437 1639 574 1717 δεώμεθα
597 1641 674 1718 μηδὲ
698 1637 926 1717 λαμβάνωμεν.
972 1635 1095 1723 Nempe
1118 1638 1258 1721 καλῦςῦρ

139 1741 207 1824 ἔχει
228 1743 368 1812 κάλλιπον
394 1745 425 1808 iu
450 1743 569 1810 talibus
591 1743 694 1810 solent
715 1742 839 1820 dicere,
863 1762 926 1808 non
948 1748 1051 1815 καλῶς
1073 1740 1143 1826 ἔχει
1167 1769 1228 1824 μοι.

138 1854 327 1917 exemerunt
356 1846 442 1915 bunc
473 1849 660 1936 scrupulum
689 1848 751 1916 duo
780 1848 841 1915 loci
864 1868 902 1914 ex
927 1847 1070 1913 oratione
1095 1847 1258 1937 Lysiacal

140 1957 194 2018 ⁶25.
221 1953 431 2031 ἐδειπνοῦμεν.
456 1955 613 2030 ἐπειδὴδὲ
636 1962 738 2027 καλῶς
763 1956 847 2035 αὐτῷ
871 1949 959 2034 εἶχεν
980 1952 1080 2019 άπιιδν
1102 1953 1258 2042 ᾤχετο,ιρ

139 2056 253 2123 iisdem
283 2057 389 2124 verbis
419 2061 553 2146 repetita
585 2059 738 2146 leguntur
766 2060 799 2124 in
825 2057 848 2148 S
875 2061 929 2125 39.
966 2057 1094 2126 Urbane
1115 2062 1201 2126 euim
1224 2084 1258 2127 κα

139 2165 223 2244 αὐτῷ
247 2162 314 2245 ἔχει
339 2163 461 2230 dicitur
481 2186 537 2252 pro
561 2164 636 2240 άδνν
659 2165 746 2247 ἔχει,
770 2165 938 2244 άρκοῦντως
963 2162 1031 2246 ἔχει
1055 2163 1095 2230 de
1119 2173 1258 2231 saturet

137 2269 209 2333 viva
231 2277 287 2333 ant
308 2288 359 2344 eo,
384 2271 440 2355 qui
460 2273 538 2336 satis
563 2271 626 2336 eibi
650 2271 766 2336 sumsit
789 2278 845 2335 aut
872 2266 994 2334 adbibit
1020 2269 1113 2338 satis.
1160 2270 1258 2357 itaqu

141 2392 209 2457 sqq.
235 2374 330 2438 tertia
362 2393 496 2459 persona
527 2375 688 2461 loquitur,
722 2374 899 2460 parasitus,
935 2380 971 2439 ut
995 2374 1124 2460 opinor,
1155 2377 1257 2465 quiq

141 2476 194 2541 illa
220 2477 388 2544 recusabat
411 2478 502 2545 avide
524 2479 584 2545 sibi
610 2480 711 2566 poscit
736 2479 787 2544 bis
810 2478 931 2545 verbis:

730 2591 889 2666 τοιγαροῦν
913 2585 979 2663 ἐμοὶ
1004 2586 1099 2668 φέρε.

321 2690 416 2770 μέχρι
440 2690 503 2771 γάρ
527 2696 613 2770 τριῶν
637 2691 697 2756 δεῖν
719 2691 801 2771 φατὶ
825 2693 922 2769 τιμάν
944 2692 1015 2764 τοῦς
1039 2692 1135 2766 θεούς.

186 2792 273 2873 Quae
294 2794 486 2879 antiphonis
513 2794 685 2861 trochaicis
708 2794 793 2881 apud
816 2794 929 2862 Athen.
958 2816 988 2883 p.
1014 2799 1091 2863 642.
1115 2798 1153 2864 Α.
1181 2799 1258 2866 tuot

141 2909 216 2963 surrl
240 2897 415 2988 dactylica:

322 3007 374 3070 καὶ
398 3006 549 3087 παρέθηκε
573 3006 733 3085 γέμουσαν
757 3007 903 3087 πέμματι
928 3008 1148 3084 παντοδαποῖς.

321 3120 377 3188 τῆς
400 3117 556 3194 τρυφεροῖς
579 3114 643 3178 άπὸ
666 3112 792 3192 Λέσβου
815 3112 1004 3192 σεμνοτάτου
1027 3115 1161 3193 εαγάνος

322 3226 454 3298 πλῆρες,
478 3218 622 3300 ἀφρίζον,
645 3214 755 3291 ἕκαςος
778 3217 917 3303 δεξιτερᾷ
940 3220 968 3285 δ’
990 3218 1119 3298 ἔλαβεν.

143 3329 249 3386 sumta
274 3330 348 3387 sunl
372 3342 411 3388 ex
439 3323 659 3397 conamine,
694 3321 777 3408 qnod
806 3343 919 3389 reeens
949 3322 1072 3391 editum
1103 3325 1258 3395 totiusll

143 3427 211 3491 ciac
233 3426 379 3512 plausum
402 3425 521 3491 tulerat
543 3436 575 3492 et
599 3428 762 3512 ingentem
785 3429 929 3493 omnium
950 3428 1200 3499 admirationem
1224 3452 1258 3501 m

143 3538 213 3606 rat,
239 3532 271 3594 io
303 3528 353 3595 his
384 3530 594 3617 Antiphanis,
628 3533 721 3598 cuius
754 3541 822 3597 tum
853 3535 993 3620 primum
1024 3532 1096 3601 laus
1126 3536 1258 3607 nascchr

145 3635 308 3703 Philoxeni
334 3645 465 3702 Δεῖπνον
488 3635 575 3710 dico,
598 3638 693 3703 coins
716 3639 870 3703 carminis
893 3659 968 3725 pars
987 3638 1027 3707 ab
1051 3639 1218 3711 Athenaeo
1239 3662 1258 3711 1

143 3751 269 3807 servata
292 3751 356 3819 est,
380 3743 413 3806 in
437 3760 499 3826 qua
521 3740 684 3808 simillima
709 3743 773 3810 illis
797 3744 962 3828 leguntur,
986 3744 1100 3813 veluti:

279 3849 503 3913 παντοδαποῖσι
527 3849 645 3929 τέχνας
669 3850 818 3929 εὑρήματι
843 3852 915 3931 πρὸς
937 3849 1119 3930 βιοτάν-

280 3961 343 4027 τοῖς
368 3955 394 4018 δ’
418 3952 468 4018 ἔπι
493 3959 599 4033 πρῶτα
623 3958 754 4035 παρῆλθ’
776 3958 809 4021 οῦ
833 3955 1014 4036 κάκκαβος,
1034 3954 1057 4024 ὦ
1079 3959 1222 4042 φιλότας
1244 3998 1258 4017 .

281 4059 596 4133 σηπιοπουλυποδείων
619 4067 678 4126 τῶν
702 4060 981 4139 ἁπαλοπλοκάμων
1003 4100 1048 4113 -
1118 4116 1122 4123 .

279 4164 486 4244 άρυμματιδες
509 4167 536 4230 δ’
559 4165 610 4229 ἐπὶ
634 4167 767 4238 ταύταις
791 4167 976 4244 εὐπέταλοι,
997 4170 1130 4252 χλοεραά
1150 4206 1203 4225 --

278 4267 468 4350 σπλάγχνον
492 4270 602 4336 ἔπειτα
625 4272 657 4337 δὲ
680 4281 764 4347 νῆτις
788 4272 945 4354 δέλφακος
968 4274 1122 4350 οἰκετικᾶς
1145 4314 1196 4329 ·-

278 4372 588 4458 μιξεριφαρνογενής,
612 4373 652 4441 άν
675 4378 711 4453 δὴ
735 4379 871 4461 φιλέοντι
895 4379 955 4445 leel
976 4416 1023 4431 --
