<?xml version="1.0" encoding="UTF-8"?>
<!DOCTYPE html PUBLIC "-//W3C//DTD XHTML 1.0 Transitional//EN"
    "http://www.w3.org/TR/xhtml1/DTD/xhtml1-transitional.dtd">
<html xmlns="http://www.w3.org/1999/xhtml" xml:lang="en" lang="en">
 <head>
  <title>
</title>
<meta http-equiv="Content-Type" content="text/html;charset=utf-8" />
  <meta name='ocr-system' content='tesseract 3.04.00' />
  <meta name='ocr-capabilities' content='ocr_page ocr_carea ocr_par ocr_line ocrx_word'/>
</head>
<body>
  <div class='ocr_page' id='page_1' title='image "./novaelectionesq00cobegoog/novaelectionesq00cobegoog_0017.png"; bbox 0 0 2940 5010; ppageno 0'>
   <div class='ocr_carea' id='block_1_1' title="bbox 656 304 688 349">
    <p class='ocr_par' dir='ltr' id='par_1_1' title="bbox 656 304 688 349">
     <span class='ocr_line' id='line_1_1' title="bbox 656 304 688 349; baseline -0.063 0"><span class='ocrx_word' id='word_1_1' title='bbox 656 304 688 349; x_wconf 76' lang='lat' dir='ltr'><strong>tx</strong></span> 
     </span>
    </p>
   </div>
   <div class='ocr_carea' id='block_1_2' title="bbox 76 467 1258 919">
    <p class='ocr_par' dir='ltr' id='par_1_2' title="bbox 76 467 1258 919">
     <span class='ocr_line' id='line_1_2' title="bbox 76 467 1255 559; baseline -0.004 -20"><span class='ocrx_word' id='word_1_2' title='bbox 76 481 202 540; x_wconf 83' lang='lat' dir='ltr'><strong>eertum</strong></span> <span class='ocrx_word' id='word_1_3' title='bbox 237 475 278 539; x_wconf 90' lang='lat' dir='ltr'><strong>sit</strong></span> <span class='ocrx_word' id='word_1_4' title='bbox 314 473 411 538; x_wconf 79' lang='grc' dir='ltr'><em>ἱένιιι</em></span> <span class='ocrx_word' id='word_1_5' title='bbox 441 476 472 547; x_wconf 77' lang='grc' dir='ltr'><strong>ἐς</strong></span> <span class='ocrx_word' id='word_1_6' title='bbox 502 474 553 538; x_wconf 81' lang='grc' dir='ltr'><strong>τὸν</strong></span> <span class='ocrx_word' id='word_1_7' title='bbox 584 471 719 551; x_wconf 69' lang='grc' dir='ltr'><em>πόλεμον</em></span> <span class='ocrx_word' id='word_1_8' title='bbox 752 471 895 537; x_wconf 78' lang='lat' dir='ltr'><strong>Attioum</strong></span> <span class='ocrx_word' id='word_1_9' title='bbox 929 489 998 536; x_wconf 87' lang='lat' dir='ltr'><strong>osse</strong></span> <span class='ocrx_word' id='word_1_10' title='bbox 1029 477 1062 535; x_wconf 89' lang='lat' dir='ltr'><strong>et</strong></span> <span class='ocrx_word' id='word_1_11' title='bbox 1094 467 1255 559; x_wconf 79' lang='lat' dir='ltr'><strong>Thucydi-</strong></span> 
     </span>
     <span class='ocr_line' id='line_1_3' title="bbox 76 589 1256 681; baseline -0.004 -20"><span class='ocrx_word' id='word_1_12' title='bbox 76 594 197 674; x_wconf 90' lang='lat' dir='ltr'><strong>deum,</strong></span> <span class='ocrx_word' id='word_1_13' title='bbox 223 613 418 681; x_wconf 88' lang='lat' dir='ltr'><strong>quamquam</strong></span> <span class='ocrx_word' id='word_1_14' title='bbox 442 593 691 661; x_wconf 89' lang='lat' dir='ltr'><strong>disertissimum</strong></span> <span class='ocrx_word' id='word_1_15' title='bbox 711 598 815 659; x_wconf 88' lang='lat' dir='ltr'><strong>exstet</strong></span> <span class='ocrx_word' id='word_1_16' title='bbox 833 591 959 677; x_wconf 76' lang='lat' dir='ltr'>antiqui</span> <span class='ocrx_word' id='word_1_17' title='bbox 979 589 1090 656; x_wconf 82' lang='lat' dir='ltr'><strong>Critioi</strong></span> <span class='ocrx_word' id='word_1_18' title='bbox 1116 591 1256 657; x_wconf 89' lang='lat' dir='ltr'><strong>testimo·</strong></span> 
     </span>
     <span class='ocr_line' id='line_1_4' title="bbox 76 711 1258 802; baseline -0.002 -23"><span class='ocrx_word' id='word_1_19' title='bbox 76 715 168 780; x_wconf 87' lang='lat' dir='ltr'><strong>nium</strong></span> <span class='ocrx_word' id='word_1_20' title='bbox 195 713 291 802; x_wconf 88' lang='lat' dir='ltr'><strong>(apud</strong></span> <span class='ocrx_word' id='word_1_21' title='bbox 316 714 466 781; x_wconf 88' lang='lat' dir='ltr'><strong>Pholium</strong></span> <span class='ocrx_word' id='word_1_22' title='bbox 492 735 520 780; x_wconf 85' lang='lat' dir='ltr'><strong>v.</strong></span> <span class='ocrx_word' id='word_1_23' title='bbox 545 713 607 797; x_wconf 71' lang='lat' dir='ltr'><strong>pla:</strong></span> <span class='ocrx_word' id='word_1_24' title='bbox 631 711 828 793; x_wconf 70' lang='grc' dir='ltr'><strong><em>δισυλλάβως</em></strong></span> <span class='ocrx_word' id='word_1_25' title='bbox 851 715 887 778; x_wconf 82' lang='grc' dir='ltr'><strong>πὸ</strong></span> <span class='ocrx_word' id='word_1_26' title='bbox 918 711 1178 794; x_wconf 77' lang='grc' dir='ltr'><strong>ἐπορευόμην.</strong></span> <span class='ocrx_word' id='word_1_27' title='bbox 1202 712 1258 778; x_wconf 81' lang='grc' dir='ltr'><strong>σὺν</strong></span> 
     </span>
     <span class='ocr_line' id='line_1_5' title="bbox 76 833 1258 919; baseline 0 -21"><span class='ocrx_word' id='word_1_28' title='bbox 76 835 119 915; x_wconf 76' lang='grc' dir='ltr'><strong>τῷ</strong></span> <span class='ocrx_word' id='word_1_29' title='bbox 152 835 229 900; x_wconf 71' lang='lat' dir='ltr'><strong>isira</strong></span> <span class='ocrx_word' id='word_1_30' title='bbox 260 834 434 919; x_wconf 58' lang='lat' dir='ltr'><strong>opsonio.</strong></span> <span class='ocrx_word' id='word_1_31' title='bbox 460 837 485 901; x_wconf 85' lang='lat' dir='ltr'><strong>oi</strong></span> <span class='ocrx_word' id='word_1_32' title='bbox 508 839 583 914; x_wconf 77' lang='grc' dir='ltr'><em>γοῦν</em></span> <span class='ocrx_word' id='word_1_33' title='bbox 610 838 712 909; x_wconf 80' lang='grc' dir='ltr'><em>Ἴωνες</em></span> <span class='ocrx_word' id='word_1_34' title='bbox 744 836 808 912; x_wconf 69' lang='lat' dir='ltr'><strong>&gt;liet</strong></span> <span class='ocrx_word' id='word_1_35' title='bbox 840 834 966 912; x_wconf 72' lang='grc' dir='ltr'><strong>λέγουσι</strong></span> <span class='ocrx_word' id='word_1_36' title='bbox 995 833 1047 898; x_wconf 79' lang='grc' dir='ltr'><em>κιιὶ</em></span> <span class='ocrx_word' id='word_1_37' title='bbox 1077 834 1191 910; x_wconf 70' lang='grc' dir='ltr'><em>ἤϊσαν</em></span> <span class='ocrx_word' id='word_1_38' title='bbox 1222 833 1258 898; x_wconf 78' lang='grc' dir='ltr'><strong>τὸ</strong></span> 
     </span>
    </p>
   </div>
   <div class='ocr_carea' id='block_1_3' title="bbox 78 1074 1312 4427">
    <p class='ocr_par' dir='ltr' id='par_1_3' title="bbox 78 1074 1312 4187">
     <span class='ocr_line' id='line_1_6' title="bbox 78 1074 1260 1162; baseline 0.002 -22"><span class='ocrx_word' id='word_1_39' title='bbox 78 1074 130 1149; x_wconf 66' lang='lat' dir='ltr'><strong>rte</strong></span> <span class='ocrx_word' id='word_1_40' title='bbox 159 1099 203 1140; x_wconf 83' lang='grc' dir='ltr'><strong>πε</strong></span> <span class='ocrx_word' id='word_1_41' title='bbox 227 1074 328 1158; x_wconf 71' lang='lat' dir='ltr'><strong>dean</strong></span> <span class='ocrx_word' id='word_1_42' title='bbox 352 1079 390 1152; x_wconf 82' lang='grc' dir='ltr'><strong>ἐς</strong></span> <span class='ocrx_word' id='word_1_43' title='bbox 414 1077 570 1162; x_wconf 71' lang='grc' dir='ltr'><strong>αὐτόν),</strong></span> <span class='ocrx_word' id='word_1_44' title='bbox 595 1085 702 1144; x_wconf 86' lang='lat' dir='ltr'><strong>tomen</strong></span> <span class='ocrx_word' id='word_1_45' title='bbox 725 1078 791 1143; x_wconf 90' lang='lat' dir='ltr'><strong>sint</strong></span> <span class='ocrx_word' id='word_1_46' title='bbox 813 1078 869 1162; x_wconf 88' lang='lat' dir='ltr'><strong>qui</strong></span> <span class='ocrx_word' id='word_1_47' title='bbox 893 1075 1067 1143; x_wconf 82' lang='lat' dir='ltr'>absurdam</span> <span class='ocrx_word' id='word_1_48' title='bbox 1089 1074 1260 1142; x_wconf 76' lang='lat' dir='ltr'><strong>lectionem</strong></span> 
     </span>
     <span class='ocr_line' id='line_1_7' title="bbox 79 1191 1261 1283; baseline 0.002 -23"><span class='ocrx_word' id='word_1_49' title='bbox 79 1191 156 1272; x_wconf 70' lang='grc' dir='ltr'><em>ἦσαν</em></span> <span class='ocrx_word' id='word_1_50' title='bbox 189 1195 352 1263; x_wconf 89' lang='lat' dir='ltr'><strong>mordicus</strong></span> <span class='ocrx_word' id='word_1_51' title='bbox 388 1196 567 1264; x_wconf 74' lang='lat' dir='ltr'>retineant:</span> <span class='ocrx_word' id='word_1_52' title='bbox 604 1218 762 1283; x_wconf 74' lang='lat' dir='ltr'><strong>»nomque</strong></span> <span class='ocrx_word' id='word_1_53' title='bbox 785 1198 879 1281; x_wconf 74' lang='grc' dir='ltr'><em>ᾔεσιιν</em></span> <span class='ocrx_word' id='word_1_54' title='bbox 912 1199 944 1262; x_wconf 81' lang='lat' dir='ltr'><strong>in</strong></span> <span class='ocrx_word' id='word_1_55' title='bbox 977 1197 1085 1264; x_wconf 82' lang='lat' dir='ltr'><strong>ceteris</strong></span> <span class='ocrx_word' id='word_1_56' title='bbox 1119 1196 1261 1262; x_wconf 82' lang='lat' dir='ltr'><strong>omnibus</strong></span> 
     </span>
     <span class='ocr_line' id='line_1_8' title="bbox 82 1312 1260 1402; baseline 0.003 -24"><span class='ocrx_word' id='word_1_57' title='bbox 82 1312 271 1402; x_wconf 69' lang='lat' dir='ltr'><strong><em>Thucydidis</em></strong></span> <span class='ocrx_word' id='word_1_58' title='bbox 296 1315 369 1382; x_wconf 84' lang='lat' dir='ltr'><strong>loeis</strong></span> <span class='ocrx_word' id='word_1_59' title='bbox 405 1317 564 1383; x_wconf 76' lang='lat' dir='ltr'><strong>exstare.”</strong></span> <span class='ocrx_word' id='word_1_60' title='bbox 610 1316 771 1394; x_wconf 75' lang='lat' dir='ltr'><strong>librarii,</strong></span> <span class='ocrx_word' id='word_1_61' title='bbox 806 1326 842 1384; x_wconf 95' lang='lat' dir='ltr'><strong>ut</strong></span> <span class='ocrx_word' id='word_1_62' title='bbox 874 1317 1097 1395; x_wconf 78' lang='lat' dir='ltr'><strong>ostendimus,</strong></span> <span class='ocrx_word' id='word_1_63' title='bbox 1132 1320 1260 1394; x_wconf 78' lang='grc' dir='ltr'><em>ιὶπῆσκν</em></span> 
     </span>
     <span class='ocr_line' id='line_1_9' title="bbox 81 1435 1264 1527; baseline 0.003 -27"><span class='ocrx_word' id='word_1_64' title='bbox 81 1453 207 1522; x_wconf 86' lang='lat' dir='ltr'><strong>quoque</strong></span> <span class='ocrx_word' id='word_1_65' title='bbox 241 1435 395 1527; x_wconf 81' lang='lat' dir='ltr'><strong>(oderant)</strong></span> <span class='ocrx_word' id='word_1_66' title='bbox 430 1436 529 1504; x_wconf 92' lang='lat' dir='ltr'><strong>stulte</strong></span> <span class='ocrx_word' id='word_1_67' title='bbox 564 1438 597 1502; x_wconf 93' lang='lat' dir='ltr'><strong>in</strong></span> <span class='ocrx_word' id='word_1_68' title='bbox 622 1440 765 1524; x_wconf 68' lang='grc' dir='ltr'><em>ιὶπήεσιιν</em></span> <span class='ocrx_word' id='word_1_69' title='bbox 795 1438 971 1524; x_wconf 81' lang='lat' dir='ltr'><strong>relingunt.</strong></span> <span class='ocrx_word' id='word_1_70' title='bbox 1020 1438 1120 1504; x_wconf 88' lang='lat' dir='ltr'><strong>Vetus</strong></span> <span class='ocrx_word' id='word_1_71' title='bbox 1147 1446 1196 1504; x_wconf 87' lang='lat' dir='ltr'><strong>est</strong></span> <span class='ocrx_word' id='word_1_72' title='bbox 1227 1437 1264 1504; x_wconf 93' lang='lat' dir='ltr'><strong>il·</strong></span> 
     </span>
     <span class='ocr_line' id='line_1_10' title="bbox 82 1554 1264 1646; baseline 0.003 -25"><span class='ocrx_word' id='word_1_73' title='bbox 82 1554 137 1623; x_wconf 92' lang='lat' dir='ltr'><strong>lud</strong></span> <span class='ocrx_word' id='word_1_74' title='bbox 162 1558 336 1636; x_wconf 89' lang='lat' dir='ltr'><strong>mendum,</strong></span> <span class='ocrx_word' id='word_1_75' title='bbox 357 1565 506 1644; x_wconf 88' lang='lat' dir='ltr'><strong>pervetus</strong></span> <span class='ocrx_word' id='word_1_76' title='bbox 536 1556 634 1637; x_wconf 86' lang='lat' dir='ltr'><strong>adeo,</strong></span> <span class='ocrx_word' id='word_1_77' title='bbox 663 1578 738 1626; x_wconf 83' lang='lat' dir='ltr'><strong>nam</strong></span> <span class='ocrx_word' id='word_1_78' title='bbox 768 1558 926 1635; x_wconf 76' lang='lat' dir='ltr'><strong>Celticus,</strong></span> <span class='ocrx_word' id='word_1_79' title='bbox 949 1560 1004 1645; x_wconf 91' lang='lat' dir='ltr'><strong>qui</strong></span> <span class='ocrx_word' id='word_1_80' title='bbox 1028 1558 1111 1645; x_wconf 87' lang='lat' dir='ltr'><strong>apud</strong></span> <span class='ocrx_word' id='word_1_81' title='bbox 1137 1557 1264 1646; x_wconf 80' lang='lat' dir='ltr'><strong>Thucy·</strong></span> 
     </span>
     <span class='ocr_line' id='line_1_11' title="bbox 80 1675 1264 1765; baseline 0.001 -22"><span class='ocrx_word' id='word_1_82' title='bbox 80 1675 187 1745; x_wconf 90' lang='lat' dir='ltr'><strong>didem</strong></span> <span class='ocrx_word' id='word_1_83' title='bbox 211 1676 305 1753; x_wconf 78' lang='grc' dir='ltr'><strong><em>οὕτως</em></strong></span> <span class='ocrx_word' id='word_1_84' title='bbox 329 1679 522 1758; x_wconf 55' lang='lat' dir='ltr'><strong>evasisset</strong></span> <span class='ocrx_word' id='word_1_85' title='bbox 541 1678 665 1756; x_wconf 75' lang='lat' dir='ltr'><strong>docuit,</strong></span> <span class='ocrx_word' id='word_1_86' title='bbox 686 1679 783 1747; x_wconf 91' lang='lat' dir='ltr'><strong>simul</strong></span> <span class='ocrx_word' id='word_1_87' title='bbox 806 1679 966 1765; x_wconf 82' lang='lat' dir='ltr'><strong>vulgatam</strong></span> <span class='ocrx_word' id='word_1_88' title='bbox 990 1678 1161 1746; x_wconf 84' lang='lat' dir='ltr'><strong>lectionem</strong></span> <span class='ocrx_word' id='word_1_89' title='bbox 1179 1701 1264 1744; x_wconf 85' lang='lat' dir='ltr'><strong>men·</strong></span> 
     </span>
     <span class='ocr_line' id='line_1_12' title="bbox 80 1796 1266 1886; baseline 0.003 -24"><span class='ocrx_word' id='word_1_90' title='bbox 80 1796 187 1864; x_wconf 82' lang='lat' dir='ltr'><strong>dosom</strong></span> <span class='ocrx_word' id='word_1_91' title='bbox 219 1797 317 1865; x_wconf 90' lang='lat' dir='ltr'><strong>luisse</strong></span> <span class='ocrx_word' id='word_1_92' title='bbox 352 1796 454 1865; x_wconf 87' lang='lat' dir='ltr'><strong>docet.</strong></span> <span class='ocrx_word' id='word_1_93' title='bbox 503 1799 564 1866; x_wconf 90' lang='lat' dir='ltr'><strong>Sed</strong></span> <span class='ocrx_word' id='word_1_94' title='bbox 589 1798 683 1886; x_wconf 82' lang='lat' dir='ltr'><strong>longo</strong></span> <span class='ocrx_word' id='word_1_95' title='bbox 716 1799 784 1866; x_wconf 89' lang='lat' dir='ltr'><strong>dies</strong></span> <span class='ocrx_word' id='word_1_96' title='bbox 807 1820 871 1866; x_wconf 93' lang='lat' dir='ltr'><strong>non</strong></span> <span class='ocrx_word' id='word_1_97' title='bbox 904 1798 964 1866; x_wconf 85' lang='lat' dir='ltr'><strong>hon</strong></span> <span class='ocrx_word' id='word_1_98' title='bbox 997 1798 1094 1866; x_wconf 87' lang='lat' dir='ltr'><strong>eilieit</strong></span> <span class='ocrx_word' id='word_1_99' title='bbox 1126 1807 1161 1867; x_wconf 93' lang='lat' dir='ltr'><strong>ut</strong></span> <span class='ocrx_word' id='word_1_100' title='bbox 1183 1818 1266 1885; x_wconf 85' lang='lat' dir='ltr'><strong>quae</strong></span> 
     </span>
     <span class='ocr_line' id='line_1_13' title="bbox 82 1916 1266 2007; baseline 0.004 -25"><span class='ocrx_word' id='word_1_101' title='bbox 82 1919 195 1984; x_wconf 83' lang='lat' dir='ltr'><strong>vitiosa</strong></span> <span class='ocrx_word' id='word_1_102' title='bbox 219 1920 283 1985; x_wconf 90' lang='lat' dir='ltr'><strong>sint</strong></span> <span class='ocrx_word' id='word_1_103' title='bbox 309 1937 388 1984; x_wconf 83' lang='lat' dir='ltr'><strong>sona</strong></span> <span class='ocrx_word' id='word_1_104' title='bbox 410 1916 545 1986; x_wconf 86' lang='lat' dir='ltr'><strong>debeant</strong></span> <span class='ocrx_word' id='word_1_105' title='bbox 569 1920 681 1987; x_wconf 88' lang='lat' dir='ltr'><strong>videri.</strong></span> <span class='ocrx_word' id='word_1_106' title='bbox 729 1920 861 2007; x_wconf 83' lang='lat' dir='ltr'><strong>Semper</strong></span> <span class='ocrx_word' id='word_1_107' title='bbox 884 1920 994 1986; x_wconf 87' lang='lat' dir='ltr'><strong>Critioi</strong></span> <span class='ocrx_word' id='word_1_108' title='bbox 1027 1939 1102 1986; x_wconf 88' lang='lat' dir='ltr'><strong>oum</strong></span> <span class='ocrx_word' id='word_1_109' title='bbox 1126 1921 1266 2006; x_wconf 81' lang='lat' dir='ltr'><strong>ingeniis</strong></span> 
     </span>
     <span class='ocr_line' id='line_1_14' title="bbox 80 2037 1263 2130; baseline 0.001 -25"><span class='ocrx_word' id='word_1_110' title='bbox 80 2037 265 2106; x_wconf 89' lang='lat' dir='ltr'><strong>huiusmodi</strong></span> <span class='ocrx_word' id='word_1_111' title='bbox 290 2039 526 2108; x_wconf 84' lang='lat' dir='ltr'><strong>eonlliotamur.</strong></span> <span class='ocrx_word' id='word_1_112' title='bbox 574 2041 728 2122; x_wconf 86' lang='lat' dir='ltr'><strong>Queritur</strong></span> <span class='ocrx_word' id='word_1_113' title='bbox 758 2041 974 2130; x_wconf 82' lang='lat' dir='ltr'><strong>Hieronymus</strong></span> <span class='ocrx_word' id='word_1_114' title='bbox 1002 2043 1035 2106; x_wconf 91' lang='lat' dir='ltr'><strong>in</strong></span> <span class='ocrx_word' id='word_1_115' title='bbox 1056 2040 1193 2108; x_wconf 86' lang='lat' dir='ltr'><strong>Praelat.</strong></span> <span class='ocrx_word' id='word_1_116' title='bbox 1219 2039 1263 2106; x_wconf 91' lang='lat' dir='ltr'><strong>al·</strong></span> 
     </span>
     <span class='ocr_line' id='line_1_15' title="bbox 82 2159 1266 2230; baseline 0.003 -4"><span class='ocrx_word' id='word_1_117' title='bbox 82 2160 214 2227; x_wconf 80' lang='lat' dir='ltr'><strong>ternod</strong></span> <span class='ocrx_word' id='word_1_118' title='bbox 242 2159 361 2226; x_wconf 88' lang='lat' dir='ltr'><strong>librum</strong></span> <span class='ocrx_word' id='word_1_119' title='bbox 396 2160 483 2227; x_wconf 91' lang='lat' dir='ltr'><strong>lobi:</strong></span> <span class='ocrx_word' id='word_1_120' title='bbox 522 2171 626 2228; x_wconf 74' lang='lat' dir='ltr'><strong>»tanto</strong></span> <span class='ocrx_word' id='word_1_121' title='bbox 651 2175 694 2229; x_wconf 84' lang='lat' dir='ltr'><strong>est</strong></span> <span class='ocrx_word' id='word_1_122' title='bbox 716 2162 798 2229; x_wconf 86' lang='lat' dir='ltr'><strong>enim</strong></span> <span class='ocrx_word' id='word_1_123' title='bbox 830 2163 990 2229; x_wconf 83' lang='lat' dir='ltr'><strong>vetustatis</strong></span> <span class='ocrx_word' id='word_1_124' title='bbox 1016 2164 1199 2230; x_wconf 81' lang='lat' dir='ltr'><strong>consuetodo</strong></span> <span class='ocrx_word' id='word_1_125' title='bbox 1232 2174 1266 2230; x_wconf 86' lang='lat' dir='ltr'><strong>ut</strong></span> 
     </span>
     <span class='ocr_line' id='line_1_16' title="bbox 82 2281 1264 2372; baseline 0.005 -26"><span class='ocrx_word' id='word_1_126' title='bbox 82 2281 175 2347; x_wconf 84' lang='lat' dir='ltr'><strong>etiam</strong></span> <span class='ocrx_word' id='word_1_127' title='bbox 197 2286 338 2369; x_wconf 78' lang='lat' dir='ltr'><strong>confesso</strong></span> <span class='ocrx_word' id='word_1_128' title='bbox 358 2282 519 2370; x_wconf 71' lang='lat' dir='ltr'><strong>plerisque</strong></span> <span class='ocrx_word' id='word_1_129' title='bbox 551 2283 627 2350; x_wconf 83' lang='lat' dir='ltr'><strong>nitio</strong></span> <span class='ocrx_word' id='word_1_130' title='bbox 651 2283 795 2368; x_wconf 82' lang='lat' dir='ltr'><strong>plooeoot</strong></span> <span class='ocrx_word' id='word_1_131' title='bbox 817 2283 892 2349; x_wconf 87' lang='lat' dir='ltr'><strong>dum</strong></span> <span class='ocrx_word' id='word_1_132' title='bbox 916 2285 1018 2372; x_wconf 79' lang='lat' dir='ltr'><strong>mopis</strong></span> <span class='ocrx_word' id='word_1_133' title='bbox 1036 2284 1185 2372; x_wconf 79' lang='lat' dir='ltr'><strong>poledros</strong></span> <span class='ocrx_word' id='word_1_134' title='bbox 1209 2285 1264 2352; x_wconf 80' lang='lat' dir='ltr'><strong>lto·</strong></span> 
     </span>
     <span class='ocr_line' id='line_1_17' title="bbox 83 2403 1267 2492; baseline 0.005 -25"><span class='ocrx_word' id='word_1_135' title='bbox 83 2403 154 2468; x_wconf 81' lang='lat' dir='ltr'><strong>bere</strong></span> <span class='ocrx_word' id='word_1_136' title='bbox 176 2403 283 2469; x_wconf 67' lang='lat' dir='ltr'><strong>evolent</strong></span> <span class='ocrx_word' id='word_1_137' title='bbox 304 2405 421 2472; x_wconf 77' lang='lat' dir='ltr'><strong>codices</strong></span> <span class='ocrx_word' id='word_1_138' title='bbox 448 2427 543 2492; x_wconf 76' lang='lat' dir='ltr'><strong>prtum</strong></span> <span class='ocrx_word' id='word_1_139' title='bbox 573 2405 785 2472; x_wconf 75' lang='lat' dir='ltr'><strong>emendatos.&#39;&#39;</strong></span> <span class='ocrx_word' id='word_1_140' title='bbox 805 2414 841 2472; x_wconf 81' lang='lat' dir='ltr'><strong>et</strong></span> <span class='ocrx_word' id='word_1_141' title='bbox 864 2407 896 2470; x_wconf 91' lang='lat' dir='ltr'><strong>in</strong></span> <span class='ocrx_word' id='word_1_142' title='bbox 921 2403 1057 2472; x_wconf 86' lang='lat' dir='ltr'><strong>Praelat.</strong></span> <span class='ocrx_word' id='word_1_143' title='bbox 1083 2406 1122 2472; x_wconf 91' lang='lat' dir='ltr'><strong>ad</strong></span> <span class='ocrx_word' id='word_1_144' title='bbox 1146 2406 1267 2474; x_wconf 88' lang='lat' dir='ltr'><strong>Psalte·</strong></span> 
     </span>
     <span class='ocr_line' id='line_1_18' title="bbox 82 2525 1266 2614; baseline 0.003 -25"><span class='ocrx_word' id='word_1_145' title='bbox 82 2525 186 2591; x_wconf 91' lang='lat' dir='ltr'><strong>rium:</strong></span> <span class='ocrx_word' id='word_1_146' title='bbox 224 2526 363 2592; x_wconf 74' lang='lat' dir='ltr'><strong>»Videtis</strong></span> <span class='ocrx_word' id='word_1_147' title='bbox 382 2527 456 2613; x_wconf 85' lang='lat' dir='ltr'><strong>plus</strong></span> <span class='ocrx_word' id='word_1_148' title='bbox 479 2526 641 2612; x_wconf 82' lang='lat' dir='ltr'><strong>antiquom</strong></span> <span class='ocrx_word' id='word_1_149' title='bbox 673 2547 809 2593; x_wconf 85' lang='lat' dir='ltr'><strong>errorem</strong></span> <span class='ocrx_word' id='word_1_150' title='bbox 831 2548 925 2614; x_wconf 87' lang='lat' dir='ltr'><strong>quom</strong></span> <span class='ocrx_word' id='word_1_151' title='bbox 949 2549 1059 2593; x_wconf 84' lang='lat' dir='ltr'><strong>novom</strong></span> <span class='ocrx_word' id='word_1_152' title='bbox 1082 2529 1266 2596; x_wconf 81' lang='lat' dir='ltr'><strong>emendatio·</strong></span> 
     </span>
     <span class='ocr_line' id='line_1_19' title="bbox 81 2645 1267 2729; baseline 0.003 -18"><span class='ocrx_word' id='word_1_153' title='bbox 81 2667 154 2711; x_wconf 83' lang='lat' dir='ltr'><strong>nem</strong></span> <span class='ocrx_word' id='word_1_154' title='bbox 176 2646 314 2713; x_wconf 85' lang='lat' dir='ltr'><strong>volere.”</strong></span> <span class='ocrx_word' id='word_1_155' title='bbox 361 2647 530 2714; x_wconf 74' lang='lat' dir='ltr'><strong>Caeterum</strong></span> <span class='ocrx_word' id='word_1_156' title='bbox 553 2646 675 2714; x_wconf 83' lang='lat' dir='ltr'><strong>formae</strong></span> <span class='ocrx_word' id='word_1_157' title='bbox 696 2645 793 2729; x_wconf 71' lang='lat' dir='ltr'><strong>lpse,</strong></span> <span class='ocrx_word' id='word_1_158' title='bbox 824 2645 878 2729; x_wconf 73' lang='grc' dir='ltr'><strong>ᾖτε</strong></span> <span class='ocrx_word' id='word_1_159' title='bbox 910 2656 942 2714; x_wconf 87' lang='lat' dir='ltr'><strong>et</strong></span> <span class='ocrx_word' id='word_1_160' title='bbox 974 2646 1052 2729; x_wconf 67' lang='lat' dir='ltr'><strong>loun</strong></span> <span class='ocrx_word' id='word_1_161' title='bbox 1079 2668 1153 2714; x_wconf 83' lang='lat' dir='ltr'><strong>cunr</strong></span> <span class='ocrx_word' id='word_1_162' title='bbox 1178 2667 1267 2715; x_wconf 86' lang='lat' dir='ltr'><strong>eoru·</strong></span> 
     </span>
     <span class='ocr_line' id='line_1_20' title="bbox 83 2766 1268 2855; baseline 0.005 -24"><span class='ocrx_word' id='word_1_163' title='bbox 83 2766 197 2852; x_wconf 93' lang='lat' dir='ltr'><strong>positis</strong></span> <span class='ocrx_word' id='word_1_164' title='bbox 220 2768 369 2835; x_wconf 88' lang='lat' dir='ltr'><strong>omnibus</strong></span> <span class='ocrx_word' id='word_1_165' title='bbox 394 2788 456 2834; x_wconf 93' lang='lat' dir='ltr'><strong>uon</strong></span> <span class='ocrx_word' id='word_1_166' title='bbox 490 2775 618 2835; x_wconf 91' lang='lat' dir='ltr'><strong>tautum</strong></span> <span class='ocrx_word' id='word_1_167' title='bbox 644 2769 762 2835; x_wconf 80' lang='lat' dir='ltr'><strong>Atticis</strong></span> <span class='ocrx_word' id='word_1_168' title='bbox 795 2768 912 2855; x_wconf 86' lang='lat' dir='ltr'><strong>ubique</strong></span> <span class='ocrx_word' id='word_1_169' title='bbox 941 2767 1160 2836; x_wconf 79' lang='lat' dir='ltr'><strong>restituendae</strong></span> <span class='ocrx_word' id='word_1_170' title='bbox 1191 2779 1268 2838; x_wconf 90' lang='lat' dir='ltr'><strong>sunt</strong></span> 
     </span>
     <span class='ocr_line' id='line_1_21' title="bbox 83 2886 1268 2972; baseline 0.008 -22"><span class='ocrx_word' id='word_1_171' title='bbox 83 2896 192 2972; x_wconf 84' lang='lat' dir='ltr'><strong>spreta</strong></span> <span class='ocrx_word' id='word_1_172' title='bbox 223 2886 309 2954; x_wconf 89' lang='lat' dir='ltr'><strong>futili</strong></span> <span class='ocrx_word' id='word_1_173' title='bbox 340 2888 497 2955; x_wconf 89' lang='lat' dir='ltr'><strong>librorum</strong></span> <span class='ocrx_word' id='word_1_174' title='bbox 522 2890 737 2968; x_wconf 80' lang='lat' dir='ltr'><strong>auctoritate,</strong></span> <span class='ocrx_word' id='word_1_175' title='bbox 761 2889 817 2957; x_wconf 91' lang='lat' dir='ltr'><strong>sed</strong></span> <span class='ocrx_word' id='word_1_176' title='bbox 843 2890 1023 2956; x_wconf 79' lang='lat' dir='ltr'><strong>Atticorum</strong></span> <span class='ocrx_word' id='word_1_177' title='bbox 1049 2890 1268 2959; x_wconf 81' lang='lat' dir='ltr'><strong>imitatoribus</strong></span> 
     </span>
     <span class='ocr_line' id='line_1_22' title="bbox 83 3009 1267 3100; baseline 0.003 -26"><span class='ocrx_word' id='word_1_178' title='bbox 83 3027 232 3095; x_wconf 87' lang='lat' dir='ltr'><strong>quoque,</strong></span> <span class='ocrx_word' id='word_1_179' title='bbox 255 3011 349 3076; x_wconf 85' lang='lat' dir='ltr'><strong>Dioni</strong></span> <span class='ocrx_word' id='word_1_180' title='bbox 371 3009 620 3100; x_wconf 73' lang='lat' dir='ltr'><strong>chrysostomo,</strong></span> <span class='ocrx_word' id='word_1_181' title='bbox 644 3010 858 3090; x_wconf 89' lang='lat' dir='ltr'><strong>Philostrato,</strong></span> <span class='ocrx_word' id='word_1_182' title='bbox 882 3012 1023 3078; x_wconf 83' lang='lat' dir='ltr'><strong>eroiano</strong></span> <span class='ocrx_word' id='word_1_183' title='bbox 1046 3012 1267 3097; x_wconf 82' lang='lat' dir='ltr'><strong>eaeterisque,</strong></span> 
     </span>
     <span class='ocr_line' id='line_1_23' title="bbox 84 3127 1269 3215; baseline 0.004 -21"><span class='ocrx_word' id='word_1_184' title='bbox 84 3127 201 3215; x_wconf 88' lang='lat' dir='ltr'><strong>quihus</strong></span> <span class='ocrx_word' id='word_1_185' title='bbox 231 3130 398 3214; x_wconf 70' lang='grc' dir='ltr'><strong>ἀττικίζειν</strong></span> <span class='ocrx_word' id='word_1_186' title='bbox 432 3130 541 3199; x_wconf 90' lang='lat' dir='ltr'><strong>studio</strong></span> <span class='ocrx_word' id='word_1_187' title='bbox 570 3131 642 3199; x_wconf 87' lang='lat' dir='ltr'><strong>luit.</strong></span> <span class='ocrx_word' id='word_1_188' title='bbox 689 3132 881 3198; x_wconf 85' lang='lat' dir='ltr'><strong>Rectissime</strong></span> <span class='ocrx_word' id='word_1_189' title='bbox 909 3130 948 3197; x_wconf 91' lang='lat' dir='ltr'><strong>de</strong></span> <span class='ocrx_word' id='word_1_190' title='bbox 968 3149 1005 3196; x_wconf 86' lang='lat' dir='ltr'><strong>ea</strong></span> <span class='ocrx_word' id='word_1_191' title='bbox 1036 3149 1071 3196; x_wconf 90' lang='lat' dir='ltr'><strong>re</strong></span> <span class='ocrx_word' id='word_1_192' title='bbox 1100 3129 1269 3199; x_wconf 87' lang='lat' dir='ltr'><strong>admonuit</strong></span> 
     </span>
     <span class='ocr_line' id='line_1_24' title="bbox 82 3248 1267 3341; baseline 0.005 -27"><span class='ocrx_word' id='word_1_193' title='bbox 82 3248 117 3315; x_wconf 83' lang='lat' dir='ltr'><strong>l.</strong></span> <span class='ocrx_word' id='word_1_194' title='bbox 145 3249 330 3318; x_wconf 80' lang='lat' dir='ltr'><strong>Itiudordus</strong></span> <span class='ocrx_word' id='word_1_195' title='bbox 362 3253 394 3318; x_wconf 90' lang='lat' dir='ltr'><strong>in</strong></span> <span class='ocrx_word' id='word_1_196' title='bbox 430 3251 562 3339; x_wconf 83' lang='lat' dir='ltr'><strong>praelat.</strong></span> <span class='ocrx_word' id='word_1_197' title='bbox 587 3251 627 3319; x_wconf 92' lang='lat' dir='ltr'><strong>ad</strong></span> <span class='ocrx_word' id='word_1_198' title='bbox 658 3254 792 3319; x_wconf 86' lang='lat' dir='ltr'><strong>llionem</strong></span> <span class='ocrx_word' id='word_1_199' title='bbox 826 3250 1091 3341; x_wconf 79' lang='lat' dir='ltr'><strong>chrysostomum</strong></span> <span class='ocrx_word' id='word_1_200' title='bbox 1125 3271 1198 3339; x_wconf 83' lang='lat' dir='ltr'><strong>pag.</strong></span> <span class='ocrx_word' id='word_1_201' title='bbox 1224 3274 1267 3320; x_wconf 82' lang='lat' dir='ltr'><strong>xi.</strong></span> 
     </span>
     <span class='ocr_line' id='line_1_25' title="bbox 83 3369 1267 3460; baseline 0.004 -24"><span class='ocrx_word' id='word_1_202' title='bbox 83 3369 204 3438; x_wconf 81' lang='lat' dir='ltr'><strong>Eodem</strong></span> <span class='ocrx_word' id='word_1_203' title='bbox 229 3372 321 3439; x_wconf 90' lang='lat' dir='ltr'><strong>modo</strong></span> <span class='ocrx_word' id='word_1_204' title='bbox 344 3373 650 3460; x_wconf 87' lang='lat' dir='ltr'><strong>plusquamperleoti</strong></span> <span class='ocrx_word' id='word_1_205' title='bbox 682 3372 803 3440; x_wconf 80' lang='lat' dir='ltr'><strong>formae</strong></span> <span class='ocrx_word' id='word_1_206' title='bbox 826 3374 977 3460; x_wconf 86' lang='lat' dir='ltr'><strong>antiquae</strong></span> <span class='ocrx_word' id='word_1_207' title='bbox 1001 3375 1073 3458; x_wconf 70' lang='grc' dir='ltr'><strong>ἤδη,</strong></span> <span class='ocrx_word' id='word_1_208' title='bbox 1097 3374 1212 3457; x_wconf 69' lang='lat' dir='ltr'><strong>pilente</strong></span> <span class='ocrx_word' id='word_1_209' title='bbox 1234 3381 1267 3442; x_wconf 90' lang='lat' dir='ltr'><strong>et</strong></span> 
     </span>
     <span class='ocr_line' id='line_1_26' title="bbox 84 3491 1267 3580; baseline 0.005 -24"><span class='ocrx_word' id='word_1_210' title='bbox 84 3491 162 3572; x_wconf 62' lang='lat' dir='ltr'><strong>iden</strong></span> <span class='ocrx_word' id='word_1_211' title='bbox 192 3502 266 3557; x_wconf 89' lang='lat' dir='ltr'><strong>ante</strong></span> <span class='ocrx_word' id='word_1_212' title='bbox 292 3493 432 3558; x_wconf 84' lang='lat' dir='ltr'><strong>vocalem</strong></span> <span class='ocrx_word' id='word_1_213' title='bbox 457 3502 611 3580; x_wconf 92' lang='lat' dir='ltr'><strong>perpetua</strong></span> <span class='ocrx_word' id='word_1_214' title='bbox 638 3493 751 3561; x_wconf 83' lang='lat' dir='ltr'><strong>fraude</strong></span> <span class='ocrx_word' id='word_1_215' title='bbox 774 3493 1009 3573; x_wconf 85' lang='lat' dir='ltr'><strong>obliterantur,</strong></span> <span class='ocrx_word' id='word_1_216' title='bbox 1041 3502 1073 3560; x_wconf 89' lang='lat' dir='ltr'><strong>et</strong></span> <span class='ocrx_word' id='word_1_217' title='bbox 1096 3495 1267 3574; x_wconf 71' lang='grc' dir='ltr'><em>ἐπεπόνθη,</em></span> 
     </span>
     <span class='ocr_line' id='line_1_27' title="bbox 83 3612 1267 3702; baseline 0.006 -26"><span class='ocrx_word' id='word_1_218' title='bbox 83 3612 237 3694; x_wconf 76' lang='grc' dir='ltr'><em>ἕκεχιὶνκ,</em></span> <span class='ocrx_word' id='word_1_219' title='bbox 261 3615 389 3690; x_wconf 67' lang='lat' dir='ltr'><strong>territe</strong></span> <span class='ocrx_word' id='word_1_220' title='bbox 411 3613 596 3700; x_wconf 86' lang='lat' dir='ltr'><strong>similesque</strong></span> <span class='ocrx_word' id='word_1_221' title='bbox 620 3635 740 3682; x_wconf 89' lang='lat' dir='ltr'><strong>omnes.</strong></span> <span class='ocrx_word' id='word_1_222' title='bbox 789 3616 849 3680; x_wconf 85' lang='lat' dir='ltr'><strong>Vix</strong></span> <span class='ocrx_word' id='word_1_223' title='bbox 873 3635 1011 3702; x_wconf 90' lang='lat' dir='ltr'><strong>usquam</strong></span> <span class='ocrx_word' id='word_1_224' title='bbox 1036 3615 1160 3702; x_wconf 87' lang='lat' dir='ltr'><strong>elapsae</strong></span> <span class='ocrx_word' id='word_1_225' title='bbox 1189 3626 1267 3683; x_wconf 89' lang='lat' dir='ltr'><strong>sunt</strong></span> 
     </span>
     <span class='ocr_line' id='line_1_28' title="bbox 84 3731 1267 3824; baseline 0.004 -25"><span class='ocrx_word' id='word_1_226' title='bbox 84 3731 206 3799; x_wconf 80' lang='lat' dir='ltr'><strong>formae</strong></span> <span class='ocrx_word' id='word_1_227' title='bbox 238 3731 356 3814; x_wconf 68' lang='lat' dir='ltr'><strong>denen,</strong></span> <span class='ocrx_word' id='word_1_228' title='bbox 391 3733 465 3817; x_wconf 70' lang='grc' dir='ltr'><em>ᾖςε,</em></span> <span class='ocrx_word' id='word_1_229' title='bbox 495 3734 586 3818; x_wconf 68' lang='grc' dir='ltr'><em>ἦσαν.</em></span> <span class='ocrx_word' id='word_1_230' title='bbox 635 3735 736 3816; x_wconf 85' lang='lat' dir='ltr'><strong>Quam</strong></span> <span class='ocrx_word' id='word_1_231' title='bbox 762 3756 855 3823; x_wconf 88' lang='lat' dir='ltr'><strong>saepe</strong></span> <span class='ocrx_word' id='word_1_232' title='bbox 889 3736 1008 3814; x_wconf 66' lang='grc' dir='ltr'><em>εἴξασιν</em></span> <span class='ocrx_word' id='word_1_233' title='bbox 1031 3737 1065 3803; x_wconf 93' lang='lat' dir='ltr'><strong>iu</strong></span> <span class='ocrx_word' id='word_1_234' title='bbox 1101 3737 1267 3824; x_wconf 82' lang='lat' dir='ltr'><strong>vulgarem</strong></span> 
     </span>
     <span class='ocr_line' id='line_1_29' title="bbox 83 3854 1308 3967; baseline 0.003 -47"><span class='ocrx_word' id='word_1_235' title='bbox 83 3854 218 3921; x_wconf 80' lang='lat' dir='ltr'><strong>formam</strong></span> <span class='ocrx_word' id='word_1_236' title='bbox 254 3854 351 3921; x_wconf 88' lang='lat' dir='ltr'><strong>abiitl</strong></span> <span class='ocrx_word' id='word_1_237' title='bbox 388 3876 483 3941; x_wconf 87' lang='lat' dir='ltr'><strong>quam</strong></span> <span class='ocrx_word' id='word_1_238' title='bbox 517 3857 599 3922; x_wconf 88' lang='lat' dir='ltr'><strong>male</strong></span> <span class='ocrx_word' id='word_1_239' title='bbox 633 3857 817 3924; x_wconf 76' lang='lat' dir='ltr'><strong>multarunt</strong></span> <span class='ocrx_word' id='word_1_240' title='bbox 832 3859 922 3957; x_wconf 46' lang='lat' dir='ltr'><strong>x,daem</strong></span> <span class='ocrx_word' id='word_1_241' title='bbox 943 3859 1052 3955; x_wconf 55' lang='lat' dir='ltr'><strong>⁴Attice</strong></span> <span class='ocrx_word' id='word_1_242' title='bbox 1080 3879 1138 3946; x_wconf 91' lang='lat' dir='ltr'><strong>pro</strong></span> <span class='ocrx_word' id='word_1_243' title='bbox 1163 3859 1264 3943; x_wconf 76' lang='grc' dir='ltr'><em>ἐῴκειν</em></span> <span class='ocrx_word' id='word_1_244' title='bbox 1302 3899 1308 3967; x_wconf 75' lang='lat' dir='ltr'><strong>t</strong></span> 
     </span>
     <span class='ocr_line' id='line_1_30' title="bbox 85 3954 1312 4093; baseline 0.005 -53"><span class='ocrx_word' id='word_1_245' title='bbox 85 3977 246 4061; x_wconf 87' lang='lat' dir='ltr'><strong>positunrl</strong></span> <span class='ocrx_word' id='word_1_246' title='bbox 294 3975 437 4041; x_wconf 82' lang='lat' dir='ltr'><strong>Atticum</strong></span> <span class='ocrx_word' id='word_1_247' title='bbox 457 3985 569 4042; x_wconf 74' lang='grc' dir='ltr'><em>πλεῖν</em></span> <span class='ocrx_word' id='word_1_248' title='bbox 594 3978 611 4055; x_wconf 77' lang='grc' dir='ltr'>ἢ</span> <span class='ocrx_word' id='word_1_249' title='bbox 636 3978 800 4060; x_wconf 67' lang='lat' dir='ltr'><strong>epitome</strong></span> <span class='ocrx_word' id='word_1_250' title='bbox 823 3954 855 4046; x_wconf 76' lang='lat' dir='ltr'><strong>el</strong></span> <span class='ocrx_word' id='word_1_251' title='bbox 884 3958 961 4046; x_wconf 83' lang='lat' dir='ltr'><strong>sim.</strong></span> <span class='ocrx_word' id='word_1_252' title='bbox 995 3980 1027 4045; x_wconf 91' lang='lat' dir='ltr'><strong>in</strong></span> <span class='ocrx_word' id='word_1_253' title='bbox 1053 3978 1119 4044; x_wconf 90' lang='lat' dir='ltr'><strong>solo</strong></span> <span class='ocrx_word' id='word_1_254' title='bbox 1143 3980 1267 4046; x_wconf 83' lang='lat' dir='ltr'><strong>Aristo-</strong></span> <span class='ocrx_word' id='word_1_255' title='bbox 1305 3972 1312 4093; x_wconf 93' lang='lat' dir='ltr'><strong>l</strong></span> 
     </span>
     <span class='ocr_line' id='line_1_31' title="bbox 84 4095 1266 4187; baseline 0.005 -25"><span class='ocrx_word' id='word_1_256' title='bbox 84 4095 188 4183; x_wconf 89' lang='lat' dir='ltr'><strong>phane</strong></span> <span class='ocrx_word' id='word_1_257' title='bbox 211 4106 348 4164; x_wconf 90' lang='lat' dir='ltr'><strong>aetatem</strong></span> <span class='ocrx_word' id='word_1_258' title='bbox 382 4095 456 4163; x_wconf 90' lang='lat' dir='ltr'><strong>tulit</strong></span> <span class='ocrx_word' id='word_1_259' title='bbox 476 4106 508 4164; x_wconf 88' lang='lat' dir='ltr'><strong>et</strong></span> <span class='ocrx_word' id='word_1_260' title='bbox 532 4099 564 4163; x_wconf 92' lang='lat' dir='ltr'><strong>in</strong></span> <span class='ocrx_word' id='word_1_261' title='bbox 590 4101 684 4165; x_wconf 81' lang='lat' dir='ltr'><strong>unico</strong></span> <span class='ocrx_word' id='word_1_262' title='bbox 715 4101 828 4186; x_wconf 90' lang='lat' dir='ltr'><strong>optimi</strong></span> <span class='ocrx_word' id='word_1_263' title='bbox 852 4098 977 4165; x_wconf 84' lang='lat' dir='ltr'><strong>Codicis</strong></span> <span class='ocrx_word' id='word_1_264' title='bbox 1000 4098 1068 4166; x_wconf 87' lang='lat' dir='ltr'><strong>loeo</strong></span> <span class='ocrx_word' id='word_1_265' title='bbox 1098 4098 1183 4187; x_wconf 92' lang='lat' dir='ltr'><strong>apud</strong></span> <span class='ocrx_word' id='word_1_266' title='bbox 1207 4102 1266 4168; x_wconf 87' lang='lat' dir='ltr'><strong>De·</strong></span> 
     </span>
    </p>

    <p class='ocr_par' dir='ltr' id='par_1_4' title="bbox 85 4217 1265 4308">
     <span class='ocr_line' id='line_1_32' title="bbox 85 4217 1265 4308; baseline 0.001 -24"><span class='ocrx_word' id='word_1_267' title='bbox 85 4218 294 4286; x_wconf 89' lang='lat' dir='ltr'><strong>mosthenem.</strong></span> <span class='ocrx_word' id='word_1_268' title='bbox 344 4217 506 4305; x_wconf 84' lang='lat' dir='ltr'><strong>Quidquid</strong></span> <span class='ocrx_word' id='word_1_269' title='bbox 539 4218 606 4287; x_wconf 86' lang='lat' dir='ltr'><strong>iere</strong></span> <span class='ocrx_word' id='word_1_270' title='bbox 640 4222 825 4306; x_wconf 87' lang='lat' dir='ltr'><strong>sequiorum</strong></span> <span class='ocrx_word' id='word_1_271' title='bbox 857 4219 1001 4287; x_wconf 77' lang='lat' dir='ltr'><strong>socordio</strong></span> <span class='ocrx_word' id='word_1_272' title='bbox 1033 4222 1156 4308; x_wconf 86' lang='lat' dir='ltr'><strong>peperit</strong></span> <span class='ocrx_word' id='word_1_273' title='bbox 1180 4240 1265 4287; x_wconf 89' lang='lat' dir='ltr'><strong>erro·</strong></span> 
     </span>
    </p>

    <p class='ocr_par' dir='ltr' id='par_1_5' title="bbox 85 4338 1267 4427">
     <span class='ocr_line' id='line_1_33' title="bbox 85 4338 1267 4427; baseline 0.001 -21"><span class='ocrx_word' id='word_1_274' title='bbox 85 4359 159 4408; x_wconf 88' lang='lat' dir='ltr'><strong>rum</strong></span> <span class='ocrx_word' id='word_1_275' title='bbox 180 4338 300 4407; x_wconf 85' lang='lat' dir='ltr'><strong>videbis</strong></span> <span class='ocrx_word' id='word_1_276' title='bbox 325 4339 488 4407; x_wconf 89' lang='lat' dir='ltr'><strong>insinuare</strong></span> <span class='ocrx_word' id='word_1_277' title='bbox 512 4359 580 4407; x_wconf 89' lang='lat' dir='ltr'><strong>sese</strong></span> <span class='ocrx_word' id='word_1_278' title='bbox 605 4342 636 4407; x_wconf 90' lang='lat' dir='ltr'><strong>in</strong></span> <span class='ocrx_word' id='word_1_279' title='bbox 662 4349 867 4408; x_wconf 88' lang='lat' dir='ltr'><strong>monumenta</strong></span> <span class='ocrx_word' id='word_1_280' title='bbox 887 4343 1106 4427; x_wconf 89' lang='lat' dir='ltr'><strong>antiquorum.</strong></span> <span class='ocrx_word' id='word_1_281' title='bbox 1151 4341 1267 4423; x_wconf 80' lang='grc' dir='ltr'><em>Ἔζκι,</em></span> 
     </span>
    </p>
   </div>
   <div class='ocr_carea' id='block_1_4' title="bbox 77 889 1304 1356">
    <p class='ocr_par' dir='ltr' id='par_1_6' title="bbox 77 889 1304 1356">
     <span class='ocr_line' id='line_1_34' title="bbox 77 889 1304 1356; baseline 0.002 -338"><span class='ocrx_word' id='word_1_282' title='bbox 77 955 215 1037; x_wconf 58' lang='lat' dir='ltr'><strong>pereo.</strong></span> <span class='ocrx_word' id='word_1_283' title='bbox 241 958 294 1022; x_wconf 78' lang='grc' dir='ltr'><strong>κυνὶ</strong></span> <span class='ocrx_word' id='word_1_284' title='bbox 320 956 406 1038; x_wconf 73' lang='grc' dir='ltr'><strong>πυραὶ</strong></span> <span class='ocrx_word' id='word_1_285' title='bbox 431 956 597 1042; x_wconf 64' lang='grc' dir='ltr'><strong><em>Θουκυδίδῃ</em></strong></span> <span class='ocrx_word' id='word_1_286' title='bbox 619 954 712 1032; x_wconf 77' lang='grc' dir='ltr'><em>οὕτως</em></span> <span class='ocrx_word' id='word_1_287' title='bbox 737 956 948 1036; x_wconf 61' lang='lat' dir='ltr'><strong>dispunctor·</strong></span> <span class='ocrx_word' id='word_1_288' title='bbox 972 952 1034 1021; x_wconf 78' lang='grc' dir='ltr'><strong>ὅτι</strong></span> <span class='ocrx_word' id='word_1_289' title='bbox 1058 953 1260 1036; x_wconf 71' lang='grc' dir='ltr'><em>ἀκμάζον·</em></span> <span class='ocrx_word' id='word_1_290' title='bbox 1290 889 1304 1356; x_wconf 45' lang='grc' dir='ltr'><strong><em>Β</em></strong></span> 
     </span>
    </p>
   </div>
   <div class='ocr_carea' id='block_1_5' title="bbox 1303 3546 1311 3643">
    <p class='ocr_par' dir='ltr' id='par_1_7' title="bbox 1303 3546 1311 3643">
     <span class='ocr_line' id='line_1_35' title="bbox 1303 3546 1311 3643; baseline 0 0"><span class='ocrx_word' id='word_1_291' title='bbox 1303 3546 1311 3643; x_wconf 90' lang='lat' dir='ltr'><strong>l</strong></span> 
     </span>
    </p>
   </div>
   <div class='ocr_carea' id='block_1_6' title="bbox 0 0 1483 5010">
    <p class='ocr_par' dir='ltr' id='par_1_8' title="bbox 0 0 1483 5010">
     <span class='ocr_line' id='line_1_36' title="bbox 0 0 1483 5010; baseline 0 0"><span class='ocrx_word' id='word_1_292' title='bbox 0 0 1483 5010; x_wconf 95' lang='lat' dir='ltr'><strong> </strong></span> 
     </span>
    </p>
   </div>
  </div>
 </body>
</html>
