2940 5010
146 454 229 523 οὐδὲν
250 455 295 533 μή
319 469 395 518 oum
420 447 529 515 futuro
554 453 629 517 584.

145 560 228 629 οὐδέν
250 596 294 609 --
316 555 383 624 οὐδέ
407 557 484 621 628.

145 668 228 735 οὐδὲν
251 663 334 732 σοίνν
358 665 435 729 606.

144 770 260 843 οὐδένες
283 806 329 818 -
351 765 446 841 οὐδείς
471 769 548 832 519.

144 877 261 949 οὐδενὸς
285 872 421 953 δεύτερος
447 869 555 959 (γένει)
580 877 614 937 ei
636 870 710 936 sim.
736 873 812 937 575.

144 985 205 1051 οὐδ’
228 980 321 1064 ἕρδειν
342 1015 389 1028 -
413 977 480 1044 οὐδὲ
502 978 576 1044 ἰδεῖν
599 979 676 1043 282.

144 1092 177 1157 οὖ
201 1085 342 1154 διδακσίν
365 1121 412 1134 -
429 1084 495 1151 οὐδὲ
519 1080 661 1151 διδακτόν
684 1085 762 1150 609.

144 1196 178 1261 οὐ
201 1195 337 1273 δύναμαι
360 1192 404 1271 μὴ
428 1192 461 1256 οὐ
488 1193 564 1256 567.

143 1301 206 1367 οὐδ’
231 1301 286 1383 ὑφ’
310 1295 381 1363 ἕνον
402 1333 449 1347 -
471 1297 532 1362 οὐδ’
557 1295 612 1378 ὑφ’
635 1293 698 1369 ἑνιίς
723 1296 800 1362 519.

143 1410 198 1473 οὐκ
222 1402 342 1471 excidit
365 1406 442 1470 610.

144 1514 197 1578 οὐκ
221 1505 452 1595 interpolatum
475 1510 553 1573 485.

145 1617 181 1683 οὔ
203 1640 245 1681 κα
268 1613 371 1681 εἵπετο
395 1650 440 1663 -
461 1615 515 1679 οὖν
539 1611 591 1677 οὶεί
612 1635 688 1679 ποτε
716 1616 788 1679 143.

143 1724 198 1789 οὐκ
221 1719 327 1793 ἄλλως
351 1718 435 1797 λέγω
462 1721 514 1783 75.

145 1831 199 1896 οὐκ
222 1825 327 1904 ἀξιοῦν
350 1850 390 1891 =
412 1826 466 1891 οὐκ
490 1823 603 1889 ἐθέλειν
626 1826 702 1889 697.

145 1936 200 2001 ονἰιι
224 1930 367 2016 οἱχοίριτα
391 1956 432 1997 =
454 1931 607 2013 χαρίεντα
631 1936 664 1996 el
688 1929 764 1998 sim.
789 1931 864 1997 420.

145 2043 200 2108 οὖα
224 2036 379 2122 ἐπεξῇσαν
401 2072 448 2085 -
470 2036 570 2103 οὐκέτι
594 2033 723 2119 ἐξῄεσαν
748 2039 825 2102 546.

145 2145 246 2213 οὐκέτι
269 2181 315 2194 —-
337 2144 391 2209 οὖν
415 2146 492 2210 686.
730 2216 734 2223 ⁸

145 2256 199 2320 οὖν
223 2249 375 2335 ᾐτιάσατο
398 2269 439 2310 =
460 2251 514 2316 οὐκ
539 2247 706 2330 ἐμέμψατο
731 2251 808 2314 609.

146 2362 200 2426 οὐκ
223 2353 277 2424 οἷδ’
301 2353 340 2421 ἂν
364 2355 389 2420 εί
413 2356 559 2435 πείσαιμι
583 2364 615 2422 et
638 2356 710 2422 sim.
734 2357 811 2421 686.

144 2464 249 2532 οὔκουν
272 2500 318 2513 -
340 2464 445 2528 οὐκοῦν
472 2466 545 2526 111.

146 2572 179 2636 οὔ
203 2569 334 2650 μετρίας
351 2604 397 2617 -
418 2566 601 2649 συμμέτρως
627 2570 704 2633 507.

146 2678 178 2741 οὐ
204 2675 249 2754 μή
273 2691 347 2738 cum
372 2670 482 2737 futuro
506 2679 539 2737 et
561 2671 758 2737 coniunctivi
781 2670 900 2736 νοτίοιο
923 2672 998 2735 618.

146 2786 179 2849 οὐ
203 2782 248 2860 μή
270 2816 316 2828 -
338 2776 405 2843 οὐδέ
429 2784 462 2843 et
484 2779 517 2842 οὐ
541 2779 584 2855 μιὶ
608 2815 654 2827 -
676 2776 754 2856 μηδὲ
778 2780 856 2844 266.

146 2885 195 2956 οὖν
220 2883 339 2953 excidit
364 2886 453 2956 486,
480 2886 557 2949 697.

145 2991 194 3062 οὖν
219 2988 448 3077 interpolatum
474 2989 550 3054 516.

147 3103 179 3166 οὐ
203 3097 335 3177 κύματ’
358 3092 611 3172 -συννεύματ’
637 3099 691 3161 11.

145 3207 178 3272 οὐ
202 3206 319 3270 πολλοῦ
342 3200 397 3266 δίον
423 3204 499 3265 465.

145 3311 312 3394 οὐρῆσομαι
336 3326 399 3372 non
422 3306 534 3389 οὐρήσω
560 3307 639 3373 266.

145 3415 282 3499 οὐροδίκν
307 3452 352 3463 -
373 3410 518 3494 οὐροδίχν
543 3412 621 3479 598.

146 3522 240 3595 οὔσας
262 3556 308 3568 -
330 3517 454 3591 ἐνούσας
480 3519 556 3582 515.

144 3629 314 3700 οὐσίας-
337 3623 443 3695 ίνσίας
469 3625 545 3691 121.

144 3732 229 3806 οὗτος
250 3767 295 3780 -
314 3729 409 3802 αὖτίς
437 3730 513 3795 122.

146 3838 245 3905 οὑτοσί
270 3834 437 3912 Καλλίας,
461 3852 524 3898 non
549 3833 648 3899 οὑτοσί
674 3833 688 3898 ὃ
711 3832 855 3905 Καλλίας
880 3833 958 3898 629.

145 3949 178 4011 οὐ
201 3944 243 4009 σὼ
268 3942 320 4007 σιώ
340 3977 385 3989 -
404 3939 516 4005 οὑτωσί
539 3941 617 4007 662.

145 4048 222 4117 οὕτω
246 4084 293 4097 ·-
312 4045 396 4128 αὐτῷ
423 4045 499 4110 166.

140 4154 219 4223 οὕτω
243 4150 363 4220 excidit
387 4155 465 4220 671.

144 4264 205 4342 οὐχ
229 4255 457 4343 interpolatum
484 4259 560 4320 691.

144 4369 205 4448 οὐχ
229 4360 344 4446 ἅζομαι
368 4400 414 4413 -
433 4362 466 4428 οὗ
489 4359 631 4444 χάζομαι
657 4364 734 4428 280.
