2940 5010
708 269 772 331 150

330 444 392 522 ἐγὼ
416 444 447 509 δὲ
470 444 607 522 μοςῖλιις
631 465 671 519 νε
694 440 972 520 μεμυτιλημένοις,

152 548 204 613 nbi
236 571 276 627 ys
307 547 403 633 vulgo
432 546 530 613 deest.
580 545 613 614 Si
636 545 710 632 quis
733 544 816 611 volet
848 546 1028 633 scripturas
1058 536 1186 617 Codicis
1217 550 1345 619 Raven-

149 654 235 719 natis
257 662 289 719 et
310 652 423 719 Veneti
447 660 616 730 excutere,
638 651 814 739 comperiet
837 670 1047 739 quamsaepe
1066 662 1181 721 contra
1210 663 1342 723 senten·

149 760 229 825 tiam
252 766 284 825 et
308 766 419 824 contra
446 766 585 824 metrum
609 780 650 835 γε
673 776 713 823 ex
736 755 828 822 iihria
851 755 1018 824 exciderit.
1065 758 1153 827 Satis
1182 767 1237 827 est
1259 758 1343 829 indi·

148 883 221 930 nare
245 863 369 950 Equitt.
395 883 442 929 vs.
466 869 552 930 11110
573 871 606 930 et
625 866 722 929 1167.
746 860 893 931 Behkeri.
940 861 1063 931 Eadem
1083 864 1188 950 igitur
1208 873 1262 933 est
1282 864 1344 935 loci

148 968 367 1056 Xenopirontei
385 969 481 1034 ratio.
528 969 661 1035 Dixerat
683 967 778 1033 homo
797 967 1017 1054 nequissimus
1034 965 1082 1036 ire
1096 972 1256 1053 φλυαροίη
1278 968 1343 1045 ὅτις

145 1076 233 1154 λέγοι
256 1077 322 1150 κτὲ.
369 1073 582 1141 Excandescit
606 1072 645 1139 ad
670 1072 749 1139 haec
774 1072 950 1159 Xenophon
973 1081 1006 1141 et
1029 1074 1076 1141 ita
1099 1073 1270 1143 hominem
1293 1076 1342 1143 in·

149 1180 311 1268 terpeiiat:
345 1183 383 1249 σὺ
416 1179 455 1247 δέ
483 1206 530 1260 γε
560 1181 628 1248 οὐδὲ
651 1180 721 1262 ὑμῖν
743 1181 926 1258 γιγνώσκεις
955 1181 1021 1247 ari.
1069 1180 1168 1249 hecto
1191 1178 1340 1251 0111111111.

149 1285 204 1351 111.
229 1308 250 1351 1.
278 1292 330 1352 55.
361 1287 482 1373 recepit
506 1291 577 1365 ἡμῖν
601 1285 641 1351 δέ
664 1309 712 1363 γε
734 1282 821 1364 οἶμοι
845 1287 953 1356 arciaca
976 1285 1117 1362 ποιητέοι.

190 1390 227 1456 ln
261 1395 353 1475 §50.
385 1394 468 1470 μήτε
494 1391 669 1472 προσίεσθαι
704 1390 746 1464 εἷς
778 1391 907 1457 τοιύτὸ
939 1393 1011 1469 ἡμῖν
1037 1393 1145 1467 αὐτοῖς
1169 1393 1338 1481 corrigen-

146 1494 299 1562 domest
329 1498 371 1570 εῖς
403 1495 545 1561 τοῦτὸν
577 1498 671 1573 ἡμῖν,
704 1502 741 1561 ut
764 1494 867 1560 soient
889 1495 1156 1565 Attici-scrihere
1183 1505 1337 1565 11111111-

146 1600 258 1667 celem.
306 1600 420 1667 Exime
449 1600 553 1666 obiter
583 1599 700 1665 vitium
732 1598 815 1667 idem
844 1619 883 1667 ex
908 1599 1024 1666 hesch.
1050 1600 1192 1689 ctesiph.
1223 1605 1334 1691 5219.

146 1706 176 1770 ei
200 1730 240 1783 γε
262 1707 305 1783 μὴ
327 1708 451 1774 τιιῦτὸ
474 1707 609 1773 ἐνύπνιον
633 1705 695 1783 ἐγὼ
717 1704 770 1769 aci
792 1705 988 1784 depositone
1011 1705 1150 1785 εἴδομεν,
1175 1708 1336 1773 imovero

146 1813 286 1877 τοῦτὸν
319 1812 468 1880 ἐνύπνιον.
524 1810 644 1879 Eadem
682 1819 730 1874 est
764 1810 847 1875 ratio
881 1811 913 1876 in
946 1816 1080 1878 resociare
1115 1819 1147 1876 et
1180 1817 1333 1879 τοσοῦτον.

147 1915 292 1982 Eruenda
320 1917 421 2002 igitur
451 1915 615 1983 Demosth.
640 1914 723 1980 xlx,
748 1919 802 1980 98.
834 1919 990 1983 τοσοῦτ’
1022 1916 1137 1999 ἀπέχω
1158 1922 1216 1989 τοῖο
1249 1939 1332 1983 σοον·

146 2026 297 2103 φοντεῖν,
322 2022 376 2088 ubi
398 2040 512 2087 verum
537 2028 586 2086 esi
609 2024 752 2086 τοσοῦτον
772 2021 899 2101 adnixa.

193 2126 326 2214 Saepius
349 2127 461 2195 eodem
487 2125 579 2193 modo
602 2124 687 2210 apud
717 2125 965 2192 Demosthenem
997 2134 1168 2212 peccatum
1190 2134 1265 2207 est,
1286 2146 1331 2195 re·

146 2231 208 2297 turi
234 2233 267 2298 in
289 2232 429 2300 Midiaua
454 2237 473 2317 fi
498 2237 572 2299 154.
597 2233 640 2305 εἷς
663 2232 792 2299 cadri
817 2234 905 2310 ἡμεῖς
929 2230 1047 2306 τούτοις
1070 2231 1222 2313 διέβημεν
1243 2242 1278 2301 ei
1302 2233 1330 2299 11

147 2336 338 2406 Androtion.
372 2343 389 2422 ᾗ
414 2344 444 2405 1.).
480 2340 522 2412 εἷς
554 2340 683 2404 cadri
714 2340 753 2410 ὡς
777 2337 957 2413 πεποιηκότι
980 2342 1109 2415 τοῦτο,
1134 2336 1331 2407 111110110ἰοί1

147 2442 179 2507 S.
211 2445 387 2510 auctoritas
419 2442 596 2510 deserenda
627 2451 731 2509 estet
763 2442 879 2509 τοῦτόν
912 2441 1169 2511 rescribendum.
1216 2444 1332 2513 Eodem

147 2549 217 2614 iure
251 2549 286 2615 τὸ
321 2555 502 2618 τοιοῦτον
538 2547 690 2627 οῖσέβημυ
724 2548 849 2633 corrige
880 2547 912 2613 in
947 2546 1136 2615 Androtion.
1173 2554 1248 2637 §2
1278 2570 1332 2639 pro

143 2660 281 2727 τοιοῦτο,
313 2663 346 2720 et
377 2674 495 2741 repone
526 2660 721 2719 τοσοῦτον
755 2653 873 2735 οὶπέχει
907 2653 938 2717 in
974 2651 1086 2720 eadem
1120 2662 1204 2721 orat.
1239 2659 1341 2743 575.

142 2767 175 2823 et
199 2759 232 2823 111
258 2760 460 2827 Timocraten
492 2762 509 2842 ᾗ
537 2763 623 2836 185,
654 2768 687 2823 ct
717 2763 913 2825 τοσοῦτον
944 2757 1120 2839 ἀπέχουσιν
1142 2759 1178 2824 in
1213 2760 1345 2828 Aristo·

140 2873 250 2931 cratea
280 2868 299 2948 ς’
325 2871 398 2932 108.
446 2866 491 2932 No
523 2862 714 2950 scrupulum
746 2863 873 2928 iniiciat
906 2862 1021 2949 optimi
1044 2862 1173 2931 Codicis
1194 2865 1365 2935 nimiunn

142 2969 303 3038 celebrata
335 2971 413 3038 fides
437 2972 561 3058 inspice
586 2970 807 3035 Timocrateae
842 2970 917 3048 55.
949 2966 1006 3033 uhi
1038 2973 1236 3038 τοσοῦτον
1256 2972 1371 3057 ἑτέ-,-

142 3102 232 3158 χοοσι
269 3087 355 3145 recte
387 3077 516 3156 editur,
550 3094 747 3163 quamquam
777 3072 899 3141 coador'
933 3072 1005 3162 (sic)
1042 3073 1074 3140 in
1108 3073 1141 3141 S.
1175 3077 1371 3165 scriptum

141 3194 201 3249 est.
249 3184 407 3249 Peccator
440 3202 683 3270 nonnumquam
710 3189 742 3248 et
776 3187 911 3257 contra,
935 3187 969 3243 ut
995 3178 1029 3247 iu
1063 3179 1207 3247 diidiana
1240 3180 1366 3263 5015

139 3288 197 3358 ὥτε
231 3290 417 3355 τοιοῦτόν
451 3314 481 3355 τι
506 3299 601 3356 ποιεῖν
625 3308 684 3373 pro
706 3285 824 3353 τοιοῦτό
847 3307 888 3350 τι.

183 3394 221 3458 In
252 3398 270 3478 §
290 3397 344 3457 51.
369 3401 442 3467 σιίος
463 3403 521 3460 aut
544 3398 640 3476 σῷος,
664 3402 701 3458 ut
730 3389 844 3456 mnitis
872 3388 946 3455 aliis
968 3387 1048 3455 iocis
1071 3390 1276 3472 Atticorum,
1298 3393 1371 3459 11

138 3499 197 3570 σῶς
223 3497 450 3583 corrigendum
476 3482 654 3584 est‚'quae
676 3496 779 3562 iortna
804 3496 837 3560 in
865 3495 905 3559 iis
933 3494 1169 3581 scriptoribus,
1195 3508 1371 3585 quorun!

139 3611 216 3668 surrt
235 3603 356 3668 vetusti
377 3611 409 3668 et
437 3603 510 3670 honi
532 3603 684 3680 Codices,
710 3600 898 3689 saepissimo
920 3609 1059 3668 aetatem
1086 3600 1185 3681 tulit,
1208 3602 1243 3669 in
1261 3616 1371 3673 cae

141 3707 219 3774 teris
241 3715 278 3772 ut
302 3708 440 3794 quisque
464 3708 545 3774 iiber
568 3717 617 3775 est
641 3708 824 3784 recentior,
849 3707 894 3772 ita
918 3706 1027 3772 rarius
1046 3715 1223 3794 comparet.
1271 3708 1371 3775 Ve-

138 3814 268 3880 rissima
290 3813 330 3881 de
354 3833 391 3880 ea
414 3834 449 3880 re
468 3814 634 3879 annotavit
661 3812 846 3879 Diodortius
873 3812 907 3877 in
932 3809 1066 3897 praeiet.
1090 3830 1164 3899 pag.
1183 3832 1216 3881 xx
1239 3834 1286 3902 sq.

184 3919 220 3985 ln
244 3924 262 4005 §
282 3925 336 3986 54.
370 3924 442 4000 ἡμῖν
465 3956 508 3969 -
533 3918 615 3996 ἔδοξε
640 3919 692 3985 aci
725 3921 830 3991 adroic
856 3920 1012 3983 συνελθεῖν
1041 3916 1095 3983 xci
1120 3919 1205 3997 ὑμᾶς
1229 3932 1371 4002 πεινῶ·

139 4026 291 4103 κολὲσοι,
316 4028 436 4093 mirum
466 4025 498 4091 ui
520 4022 693 4111 Xenophon
720 4024 866 4095 αὐτοὺς
899 4025 1055 4089 συνελθεῖν
1080 4025 1271 4112 scripserit,
1294 4018 1371 4089 11¹

140 4132 170 4201 io
199 4131 253 4196 taii
279 4152 313 4198 re
338 4132 403 4198 iore
426 4130 528 4197 soient
561 4128 660 4195 Attici
689 4128 858 4199 inlinitivis
889 4128 1093 4195 accusativos
1114 4128 1244 4199 addere.
1289 4130 1371 4199 [Ψ

56 4259 58 4263 ’
139 4237 299 4325 Aristoph.
326 4238 641 4325 Equitt.vs.1510.
