2940 5010
137 97 201 180 χρὴ
232 92 517 177 δημοκρατουμένης
548 100 605 167 τῆς
638 89 755 163 πόλεως
781 92 854 168 ἡμῖν
882 98 1046 170 μετεῖναι,
1081 112 1227 179 expungo
1262 116 1328 162 em·

137 200 250 275 ,diuma
271 200 340 283 crept
368 208 425 276 τῆς
448 196 610 271 πολιτείας
635 206 667 264 et
688 195 820 263 habebis
848 195 983 262 eandem
1006 199 1202 264 sententiam
1227 200 1328 269 nitide

138 316 173 373 et
192 307 301 374 Attica
323 322 519 393 expressam.
566 302 682 368 Contra
704 301 799 369 verba
820 304 859 376 ὥς
879 304 942 384 χρή
966 301 1050 368 male
1075 303 1275 390 irrepserunt
1294 309 1328 372 iu

140 412 259 503 Lysiae
282 412 460 478 arationem
480 408 584 476 XXX.
612 411 665 474 52.
690 409 798 474 τούτου
819 409 875 487 μὲν
899 444 946 457 -
966 411 1019 474 οὐκ
1042 410 1250 493 θτεχεθρκοαν
1270 415 1330 480 δεῖ·

139 520 211 585 σθαι
239 516 292 605 [ὥς
315 516 392 605 mit]
418 516 599 583 παύσασθαι
624 516 667 588 εἷς
691 516 775 594 ὑμᾶς
799 511 1080 595 ἐξαμαρτάνοντα,
1118 514 1205 582 nullu
1237 518 1332 584 modo

141 624 230 691 enim
255 621 389 689 verbum
418 621 526 702 δέομαι
550 619 604 686 itia
629 618 725 686 rerba
749 618 921 686 admittere
942 627 1069 706 potest,
1094 621 1150 687 sed
1173 623 1218 688 nil
1243 644 1332 711 prae·

141 736 196 795 ter
230 726 429 796 iuiiuitirum
467 728 650 794 ταύοοοθαι
684 725 811 812 recipit.
871 725 988 791 Mirum
1025 734 1073 791 est
1107 745 1205 813 quam
1238 749 1332 817 saepe

143 836 290 919 τροτιίκει
319 844 351 901 et
373 842 524 916 τροοῆκεν
547 842 580 899 et
601 839 747 914 προσῆκον
773 832 804 895 in
830 828 921 895 libris
944 829 1204 899 contundantur:
1237 837 1333 901 cuius

144 940 193 1007 rei
217 959 301 1027 quae
323 960 421 1007 causa
441 940 484 1005 sit
514 959 577 1004 nun
601 947 650 1004 est
673 935 753 1002 mitri
777 937 856 1002 satis
883 937 1107 1023 perspicuum,
1131 938 1186 1005 sed
1211 937 1332 1007 tactum

144 1064 217 1115 esse
240 1066 335 1135 saepe
358 1043 465 1123 rideo,
497 1056 535 1111 ut
558 1044 643 1130 apud
676 1042 806 1130 Lysiam
830 1040 945 1107 tvtrt.
975 1048 1026 1107 11.
1050 1045 1083 1108 οὐ
1110 1046 1182 1117 τοὺς
1214 1068 1335 1128 τονκρο-

144 1150 261 1227 τθτοορ
294 1158 353 1219 τῶν
386 1156 518 1217 τοιιιτῶν
551 1150 754 1223 ἀπέκτεινον,
790 1149 866 1213 ἀλλ’
897 1142 939 1220 οἷς
974 1148 1100 1225 μακιςα
1135 1160 1334 1231 προσῆκον

146 1257 201 1325 καὶ
227 1257 281 1325 διοὶ
307 1256 395 1338 γένος
419 1256 472 1321 καὶ
496 1254 548 1322 aad
575 1260 708 1321 τοιοῦτον
729 1254 781 1319 καὶ
814 1254 865 1319 διὰ
894 1254 949 1327 τὴν
973 1252 1077 1330 ἄλλον
1102 1257 1211 1337 οέρετὶρν
1241 1261 1335 1335 τιμᾶ·

147 1366 242 1443 τθοι,
275 1361 328 1429 ubi
359 1361 539 1446 requiritur
570 1368 742 1443 προσῆκεν,
779 1369 812 1424 ut
847 1359 945 1424 rides.
994 1361 1029 1427 lu
1062 1361 1227 1448 Euripidis
1260 1362 1336 1428 icae

148 1488 198 1543 re.
224 1472 300 1537 454.
324 1466 399 1533 libri
423 1486 534 1532 ornrrcs
558 1463 647 1531 taeda
669 1465 813 1550 corrupti
833 1463 1003 1530 exhibent:

378 1572 460 1654 οὶτθορ
485 1574 635 1653 θυγατρὸς
659 1578 715 1645 τῆς
738 1570 906 1652 Ἐρεχθέως
930 1572 963 1635 τι’
984 1595 1036 1649 μοι

380 1679 470 1759 μέλει
496 1681 638 1761 τροοιὶκει
662 1680 691 1743 τ’
716 1674 829 1753 οὖδαςς

151 1806 249 1875 quem
273 1785 380 1852 lucum
401 1783 537 1851 laudans
560 1784 705 1850 lustinus
729 1782 852 1869 Martyr
880 1783 1011 1863 προσῆκέ
1031 1786 1066 1862 μ’
1090 1783 1171 1849 οὐθέν
1201 1784 1339 1851 exhibet.

153 1889 238 1959 Vera
261 1890 357 1957 lectio
379 1891 553 1956 adobraeo
567 1898 693 1975 reperta
717 1899 765 1955 est
790 1896 936 1970 προσῆκον
960 1888 1064 1966 οὐδέν,
1088 1909 1171 1974 quac
1194 1892 1225 1954 iu
1250 1916 1341 1972 τροτ-

153 2008 226 2077 finer
260 1998 362 2075 οὐδέν,
394 1995 525 2077 τροοῆκὲ
556 1996 592 2075 μ’
616 1996 719 2069 οὐδέν,
752 1997 895 2076 προσήκει
926 1997 956 2059 τ’
979 1990 1069 2065 οὖδας
1101 1996 1241 2081 turpiter
1272 2018 1340 2064 ccr-

153 2110 250 2191 rupta
271 2112 330 2169 est.
377 2102 523 2181 Πριτιὶκει
554 2109 587 2165 ct
610 2108 758 2181 τροτῆκεν
786 2101 817 2164 iu
843 2097 1067 2166 Demustircuis
1091 2099 1188 2166 Codri.
1222 2105 1341 2188 passim

153 2207 247 2275 ridcc
266 2208 456 2295 permutari.
503 2204 549 2271 Gi.
575 2226 604 2292 p.
631 2209 716 2281 104,
742 2210 795 2270 25.
831 2204 883 2270 utri
910 2204 942 2270 S.
969 2204 1051 2271 ruale
1074 2216 1223 2287 προσῆκει
1246 2208 1343 2276 habet

152 2336 213 2403 pro
235 2316 398 2395 προσήκει,
423 2319 453 2376 et
479 2316 563 2388 475,
592 2314 641 2375 16.
671 2320 703 2374 et
728 2309 814 2374 alibi.
863 2310 1000 2377 Gravius
1019 2312 1116 2376 ctiam
1142 2323 1285 2379 erratum
1309 2317 1342 2381 iu

153 2418 319 2493 Bomostlt.
345 2417 434 2483 Orat.
457 2415 597 2483 XLVIII.
628 2422 655 2481 1.
689 2417 815 2483 tectae
844 2418 904 2481 ὑπό
927 2441 1006 2490 τινος
1040 2418 1204 2483 οὶδικένται
1235 2418 1342 2494 ἄλλως

154 2628 297 2719 gendum
330 2638 363 2695 et
398 2626 614 2693 inducendum
648 2628 830 2693 ἀδικεῖσθαι.
887 2626 1045 2692 Scierrruis
1076 2636 1125 2693 cst
1158 2630 1192 2693 iu
1228 2630 1345 2699 tatibus

155 2732 308 2821 Elttpsis:
333 2735 389 2815 ὑφ’
413 2730 451 2799 ὧν
476 2732 555 2810 ἥατ’
579 2735 672 2815 ἐχρῆν
696 2741 728 2797 ct
754 2734 809 2814 ὑφ’
831 2730 869 2797 ὧν
890 2732 983 2809 ἥκιςα
1007 2743 1165 2813 προσῆκεν.
1212 2735 1345 2803 Imitan-

154 2848 212 2907 ttu·
236 2839 371 2905 domani
400 2848 431 2905 ct
456 2839 511 2905 atii
538 2847 570 2905 ct
594 2839 705 2903 Lirius
723 2837 865 2903 XXXtX.
894 2842 944 2903 11.
975 2839 1120 2903 miserari
1146 2862 1252 2907 rasum
1273 2844 1345 2909 udo·

155 2944 300 3013 harentia
323 2944 440 3030 coepit,
464 2946 519 3031 (μοι’
542 2944 691 3031 spoliatus
721 2944 880 3031 fortunis,
912 2942 1073 3027 aquibus
1099 2945 1235 3012 minime
1256 2968 1346 3035 opor-

157 3058 263 3129 teret,
295 3050 380 3137 uprrd
404 3072 438 3115 ae
458 3062 530 3116 turm
554 3060 642 3115 esset.
690 3048 726 3115 Iu
751 3049 904 3115 isocratis
926 3049 1071 3115 cratiunc
1095 3051 1168 3131 πρὸς
1188 3056 1346 3121 Νικοκλέα

158 3158 232 3243 55.
256 3175 315 3243 pro
338 3157 423 3238 δρῶσι
455 3156 525 3229 τοὺς
548 3158 605 3234 μὲν
629 3157 684 3236 ὑφ’
709 3152 747 3219 ὦν
770 3152 862 3229 ἥκιςα
885 3161 964 3236 χρῆν
993 3155 1229 3237 διεφθαρμένους
1256 3164 1346 3225 rusti.

156 3260 315 3329 tuendum
339 3270 389 3327 est
412 3262 468 3345 ὑφ’
480 3259 518 3327 ὧν
532 3262 611 3339 tier?
634 3262 747 3341 ἐχρῆν,
772 3268 801 3326 et
817 3259 901 3345 apud
918 3259 1148 3345 dutiplrcutcur
1163 3263 1194 3328 iu
1220 3262 1307 3331 Orat.
1321 3268 1345 3334 Ι.

159 3368 257 3453 §22-
289 3367 379 3445 ὑμεῖς
407 3366 434 3432 δ’
464 3370 497 3432 οὐ
528 3374 587 3432 τῶν
616 3365 864 3431 ἀποκτεινάντων
888 3367 939 3433 ἕςὲ
961 3366 1079 3445 dandal,
1111 3369 1201 3433 οὶλλθι
1229 3378 1288 3434 τῶν
1312 3374 1347 3438 ἐκ

157 3473 298 3555 προνοίας
329 3473 579 3548 οὶτοθνντκθντιιν
611 3472 663 3537 καὶ
697 3476 801 3536 ταῦτα
827 3471 882 3553 ὑφ’
914 3467 952 3535 ὧν
976 3471 1068 3549 ἥκιςα
1091 3474 1186 3555 ἐχρῆν
1221 3474 1347 3562 [αὐτοὺς

157 3578 395 3665 θτνθνιὶοκειν],
427 3576 634 3644 manifestum
665 3574 924 3641 additamentum
948 3575 1158 3642 resecandum
1183 3598 1252 3646 esse
1276 3602 1348 3648 cerr-

158 3704 224 3751 sce.
282 3681 412 3749 Utiliter
445 3681 496 3748 his
530 3681 605 3748 addi
635 3683 754 3769 poterit
788 3680 896 3761 locus,
932 3680 986 3747 utri
1020 3682 1051 3747 in
1083 3683 1221 3770 simplici
1253 3688 1350 3757 vertm

158 3787 246 3877 apud
278 3788 527 3855 Deurcsttrencm
558 3809 632 3854 cum
665 3787 786 3873 insigni
808 3787 987 3855 sententiae
1010 3786 1205 3856 detrimento
1231 3793 1277 3858 sic
1301 3806 1352 3864 est

160 3903 320 3963 erratum.
374 3892 583 3961 lucratione
614 3894 680 3975 περὶ
715 3897 769 3959 τοῦ
801 3891 939 3975 ςεφοένου
963 3914 996 3978 p.
1023 3896 1098 3958 1157.
1134 3897 1229 3979 155.
1261 3901 1351 3969 duod.

160 4002 252 4067 τεοθε
285 4001 365 4066 δνοῖν
397 4002 413 4077 ἢ
444 4008 530 4080 τριῶν
565 4002 680 4082 ἡμερῶν
716 3994 758 4073 οἷς
790 3999 847 4077 μὲν
884 3999 989 4080 ἐχθρὸς
1026 4000 1105 4077 ἥκοι
1136 4003 1229 4083 φίλον
1258 4009 1352 4075 αὐτὸν
