2940 5010
711 238 756 303 80

144 427 177 487 et
206 425 347 485 metrum
374 413 559 482 restituitur
582 419 615 479 et
642 412 802 481 sententia
828 410 913 479 inest
940 410 1009 481 ioeo
1034 412 1204 501 apposita.
1230 434 1318 505 qnam

145 523 290 593 Oratoris
313 520 403 587 loeus
425 518 635 587 demonstrat.

188 627 364 695 verissima
397 622 562 691 Menandri
594 624 754 691 sententia
783 622 868 711 apud
896 621 984 691 sno.
1012 622 1123 692 Fierii.
1152 624 1250 695 axo.
1273 632 1318 697 ii.

147 753 246 820 grane
266 731 384 799 vulnus
402 730 547 816 aceepit:

326 834 459 905 ἅπαντα
478 835 631 903 δουλεύειν
652 835 667 900 o'
692 835 798 909 δοῦλος
818 832 967 914 μοινύοίνει

325 942 450 1024 πονηρὸς
473 940 563 1011 isar.
586 941 752 1022 μεταδῶσιν
775 942 947 1022 σοιρριισίσσ

325 1047 473 1127 βέλσιςον
493 1048 587 1113 οιύσὸν
611 1051 701 1113 τοῦτο
724 1047 843 1123 σοιιίσει
866 1046 971 1113 πολύ.

144 1154 272 1239 corrige
294 1152 328 1231 ἢν
348 1150 457 1219 edura
475 1150 637 1237 μονύιίνρ,
663 1159 695 1218 ei
719 1152 826 1238 recipe
844 1151 983 1231 βελτίον’
1004 1150 1117 1229 σύσύν,
1138 1150 1225 1239 quod
1244 1154 1325 1221 molti

147 1259 300 1327 viderunt
321 1276 435 1323 rerum
455 1277 537 1325 esse.

190 1362 345 1449 Scaligeri
371 1364 529 1429 eorrectio
556 1360 714 1428 infelicior
740 1359 825 1427 maie
849 1360 985 1449 probata
1008 1359 1049 1429 ab
1071 1361 1261 1431 Editoriims
1287 1372 1328 1433 en

147 1470 179 1536 in
204 1466 369 1535 Menandri
391 1466 461 1535 ioeo
484 1464 569 1555 apud
591 1465 681 1533 Snid.
703 1485 732 1532 ν.
750 1466 934 1549 ἀβέλτερος.
988 1466 1049 1544 Oui
1066 1488 1196 1547 terror,
1218 1471 1329 1557 inquit,

146 1574 276 1640 minime
297 1572 449 1639 mitidum
468 1583 497 1639 et
521 1573 621 1639 lenem
642 1572 752 1638 ίνονιιιιι
776 1570 892 1658 deripit

743 1683 796 1747 οὐκ
819 1674 876 1745 οἶδ’
899 1676 968 1744 ύσι

333 1781 420 1859 ούσοι
443 1787 615 1865 μεγοιλείίν
638 1787 684 1857 ist
705 1783 979 1867 διαπεπραγμένος

332 1889 594 1973 ἐσοιβελσερύσοις
618 1892 670 1959 τύν
694 1896 765 1959 ποτ’
788 1888 851 1956 ἔντ’
875 1888 1059 1971 οίβέλσερον.

152 1997 224 2063 σοι·
246 1996 308 2062 ἔντ’
327 1995 360 2061 in
380 2014 418 2063 ea
435 2016 471 2063 re
493 1997 648 2077 ,vitiosum
667 2005 717 2063 est
736 2004 768 2063 et
789 1994 873 2062 maie
892 1994 1068 2062 Graecum:
1091 1991 1177 2082 quod
1196 1994 1229 2061 in
1248 1992 1327 2061 nott.

152 2100 303 2169 omnibus
334 2109 384 2168 est
412 2101 464 2171 σύν
495 2127 571 2171 ποτε
594 2113 708 2171 natnm
732 2109 782 2168 est
805 2120 823 2167 e
850 2099 1039 2187 compendio
1061 2098 1145 2167 male
1174 2099 1327 2167 intelieete

153 2208 298 2294 Repone:
322 2208 584 2291 ε’ποιβελσερύσοος
607 2210 658 2275 τὸν
677 2205 817 2289 πρύσσρον
838 2206 1019 2289 ἀβέλτερον.
1066 2204 1138 2271 Dici
1156 2224 1221 2272 noo
1243 2210 1329 2293 poiosi

156 2331 253 2398 qoam
267 2332 361 2399 saepe
373 2314 467 2387 σοσέ,
487 2314 629 2396 πρότερον
643 2321 675 2379 et
687 2311 827 2394 πρότερον
848 2310 969 2377 inerint
987 2318 1156 2398 corrupta:
1171 2331 1269 2379 eausa
1276 2317 1332 2387 est,

157 2415 243 2503 quod
272 2416 496 2505 compendiose
523 2443 559 2499 τρ
587 2417 814 2483 terminatione
843 2416 960 2483 emissa
989 2414 1130 2504 syllabae
1157 2416 1217 2499 πρό
1238 2432 1333 2503 snper·

155 2520 353 2589 scribuntur.
401 2520 520 2588 Eadem
552 2542 650 2588 eausa
676 2523 799 2609 peperit
822 2520 1073 2609 dittograpiriam
1098 2521 1130 2588 in
1155 2518 1334 2609 Antiphanis

159 2626 340 2714 fragmento
359 2625 444 2712 apud
468 2626 628 2695 Pelineem
649 2627 702 2694 IV.
730 2631 805 2695 125.

251 2734 287 2799 τὸ
306 2733 421 2799 κλίσιον
442 2730 448 2823 Ι
468 2729 482 2799 ὃ
506 2732 647 2816 πρύτερύν
666 2739 737 2799 ποτ’
758 2730 792 2808 ἦν
815 2742 879 2807 τοῖς
898 2732 934 2811 ἐξ
949 2734 1046 2815 ἀγροῦ
1064 2732 1156 2815 βουσί
1173 2732 1299 2815 ςιιύμύι.

161 2836 217 2907 ubi
236 2856 299 2902 non
323 2844 372 2904 est
391 2835 561 2923 legendum
584 2838 651 2921 πρίν
675 2844 745 2907 ποτ’
767 2834 800 2912 ἦν
818 2838 873 2905 sed
897 2836 912 2904 i
935 2838 1075 2921 πρότερον
1099 2834 1145 2915 ἦν.

207 2941 309 3025 Quam
335 2941 414 3008 utile
433 2943 477 3009 sit
497 2962 608 3029 sapere
629 2943 802 3011 Menander
825 2943 1015 3031 praedicans
1036 2945 1080 3011 ita
1103 2941 1204 3013 dieii:

343 3044 393 3130 ἆρ’
416 3048 479 3120 isin
501 3050 626 3127 οίγοιύύν
649 3051 728 3115 πᾶσι
751 3050 885 3119 σλείςον
905 3048 981 3128 οίξίοι

346 3157 363 3230 ἡ
388 3156 526 3233 σύνεσις,
547 3153 586 3220 ἂν
605 3152 623 3239 ᾖ
644 3157 717 3237 πρὸς
739 3155 782 3221 σοὶ
800 3154 919 3235 βελτίω
942 3155 1036 3239 σοφή.

165 3259 250 3347 apud
273 3258 360 3325 Stel).
384 3258 611 3327 montoir.
636 3269 669 3327 et
693 3259 843 3329 Orionem
861 3262 894 3327 in
915 3259 1059 3328 Gnomoi.
1076 3260 1101 3327 1.
1129 3265 1181 3329 lo.
1218 3259 1260 3329 Ut
1280 3276 1344 3327 rem

166 3365 243 3430 haee
272 3366 339 3431 sint
368 3373 400 3429 et
422 3372 508 3431 reete
535 3362 622 3432 dieta
644 3364 720 3443 σὶξίιι
749 3364 781 3430 in
804 3364 893 3432 ιιίσίσ
917 3366 981 3431 erit
1001 3364 1214 3444 mutandum,
1236 3372 1347 3433 serrat·

164 3489 227 3556 que
245 3467 304 3535 lroe
327 3470 431 3557 ipsum
458 3468 628 3547 stobaeum
652 3470 684 3534 in
708 3470 802 3537 cuius
826 3468 918 3536 libris
941 3477 990 3537 est
1014 3470 1346 3552 enneadecaterida

168 3574 365 3661 debebatque
386 3575 475 3649 οίσίο
498 3576 594 3641 etiam
617 3576 686 3641 sine
706 3572 798 3641 libris
821 3576 942 3664 reponi.
991 3575 1092 3663 Saepe
1115 3575 1195 3645 haee
1216 3578 1302 3645 inter
1319 3594 1348 3645 so

165 3678 231 3745 vidi
262 3680 461 3766 permutari,
493 3679 701 3767 quamobrem
723 3680 755 3746 in
780 3678 1004 3768 Aristophanis
1031 3680 1349 3755 deharn.1062.ne

166 3784 278 3859 dubita
299 3804 469 3873 reponere:

347 3892 412 3967 ύτιίι
432 3894 509 3970 γννύ
533 3894 573 3962 'st
596 3898 649 3958 τοῦ
672 3894 807 3974 πολέμου
831 3896 861 3959 τ’
885 3894 937 3959 ούκ
957 3892 1069 3969 ιιίσίοι,

168 4016 226 4083 pro
248 3993 342 4075 oeta,
375 3996 459 4084 qnod
483 4018 594 4065 omnes
623 3996 721 4065 iiirres
751 3998 885 4065 obsidet.
934 3996 1065 4065 Scribae
1089 4018 1151 4065 non
1176 3997 1271 4069 incide
1295 3998 1349 4069 dis·

169 4102 360 4187 tinguebant
383 4102 501 4170 duetus
532 4104 714 4171 litterarum
741 4130 776 4185 τρ
799 4112 830 4171 et
853 4130 882 4171 τι
907 4124 925 4170 a
952 4104 1060 4171 littera
1080 4103 1117 4183 ξι
1150 4105 1248 4173 etiam
1271 4132 1306 4187 γι
1326 4114 1349 4175 et

167 4205 187 4283 ξ
215 4206 468 4276 confunduntur.
517 4209 607 4276 Sitne
634 4212 744 4292 ὀτρύνω
776 4230 816 4277 an
848 4209 939 4288 οξύνω
971 4211 1128 4299 seriptum
1161 4230 1223 4278 non
1255 4213 1349 4299 qnivir

169 4314 279 4389 statim
308 4313 443 4395 dixerit,
467 4334 567 4407 quare
585 4317 697 4383 mirari
728 4316 808 4395 noii,
844 4318 870 4383 si
898 4316 975 4389 haee
1003 4319 1088 4385 inter
1112 4336 1147 4395 se
1172 4316 1349 4399 miscentur
