2940 5010
694 274 755 335 157

189 450 313 519 tutum
340 468 393 517 tue
423 447 566 515 exercuit
598 445 776 513 versiculus
808 445 999 532 Antiplranis
1030 444 1114 532 aputl
1143 446 1256 513 tltlicu.
1283 468 1313 535 p.

162 564 198 627 lt.
215 556 251 626 ll.

365 659 509 727 Φαινίνδα
530 658 648 740 ταίζαν
671 660 733 740 ᾔεις
756 659 786 722 ἐν
811 658 986 733 Φαινεςίσν,

163 770 257 855 inquo
277 764 374 832 multi
406 764 462 831 olii
489 782 618 850 operam
643 761 861 849 perdiderunt.
909 762 1044 827 Prorsus
1076 762 1210 829 barbara
1241 776 1317 831 sont

161 872 254 941 σιίτιιν
273 868 326 954 ἦεν
349 872 382 946 ἐς
403 869 562 939 aaronica
583 875 616 933 el
638 869 757 934 ταίσων
781 864 838 949 ίαν
859 867 894 931 εἰι
919 868 1095 943 Φαινεςίνν,
1121 888 1257 954 quorum
1281 870 1317 935 it·

162 974 464 1045 lelllalckeuaerius
485 974 623 1042 coniecit
651 972 689 1039 ad
718 972 905 1039 Phoenissas
937 991 984 1038 rs.
1018 976 1103 1039 1082
1129 973 1196 1061 (uti
1225 974 1318 1042 docet

163 1080 208 1149 liti
228 1080 305 1159 ἦσαν,
332 1080 483 1165 ἔρχομαι,
513 1075 618 1154 altico,
650 1080 786 1155 ἐλήλυθα
816 1080 981 1156 ἀγγελῶν,
1006 1085 1164 1156 σημανῶν,
1187 1079 1315 1164 φριίσαν

164 1184 227 1276 tin.)
247 1185 307 1253 lroc
333 1186 494 1253 Porsonus
518 1183 702 1252 adolescens
722 1180 910 1258 admodum,
936 1191 971 1247 ut
996 1184 1127 1268 opinor,
1161 1205 1233 1252 nam
1265 1207 1316 1253 ne-

165 1310 209 1379 que
224 1292 339 1359 ταίσιιν
361 1310 401 1359 ex
425 1292 524 1374 ταίζιν
547 1290 705 1357 lormatur
724 1308 829 1374 neque
850 1285 909 1369 νίας
932 1298 988 1354 aut
1008 1287 1058 1371 ᾖεν
1083 1289 1202 1356 Graeca
1228 1302 1315 1362 sunt.

165 1394 346 1465 Athenienses
365 1396 514 1464 dicebant
534 1397 639 1479 ᾔεισία
662 1402 695 1460 et
714 1396 776 1476 ᾔειν
799 1400 874 1459 antc
891 1392 1041 1459 vocalem.
1090 1395 1207 1463 Videor
1231 1418 1317 1464 none

166 1502 223 1573 nili
237 1513 346 1593 poetae
367 1525 498 1573 manum
518 1505 676 1592 reperisse
695 1503 729 1569 io
746 1487 1027 1570 ttrttzftNHtetc
1047 1502 1213 1583 latentem,
1232 1528 1318 1574 nern-

167 1608 293 1697 plane:

361 1718 505 1784 Φαινίνδα
529 1716 648 1798 παίζων
665 1724 748 1791 νῆσιν
769 1717 800 1780 ἕν
822 1718 991 1786 Φαινεςίνν.

167 1816 352 1891 ΙίιΙνσῑίνΙίν
370 1823 496 1889 iocatur
518 1822 575 1890 lll.
602 1826 655 1887 ll.
677 1825 707 1887 3.

316 1926 379 1995 tres
401 1928 486 1995 salse
508 1938 553 1994 cet
577 1928 652 1993 benc
670 1926 753 1993 olere
776 1938 804 1991 et
832 1927 968 2003 esurire,

169 2028 410 2121 &Antiphanes
441 2033 521 2099 dixit
548 2032 656 2099 nescio
685 2051 779 2117 quem
809 2034 957 2113 φαινίνδα
981 2031 1102 2113 ταίζειν
1125 2036 1317 2100 osurientem.

168 2136 277 2227 intret
297 2162 397 2230 quam
419 2142 513 2210 lacile
535 2128 833 2210 ttnlz'erHCth
856 2143 889 2208 in
911 2142 1076 2228 vulgarem
1100 2144 1188 2212 abire
1208 2156 1321 2233 potue·

169 2242 207 2311 tit
230 2246 262 2315 ln
283 2250 463 2317 esurientes
485 2250 592 2315 omnia
613 2258 688 2316 sunt
716 2248 808 2335 plena
838 2250 998 2325 iocorum,
1024 2249 1055 2313 in
1078 2249 1195 2335 quilius
1215 2260 1317 2329 νῆςις,

169 2352 261 2433 tresue
282 2362 386 2433 νῆσιν,
408 2355 482 2420 sino.
504 2355 672 2421 tritissima
694 2363 781 2422 sunt.

200 2454 278 2545 leuel
300 2458 516 2548 Antiphauenr
540 2460 573 2525 in
599 2459 686 2525 Stob.
711 2459 819 2527 Floril.
845 2459 921 2525 XCl.
947 2464 999 2525 tt.

317 2560 368 2646 ἄρ’
392 2563 437 2635 ἔτι
461 2572 549 2645 λῆρος
572 2566 680 2632 τιίντα
704 2568 777 2647 πρὸς
799 2566 835 2631 τί
857 2566 1000 2646 monlon

315 2668 409 2749 μίνσν
429 2670 494 2751 γαρ
517 2673 612 2736 αὐτοῦ
636 2670 787 2751 διαμένειν
810 2670 888 2736 είαί’
911 2672 964 2735 ciel

116 2744 120 2857 l
316 2777 354 2841 τί
375 2776 492 2857 χρῶμα
513 2775 631 2853 ταῦτί,
653 2783 712 2841 τῶν
735 2776 837 2860 φίλων
858 2776 890 2841 δὲ
913 2777 984 2848 τοὺς
1006 2778 1133 2857 τρίτους

116 2868 119 2927 l
314 2880 450 2947 οὐδέποθ’
474 2881 580 2959 ὁμοίως
604 2881 819 2966 ζωγραφοῦσιν
842 2884 875 2947 αί
898 2883 1008 2964 τύχαι.

116 2988 119 3057 ᾖ
172 2992 214 3045 tto
229 2984 371 3051 similitor
387 2985 522 3074 pinquat
544 2987 644 3063 dixit,
669 2985 755 3074 quod
786 2985 867 3052 nihil
897 2986 1077 3071 significat,
1101 2987 1157 3055 secl
1180 2992 1316 3070 similes,

116 3090 119 3185 l
170 3078 266 3165 ίιιιίινι.
301 3090 388 3157 Auro
410 3113 486 3158 snae
516 3092 600 3159 color
629 3101 764 3171 constat,
794 3091 917 3177 inquit,
940 3092 1109 3157 amicorum
1140 3116 1242 3162 atores
1262 3121 1321 3184 pro

116 3204 118 3249 ²
169 3182 269 3261 lueto
287 3196 479 3281 temporibus
492 3197 609 3263 diversi
627 3208 716 3273 sunt,
739 3195 795 3263 sed
816 3216 948 3264 servans
965 3195 1101 3280 liguram
1122 3199 1321 3284 ζωγραφιῦσι

169 3286 227 3366 lint
246 3300 369 3379 iocans,
391 3322 452 3367 ooo
474 3302 585 3369 iisdem
608 3304 760 3370 coloritus
776 3304 927 3391 pinquat,
952 3300 1007 3367 sed
1037 3300 1159 3371 iaciunt
1183 3317 1218 3372 ut
1242 3309 1321 3378 alias

168 3396 206 3467 tlii
221 3406 388 3475 rideantur
406 3426 486 3475 esse.
533 3408 721 3475 contrarius
744 3429 835 3476 error
857 3417 907 3475 est
938 3409 970 3472 in
1003 3408 1116 3496 Lysiae
1146 3422 1226 3479 orat.
1253 3414 1322 3485 llll.

167 3504 248 3579 laet
269 3512 377 3592 ίμσίας
399 3514 459 3586 τὰς
482 3515 671 3595 κατηγορίας
700 3520 855 3581 τνινῦνται
879 3520 938 3579 τῶν
960 3538 997 3580 τε
1020 3516 1165 3583 είτίνταν
1195 3523 1321 3600 γνιίμνν

116 3622 118 3687 i
162 3612 263 3683 nto
289 3626 330 3700 τῇ
361 3618 461 3702 βαιῇ
492 3620 545 3686 καί
577 3626 637 3686 τῶν
665 3623 728 3696 μή,
758 3619 813 3686 uti
843 3621 1023 3707 requiritur
1051 3622 1158 3699 ὁμοίως
1190 3628 1320 3710 puriter.

160 3712 230 3801 luel
252 3721 338 3811 apud
359 3722 573 3810 Antiphaoem
598 3725 757 3811 sequitur:

318 3824 393 3894 ίταν
416 3831 547 3911 εὐτονῶν
570 3832 633 3911 γὰρ
656 3831 775 3914 αίσχρσὶ
800 3831 922 3913 andrea
944 3832 1142 3914 πράγματα,

318 3936 352 4001 τί
373 3939 478 4001 τοῦτον
501 3937 689 4017 ιίσνρνίσαντ’
712 3935 751 4002 ίιν
773 3940 827 4002 οὐκ
849 3936 902 4003 cler
926 3947 1039 4014 τνιεῑν;

143 4034 260 4107 &num
282 4038 347 4107 erit
368 4040 397 4105 oi
420 4042 613 4108 correxeris:
637 4039 674 4116 ὃς
697 4042 736 4108 ἂν
758 4046 906 4125 εὐπορῶν,
938 4053 972 4111 ut
998 4044 1087 4139 apud¹
1107 4046 1325 4133 Antiphancni

139 4140 223 4215 ltott.
248 4142 359 4213 Floril.
383 4143 520 4213 txtttx.
548 4152 577 4212 7.

318 4247 382 4325 lete
405 4250 469 4332 γὰρ
491 4252 643 4332 ίμίλνγίν
666 4277 696 4318 τι
719 4256 764 4330 μίν
788 4263 869 4321 ποιεί
889 4256 999 4334 τατνί,

319 4356 442 4429 τνίντννν
466 4356 504 4423 ίιν
528 4354 614 4431 οὗτος
638 4356 848 4442 κατεφρόνησε
872 4368 930 4425 τῶν
954 4363 1032 4427 θεῶν.
