2940 5010
699 261 764 323 458

146 462 226 518 μαι,
250 435 387 501 alterurn
408 434 440 498 in
465 432 554 501 Orat.
578 434 663 500 κατὰ
687 442 745 500 τῶν
773 440 908 516 σοφιτιῖν
932 437 1000 520 §ll
1033 430 1048 500 ί
1077 436 1110 502 δὲ
1131 435 1260 504 τιίντιιν
1280 462 1337 504 κα·

146 540 427 623 ταγελαςίτατυν,
457 537 503 605 ῖτι
538 542 627 626 [παρ’
660 537 698 605 ὦν
730 541 779 606 δεῖ
806 541 921 619 λαβεῖν
955 541 1085 628 αὐτοὺς]
1119 541 1242 617 τούτοις
1277 545 1336 623 μὲν

147 653 328 725 οὶτιςνῡσιν,
359 640 401 719 ele
429 645 578 724 μέλλουσι
609 647 664 721 τὴν
695 644 884 720 δικαιοσύνην
907 645 1118 728 παραδώσειν,
1142 644 1182 714 ele
1202 650 1231 715 δ’
1254 650 1339 716 οῦδε-

148 756 271 822 reivers
293 751 472 820 dilaberentur
496 751 669 830 γεγόνασι,
692 751 779 834 παρὰ
796 754 914 826 τούτοις
937 754 981 820 τὰ
998 754 1087 836 ταρὰ
1108 760 1168 820 τοῖν
1186 756 1340 833 pedurio

146 864 420 940 αεσεγγυοῦνται,
458 856 511 923 ubi
535 857 678 943 primum
706 876 854 943 expungo
879 858 1023 944 ineptum
1058 856 1220 926 emblema
1248 859 1340 949 [παρ’

148 964 186 1032 ὧν
210 969 257 1034 δεῖ
278 965 392 1043 λαβεῖν
410 962 556 1050 edfrid,
580 960 665 1047 quod
686 980 799 1041 nemo,
823 961 938 1041 credo,
960 962 1146 1030 admonitus
1167 966 1339 1035 retinebit.

150 1071 310 1138 Abhorret
345 1069 398 1134 ille
422 1087 548 1155 pannus
573 1065 703 1132 aliunde
722 1076 853 1134 assutus
881 1077 913 1135 et
935 1067 976 1135 ab
1005 1068 1159 1135 lsoeratis
1187 1071 1342 1159 ingenio,

148 1177 203 1262 qui
224 1173 304 1240 illud
325 1175 431 1259 ipsum
452 1171 630 1259 perurbane
653 1172 849 1256 significarit
873 1175 978 1261 magis
997 1193 1106 1263 quam,
1120 1173 1228 1256 dixit,
1249 1186 1286 1245 et
1301 1178 1341 1244 alr

148 1280 388 1367 elegantissima
418 1278 478 1344 loci
508 1277 759 1363 compositione:
798 1277 913 1346 deinde
944 1279 1071 1364 corrige
1102 1280 1192 1364 ταρὰ
1219 1282 1340 1359 τείσας

148 1389 187 1453 δέ
207 1387 251 1451 τοὶ
274 1385 361 1466 ταρῖι
384 1390 442 1449 τῶν
464 1385 607 1461 μαθητῶν
629 1389 904 1463 αεσεγγυοῦνται·
929 1391 1117 1451 constanter
1137 1386 1230 1454 enlm
1254 1388 1338 1456 vitle-

149 1492 198 1558 bis
220 1492 252 1556 in
279 1488 418 1567 talibus,
442 1486 495 1552 ubi
519 1507 694 1574 pronomen
711 1487 882 1556 relativum
896 1487 1060 1577 praecedit
1082 1498 1115 1555 et
1136 1488 1337 1560 demonstra·

150 1598 252 1663 tivum
277 1594 446 1681 sequitur,
472 1591 616 1658 voculam
641 1594 672 1659 δέ
694 1592 827 1661 relativo
848 1596 1026 1682 appositam
1047 1593 1088 1661 ad
1109 1593 1338 1665 demonstrati·

149 1722 226 1768 vurn
251 1701 383 1778 iterari,
407 1696 678 1784 quemadmodum
703 1699 763 1765 loci
791 1720 890 1786 snpra
920 1700 1054 1767 indicati
1087 1701 1336 1781 monstrabunt,

149 1807 268 1894 quibus
300 1804 381 1871 adde
409 1824 449 1871 ex
480 1801 569 1871 Orat.
603 1804 674 1886 πρὸς
697 1805 909 1887 Καλλίμαχον
943 1810 1034 1894 ςῖὸ.
1067 1806 1128 1879 τὰς
1148 1808 1208 1885 μὲν
1232 1806 1333 1882 ἄλλος

148 1914 256 1987 τείσας
279 1910 466 1992 παραλείψω
489 1910 705 1991 λειτουργίας,
731 1905 765 1984 ἧς
788 1910 821 1976 δέ
844 1947 889 1960 -
910 1914 1029 1987 ταύτης
1052 1911 1085 1976 δὲ
1108 1913 1332 1995 μνησθήσομαι.

148 2018 209 2087 Sed
234 2039 252 2085 e
272 2014 465 2083 diverticulo
484 2015 518 2080 ln
537 2016 632 2081 viam.

192 2126 229 2191 ln
261 2123 350 2204 §ld
380 2121 477 2187 ἔπειτ’
508 2122 574 2187 ἐκεῖ
601 2126 879 2201 συγκαλοῦμεν
902 2124 973 2196 τοὺς
996 2120 1114 2197 ἄλλους
1136 2126 1331 2205 ςρατιοῖτιιι.

146 2230 224 2319 quid
254 2231 414 2296 miramur
444 2225 617 2294 Graeculos
648 2226 679 2290 in
711 2224 897 2292 huiusmodi
927 2225 1040 2293 lormis
1068 2246 1203 2309 errare,
1235 2249 1332 2317 quum

147 2339 216 2424 ipse
241 2334 423 2420 Stephanus
446 2331 534 2397 aliud
556 2350 654 2417 egens
689 2332 929 2411 συγκαλὲσομεν
961 2332 1165 2420 Xenophonti
1188 2334 1335 2402 obtrude-

146 2442 212 2508 bat.
249 2439 380 2506 Veteres
407 2435 494 2502 nulla
515 2435 578 2502 alia
603 2434 705 2502 luturi
724 2436 826 2503 forma
848 2445 988 2504 utuntur
1007 2458 1105 2525 quam
1127 2448 1236 2518 καλοῖ,
1258 2464 1334 2520 συγ·

148 2553 259 2624 καλῶ,
291 2546 438 2624 ἐγκαλῶ,
470 2541 670 2626 caeterisque
694 2542 902 2629 compositis,
927 2550 959 2608 et
988 2542 1184 2631 ubicumque
1212 2547 1342 2614 καλέσαν

149 2652 268 2738 legitur·
285 2659 342 2716 aut
362 2646 557 2715 coniunctivi
579 2647 720 2713 aoristus
741 2656 791 2714 est
816 2639 867 2732 (ut
887 2647 972 2734 apud
991 2647 1180 2736 Sophoclem
1202 2650 1370 2719 Philoct-

155 2761 250 2823 1452.

422 2856 496 2939 Φέρε
520 2858 555 2932 δὴ
578 2858 694 2940 ςείχινν
717 2859 821 2940 χώραν
845 2861 991 2938 καλέσω,

151 2967 236 3056 quod
259 2967 383 3033 dictum
407 2972 474 3041 est,
499 2970 536 3029 ut
556 2963 626 3045 φέρ’
649 2963 722 3042 lto,
743 2965 814 3045 φέρ’
838 2963 937 3039 είιια,
967 2975 1001 3033 et
1031 2967 1137 3055 sim),
1170 2977 1230 3034 aut
1258 2967 1382 3035 seri-

149 3075 263 3141 harum
286 3068 439 3138 mendum
462 3076 519 3134 aut
542 3068 715 3136 sciolorum
748 3069 984 3151 σαραδιίρίοοιν
1007 3080 1166 3139 tenemus
1214 3072 1382 3141 uatem

149 3189 198 3248 est
222 3180 303 3246 ratio
327 3179 359 3242 in
383 3172 611 3253 ἑσικαλίσομαι
637 3173 735 3263 (quod
765 3174 868 3241 sicubi
892 3177 1037 3243 occurrit
1058 3178 1091 3243 in
1119 3178 1382 3261 ίτικαλοῖηιυ

148 3282 385 3354 emendantium
405 3281 466 3368 est)
491 3288 524 3347 et
547 3282 686 3358 τελέου,
709 3281 878 3347 διατελέειν
899 3291 932 3348 et
952 3282 1026 3347 sim.
1072 3283 1120 3349 lle
1138 3302 1176 3350 ea
1199 3304 1236 3351 re
1260 3302 1382 3351 non‘

148 3408 326 3477 numquam
350 3387 491 3453 brevitor
511 3386 748 3453 admonuimus.
795 3386 889 3453 Nunc
908 3386 1054 3473 exempla
1073 3386 1233 3474 quaedam
1256 3404 1364 3457 nora

148 3512 355 3584 apponemus.
411 3491 479 3559 Non
516 3492 745 3559 intellexerunt
780 3491 929 3559 Graeculi
967 3492 1116 3561 futurum
1151 3514 1223 3563 esse
1253 3486 1359 3583 aput!

149 3597 312 3669 Demoslh.
334 3597 373 3664 V.
397 3601 427 3663 8.
460 3597 552 3662 δεινὸν
577 3596 605 3663 sl
631 3620 679 3669 τις
711 3598 878 3673 ἐγκαλεῖ
898 3605 962 3673 τοῖς
993 3601 1106 3666 ἐκεῖίεν
1140 3599 1246 3668 ἐνθάδε
1278 3600 1347 3673 τὶς

149 3706 292 3787 εὐπορίας
322 3702 474 3781 ἄγουσιν,
502 3704 611 3789 itaque
639 3701 782 3788 elapsum
808 3712 867 3768 est.
915 3703 1048 3770 Patebat
1075 3706 1228 3773 omnihus
1249 3704 1341 3773 lutu-

149 3832 223 3879 rum
256 3808 379 3896 requiri
412 3809 445 3873 in
481 3806 567 3876 Orat.
591 3806 674 3872 Vlll.
704 3811 753 3873 lt.
791 3809 900 3895 itaque
925 3810 958 3874 in
982 3808 1075 3877 libris
1097 3820 1149 3877 est
1180 3812 1235 3879 καί
1267 3812 1337 3879 ate

150 3914 462 4000 παρακαλέσειν
498 3915 581 3993 ὑμεῖς
614 3912 829 3993 cirsocelen
852 3916 959 3988 αὑτοῖς
993 3914 1154 3993 ἀξιώσειν,
1188 3916 1244 3985 ulti
1269 3918 1336 3984 sine

150 4042 239 4090 mora
273 4028 470 4102 ταρακαλεῖν
502 4027 549 4084 est
582 4017 837 4085 rescribendum.
896 4020 1027 4089 Patebat
1061 4022 1093 4088 in
1128 4019 1217 4090 Orat.
1239 4021 1337 4091 llllll.

151 4135 203 4195 19.
229 4128 338 4214 itaque
360 4126 474 4192 vitiose
497 4123 605 4191 editur
627 4125 722 4199 οὐδεὶς
748 4127 820 4205 ὑμῖν
849 4127 1077 4205 ἐγκαλέσει
1102 4164 1149 4179 -
1169 4128 1264 4194 ἀλλὰ
1286 4130 1338 4195 καί

73 4269 75 4273 -
149 4236 242 4318 χάριν
263 4230 396 4309 ἕξουσιν,
421 4240 456 4298 tu
481 4232 616 4310 ἐγκαλεῖ
639 4230 782 4297 restitue.
831 4232 951 4300 Eadem
986 4233 1147 4302 medicina
1179 4233 1339 4302 utendum

150 4342 182 4407 in
207 4339 295 4407 Orat.
318 4336 400 4404 xlx.
429 4341 501 4403 155.
537 4337 588 4403 καί
622 4337 668 4409 τίς
698 4341 729 4404 οὐ
765 4339 888 4412 δικαίως
923 4342 995 4419 ὑμῖν
1026 4339 1256 4420 ἐγκαλέσει
1282 4349 1341 4408 τῶν
