2940 5010
138 444 319 513 assuetos
347 464 406 532 per
439 445 671 512 Graeculorum
705 447 894 512 temerarias
922 465 1038 514 arianus
1063 449 1103 514 ad
1129 470 1187 517 nos
1217 472 1329 540 propa.

138 558 305 639 gaiorum.
352 550 473 637 Nempe
497 552 529 616 in
552 550 712 638 plerisque
731 551 880 617 onrrribus
905 551 995 618 libris
1016 556 1178 623 ἐπακούειν
1199 566 1230 625 ει
1251 562 1331 626 ύπα·

136 657 238 725 κούειν
269 657 508 743 ineptissimum
536 658 567 722 in
601 658 730 723 inoduur
761 659 1000 744 permiscentur
1023 681 1218 749 quamquam
1252 665 1330 731 hacc

135 762 236 831 verba
257 772 291 830 et
312 763 559 849 significationis
577 771 610 829 et
629 764 881 830 constructionis
904 774 992 831 certo
1016 770 1241 855 constantique
1265 770 1329 837 dis·

135 870 277 937 arimino
309 868 447 937 diremta
475 878 562 935 sunt.
620 871 805 937 Ἐπακούειν
835 870 916 944 τινύς
955 870 1078 938 dicitur
1108 874 1136 938 is
1159 876 1227 960 ¹.qui
1258 875 1329 942 dili·

135 984 253 1063 gonter
272 983 305 1042 et
328 983 450 1043 attente
474 974 597 1061 aliquid
613 972 815 1042 'etlubcnter
835 975 942 1053 audit,
965 979 1066 1043 etsie
1089 978 1140 1044 hii
1162 980 1218 1066 qui
1243 1001 1328 1047 mor·

136 1080 252 1149 talium
278 1079 429 1169 precibus
451 1081 604 1169 praebent
627 1101 739 1148 aurern
765 1080 920 1148 dicuntur
948 1090 1006 1150 τῶν
1028 1087 1130 1167 εύχοῖνν
1152 1086 1325 1153 ἐπακούειν.

133 1186 254 1255 Contra
282 1187 448 1254 ὑπακούειν
475 1189 536 1254 τινι
565 1187 593 1251 is
623 1185 765 1266 dicitur,
799 1189 853 1273 qui
887 1187 1096 1255 advocantis
1132 1211 1240 1258 vocem
1274 1212 1326 1259 re·

131 1293 271 1381 εριιιιύει
282 1292 562 1380 obtemperamus,
587 1302 622 1359 ιιι
644 1294 763 1358 ianitor
783 1292 905 1359 dieitur
926 1297 969 1377 τῷ
993 1296 1126 1378 κύψαντι
1150 1300 1206 1373 τήν
1230 1298 1321 1380 ιύραν

133 1398 311 1466 ὑπακούειν.
357 1399 399 1465 Et
422 1397 472 1464 vel
496 1400 544 1464 sic
571 1408 677 1465 tannen
703 1398 781 1465 haec
810 1400 928 1485 passim
959 1399 1205 1468 confunduntur
1228 1411 1260 1470 et
1289 1405 1321 1469 in

130 1502 305 1571 (lodicibus
323 1513 356 1571 et
380 1506 413 1569 in
437 1504 701 1571 errrendatissirua
730 1525 858 1591 quaque
882 1506 1033 1572 editione.
1081 1508 1189 1594 Turpe
1216 1518 1266 1575 cst
1289 1510 1324 1574 in

130 1608 295 1679 Herodoto
324 1611 530 1698 aequissimis
565 1611 686 1677 anisnis
719 1610 830 1677 tulisse
861 1633 973 1679 ornnes
996 1612 1143 1680 Erlitores
1167 1614 1221 1679 iv.
1248 1621 1323 1681 141.

128 1720 240 1785 τοῦτον
260 1720 314 1784 τιν
336 1716 432 1798 ἄνδρα
458 1716 582 1782 ἐκέλευε
606 1727 734 1799 Δαρεῖος
760 1718 883 1784 καλέειν
915 1726 1046 1788 ‘Istcine
1071 1758 1116 1770 —
1139 1724 1262 1793 Ἱςιαῒος
1290 1722 1322 1787 δὲ

128 1823 370 1897 ὑπακούσας
405 1824 447 1905 τῷ
471 1825 578 1906 τούτῳ
609 1824 803 1901 κελεύσματι
827 1826 893 1889 κτὲ.
919 1825 1096 1911 namquid
1127 1827 1249 1892 certius
1273 1838 1322 1893 est

128 1946 228 2017 quarn
261 1931 443 2003 ὑπακούσας
472 1928 512 1994 ab
546 1928 704 1996 Herodoto
737 1930 895 2015 scriptum
930 1930 1022 1995 csse?
1071 1930 1160 1996 Satin
1194 1940 1320 1999 certum

127 2042 179 2103 ast
202 2036 366 2103 ἐπακούειν
390 2056 463 2101 curri
488 2034 597 2101 dativo
628 2035 716 2101 ιιιιΙΙο
745 2045 837 2122 pacto
862 2055 1015 2121 uniquam
1037 2036 1128 2121 iungi
1153 2038 1319 2123 potuisse?

132 2166 139 2173 ·
173 2140 259 2209 ilino
283 2140 319 2207 lit
342 2150 377 2207 ul
408 2140 596 2226 saepissime
627 2149 735 2207 aorasia
762 2150 793 2207 et
823 2142 986 2207 docuerim
1011 2139 1070 2205 sihi
1103 2142 1187 2207 iuter
1211 2162 1246 2207 se
1269 2162 1321 2208 re-

126 2244 307 2333 spondeant
330 2256 361 2313 ει
385 2247 573 2327 καλούμενος
597 2249 764 2322 ὑπήκουσεν
797 2255 829 2312 et
862 2246 934 2311 situ.
966 2245 1126 2331 legantur.
1176 2247 1319 2313 Eruenda

125 2350 230 2439 igilur
252 2352 356 2419 obiter
388 2352 598 2419 Plutarchum
623 2355 690 2434 περὶ
716 2362 771 2428 τῆς
804 2350 1008 2433 Ἀλεξάνδρου
1038 2350 1141 2433 τύχης
1165 2356 1182 2430 ή
1205 2355 1317 2433 αρετῆς

125 2476 157 2545 p.
176 2462 244 2525 558
267 2458 302 2525 B.
338 2467 466 2533 Κλεῖτος
487 2496 531 2511 -
555 2461 704 2524 Ποσειδῶν
726 2459 910 2538 οὶννγορεὺύν
935 2494 998 2520 --.
1022 2459 1196 2539 Δημήτριος
1216 2460 1247 2524 δὲ
1271 2494 1317 2509 -

124 2564 328 2645 καταιβάτης
353 2567 541 2644 καλούμενος
576 2567 769 2641 ε’πήκουε,
794 2565 860 2629 iulo
884 2583 959 2628 tero
982 2564 1125 2639 ὑπήκουε.
1173 2561 1316 2630 Cuulerri

122 2678 271 2739 ιιιετεῑιιι
295 2670 460 2737 Plutarchi
495 2670 584 2736 loeus
614 2672 652 2736 de
674 2672 797 2759 defectu
835 2668 1038 2734 Oroculorum
1064 2688 1094 2754 p.
1115 2672 1180 2734 419
1205 2669 1238 2734 u.
1271 2670 1317 2745 aa·

122 2778 180 2857 uto
203 2774 256 2843 οὑν
279 2779 432 2853 κληθέντα
456 2785 629 2853 οινοπήοαι,
665 2782 700 2843 τὸ
732 2779 763 2843 δὲ
798 2777 896 2857 τούτου
930 2776 1161 2840 ὑπακοῦσαι
1193 2777 1235 2855 τῷ
1259 2799 1314 2839 κα·

122 2888 236 2951 utne
284 2884 323 2949 lu
347 2883 491 2949 eiusdem
527 2884 591 2945 t'ltn
617 2882 752 2947 Sertorii
788 2902 857 2966 cap.
880 2879 934 2945 Xl.
960 2877 1165 2958 ποιησάμενος
1189 2879 1313 2945 τιύαοὸν

122 2984 197 3055 οὑτοι
222 2989 275 3055 καὶ
299 2988 514 3072 Φιλούνύοοντον
546 2988 755 3076 (christophe)
790 2985 848 3055 ctas
881 2986 933 3050 uxi
962 2988 1129 3057 καλοῦντος
1160 2987 1312 3052 ύκοὺειν

122 3094 302 3181 requiritur
333 3095 496 3161 ὑπακούειν
521 3105 552 3160 et
583 3101 749 3167 καλοῦντος
783 3092 927 3159 ahsolute
960 3099 1008 3155 est
1043 3090 1183 3175 positum
1215 3113 1312 3177 qtturn

122 3208 252 3265 νοουνει.
277 3198 485 3285 donaparasse
500 3199 717 3265 iuvabitdnos
742 3198 821 3264 alios
835 3196 997 3263 Plutarchi
1024 3196 1109 3261 locos
1132 3216 1149 3261 ε
1173 3194 1254 3261 lihro
1273 3197 1311 3262 de

122 3304 259 3371 nllcrtio
282 3305 468 3371 animalium
492 3328 521 3391 p.
536 3310 602 3373 976
627 3307 663 3371 ι1.
691 3305 743 3369 uhi
769 3304 869 3370 refert
894 3302 1006 3368 irruitis
1030 3300 1109 3367 locis
1130 3322 1200 3368 csse
1217 3303 1308 3384 ύχύύς

122 3410 332 3486 ὑπακούοντας
367 3420 430 3483 τοῖς
465 3416 567 3478 αὐτῶν
609 3412 777 3489 ύνύμαοιν,
816 3419 850 3475 ιιι
885 3410 992 3475 Crassi
1030 3426 1241 3485 ruuracnani,
1277 3418 1310 3475 et

122 3534 148 3603 p.
169 3518 238 3583 969
260 3517 296 3584 ll.
321 3518 389 3583 ἐπεὶ
412 3518 519 3595 μηδεὶς
546 3520 730 3583 ὑλακτοῦντι
760 3524 818 3583 τῶν
842 3515 988 3596 νεωκόρον
1013 3518 1184 3592 ὑπήκουσεν
1208 3517 1306 3596 αύτῷ.

161 3620 272 3709 Turpe
302 3631 366 3701 est,
399 3632 436 3688 ιιι
466 3621 576 3689 redeat
603 3622 686 3689 rrnde
720 3622 862 3707 digressa
892 3629 940 3686 est
964 3622 1088 3698 oratio,
1121 3621 1153 3684 in
1187 3620 1308 3685 Aristo-

122 3726 233 3815 phanis
254 3727 400 3794 Nuhibns
424 3749 469 3793 vs.
484 3732 548 3794 ⁶265
575 3728 704 3794 tolerari
725 3730 920 3813 scripturam
945 3726 997 3792 uxi
1018 3735 1073 3801 τῆς
1093 3729 1191 3806 εύχής
1216 3727 1305 3791 ὑπα-

122 3832 268 3910 ιούειν,
301 3835 492 3921 praesertim
521 3855 621 3920 quarn
656 3834 816 3899 ἐπακούειν
847 3834 878 3896 in
912 3832 1100 3898 nieliorihus
1130 3830 1221 3896 lihris
1255 3830 1305 3896 di·

122 3945 202 4007 orte
224 3938 362 4025 legatur.
410 3940 478 4006 Non
512 3942 620 4005 nrinus
651 3942 756 4025 turpis
780 3958 871 4005 error
904 3938 1093 4003 inveteravit
1117 3936 1150 4000 in
1174 3934 1306 4001 Aeschi-

122 4044 165 4111 tifl
188 4043 413 4131 Clesiphontea
449 4046 556 4135 §aliz
592 4053 650 4112 τῶν
686 4048 843 4122 Ἑλλήνων
877 4040 956 4116 ὅσοις
990 4043 1137 4120 ἐπιμελὲς
1172 4043 1302 4122 γέγονεν

122 4151 338 4219 ὑπακούειν
370 4154 464 4229 τῆσδε
490 4162 546 4228 τῆς
571 4153 694 4233 κρίσεως
728 4171 786 4237 pro
809 4150 990 4215 successario
1022 4146 1195 4212 ἐπακούειν.
1242 4146 1302 4214 Ne·

122 4276 176 4345 pue
197 4256 265 4323 ulla
284 4267 333 4323 est
352 4257 386 4322 in
408 4256 551 4323 Platonis
575 4258 691 4341 Gorgia
716 4277 745 4343 p.
766 4260 829 4322 487
854 4255 887 4320 C.
921 4254 1098 4331 dubitatio,
1123 4253 1201 4338 quin
1226 4273 1302 4319 uera

122 4363 206 4431 aetio
238 4362 300 4429 sii:
337 4364 390 4429 καί
426 4366 490 4429 τού
525 4365 607 4441 ὑμῶν
638 4365 699 4441 ἐγὼ
735 4364 942 4435 ἐπήκουσα
978 4360 1208 4441 βουλευομένων
1245 4380 1301 4445 pro

1095 4474 1120 4511 ³8
