2940 5010
717 288 779 348 teti

150 461 341 549 compositis
366 462 405 526 iis
430 470 499 528 erat
522 462 554 525 in
580 481 651 526 usu.
699 460 778 527 Nota
807 460 839 523 iu
864 458 979 542 vulgus
1004 479 1054 526 res
1077 467 1125 524 est
1149 470 1180 527 ct
1204 474 1336 531 attitula-

151 566 263 633 rimus
283 576 318 633 et
341 567 403 654 ipsi
427 567 461 632 in
493 568 599 653 priore
623 575 724 652 parte.
773 564 875 646 Qunam
907 566 1011 629 silea
1045 573 1133 631 certa
1164 565 1213 633 lex
1247 567 1339 637 lacile

151 680 206 739 est
227 672 406 759 unicuique
428 670 468 737 ad
492 671 749 758 cognoscendum
775 678 808 737 et
831 668 1060 755 explorandum
1091 670 1122 735 io
1148 671 1244 738 verbo
1278 696 1340 741 uuo

151 778 300 845 omnium
325 775 595 865 frequentissimo.
643 775 733 859 Quod
757 775 911 841 debuerat
943 772 1116 861 Xenophon
1145 776 1251 847 dicore
1279 806 1340 847 τα·

151 882 294 965 ριίντιιε,
324 882 449 949 videbis
471 883 512 949 ah
535 903 571 949 eo
595 881 670 947 alihi
695 900 823 967 semper
859 887 945 946 recte
977 881 1051 966 poni
1087 880 1205 961 solere,
1242 885 1340 952 veluti

151 988 212 1055 lll.
235 1010 269 1055 ιι.
295 993 337 1055 '55
362 997 394 1055 et
414 988 467 1054 lV.
492 1010 525 1055 u.
553 993 604 1054 15.
638 996 671 1055 et
693 987 780 1053 alibi.
828 985 969 1071 Insignis
994 986 1026 1049 iu
1049 984 1132 1052 haue
1157 1007 1226 1055 rem
1252 989 1340 1058 locius

151 1102 206 1163 esi
235 1094 290 1161 IV.
323 1115 375 1161 vri.
408 1098 459 1159 12.
491 1093 746 1175 παρέρχεται
784 1090 917 1165 τοίνταρ.
951 1091 965 1155 o‘
997 1091 1029 1155 δὲ
1057 1094 1269 1179 Καλλίμαχος
1300 1101 1339 1173 ὡς

151 1202 232 1283 teia
253 1200 348 1269 αὐτὸν
373 1200 577 1281 παριόντα.
625 1196 890 1283 Quandoquidem
920 1194 1163 1282 Xenophontem
1187 1202 1285 1269 semel
1307 1204 1339 1269 in

151 1326 192 1375 ea
225 1324 263 1373 re
295 1303 420 1393 lapsum
454 1324 524 1371 esse
556 1312 682 1370 constat
703 1302 876 1387 diligenter
899 1299 1072 1367 videndum
1097 1304 1174 1388 quid
1198 1315 1341 1375 statuen-

151 1410 234 1479 dum
256 1411 301 1477 sit
322 1409 362 1478 de
390 1408 516 1477 dunhus
547 1409 619 1474 aliis
650 1409 728 1474 locis
752 1406 805 1472 lV.
833 1410 864 1471 e.
892 1410 945 1471 11.
976 1405 1030 1471 uhi
1054 1416 1194 1494 quatuor
1226 1414 1339 1499 optimi

150 1516 230 1585 libri
249 1516 288 1583 Η.
312 1516 406 1583 Εῑιλιι.
427 1516 464 1582 Ι).
484 1515 520 1581 F.
544 1514 696 1580 exhibent
716 1515 815 1592 οἱμὲν
834 1513 1006 1595 ταχθέντες
1030 1514 1260 1597 ατίρχοντο
1284 1540 1341 1606 pro

149 1622 294 1705 ᾤχοντο,
315 1627 349 1687 et
372 1619 397 1685 Ι.
422 1640 488 1685 ιιιι.
515 1626 566 1685 17.
602 1619 654 1685 uhi
680 1621 712 1685 in
737 1618 831 1684 Eton.
856 1626 887 1684 et
913 1618 948 1682 ll.
969 1617 1005 1683 T.
1027 1619 1191 1705 'scriptum
1215 1634 1264 1689 est
1287 1629 1339 1694 καὶ

149 1728 340 1811 προιίρχοντο
373 1726 470 1791 οἱντίοι
502 1726 600 1803 ἱέναι,
638 1727 668 1790 in
694 1725 815 1810 optimo
849 1722 1003 1788 Vaticano
1034 1723 1071 1789 ll.
1107 1726 1159 1792 καὶ
1192 1740 1341 1814 τροῆρχον

149 1832 251 1901 οὶοτίοι
279 1830 377 1908 licei,
411 1830 465 1897 sed
490 1850 583 1897 nemo
612 1830 668 1896 diu
700 1829 842 1913 anihiget
866 1828 943 1914 quin
981 1829 1042 1894 ista
1079 1832 1230 1900 mendosa
1253 1838 1341 1918 sint,

150 1955 257 2025 quum
280 1955 321 2003 uc
343 1936 435 2003 lones
456 1935 586 2023 quidem
611 1954 766 2023 umquam
786 1932 926 2016 ἠρχόμην
950 1953 1007 2020 pro
1036 1936 1089 2011 ιΐιά
1118 1936 1237 2007 dixisse
1261 1947 1341 2011 satis

150 2050 290 2109 constet.
337 2041 508 2129 Sequinres
540 2041 669 2107 demum
700 2040 848 2107 Graeculi
880 2037 1024 2105 lallaoem
1049 2040 1227 2128 analogiam
1253 2059 1341 2117 certo

150 2156 300 2215 veterum
326 2148 400 2214 usui
432 2145 666 2214 substituentes
696 2145 836 2228 iixlpp
866 2162 925 2229 pro
951 2142 992 2226 ᾖα
1024 2146 1171 2215 scribunt
1202 2153 1339 2221 vitiosis.

150 2254 246 2321 sine.
292 2251 329 2318 ln
352 2250 458 2317 locum
485 2250 684 2341 Thucydidis
703 2250 755 2315 lV.
784 2254 858 2315 110.
891 2248 1029 2316 mirifica
1052 2254 1176 2321 ratione
1194 2260 1293 2325 tami
1329 2301 1339 2314 ·

149 2356 233 2425 dum
255 2356 372 2424 vilium
393 2357 533 2444 irrepsit.
582 2357 619 2423 ln
643 2356 734 2422 lihris
758 2362 823 2421 est:
848 2354 915 2435 ampl
940 2355 972 2420 δὲ
998 2356 1057 2431 τὰς
1082 2360 1197 2442 ἡμέροις
1217 2367 1339 2445 τούτοις

150 2458 205 2537 ah,-
224 2462 415 2545 ίοτιίρχοντο,
439 2470 472 2529 et
494 2461 642 2529 Scholion
667 2460 706 2527 ad
736 2462 906 2542 ἐτίρχοντο
934 2460 967 2525 iu
987 2460 1139 2531 Codicum
1167 2488 1223 2535 ora
1244 2492 1339 2561 appo-

150 2568 262 2637 nitur:
295 2568 340 2641 είς
367 2570 526 2646 ἀλλήλους
558 2568 706 2649 ἑκοίτεροι.
756 2565 885 2631 Scilicet
920 2564 1053 2633 dimidia
1087 2591 1163 2657 pars
1198 2576 1339 2648 insulsae

150 2672 436 2743 annotatiunculae
465 2671 572 2739 verbis
604 2671 804 2763 Thucydidis
842 2669 925 2736 male
962 2671 1108 2742 adhaesit
1140 2678 1273 2768 reliquis
1305 2687 1337 2753 in

149 2780 333 2867 marginem
357 2778 521 2866 ablegatis.
570 2777 775 2868 Thucydides
806 2774 884 2842 haec
909 2775 974 2842 sola
1005 2781 1177 2867 scripserat
1208 2792 1275 2871 περὶ
1306 2792 1337 2858 δὲ

147 2886 212 2961 τοὶς
234 2886 352 2969 ἡμέρας
375 2885 522 2960 ταύτας,
555 2884 728 2970 adscripsit
753 2888 891 2967 nugator
920 2880 1037 2968 aliquis
1064 2885 1337 2980 Constantinopoli

148 2990 305 3081 (quorum
335 2988 587 3057 homuncionum
620 2986 812 3076 quisquilias
846 2994 941 3072 turpe
968 2996 1016 3054 est
1047 2989 1086 3056 ad
1115 2993 1202 3062 huno
1236 3018 1338 3087 usque

145 3094 237 3165 diem
262 3094 445 3186 Thucydidi
469 3095 686 3182 agglutinari,
707 3112 808 3181 quum
831 3097 997 3158 contemtu
1018 3103 1052 3160 et
1075 3096 1231 3168 oblivione
1259 3106 1337 3173 istas

148 3202 290 3291 ineptias
310 3200 410 3270 deleri
431 3200 545 3267 luisset
566 3200 682 3289 sallus)
713 3195 763 3272 αίς
788 3199 958 3278 ἑτιίρχοντο
981 3200 1024 3273 τίς
1047 3204 1206 3281 ἀλλήλους
1229 3210 1336 3277 ἑκοίτε·

145 3330 213 3389 ροι,
243 3306 360 3375 doinde
388 3326 467 3373 casu
496 3305 617 3374 lactum
641 3304 799 3393 estquod
824 3302 991 3382 dicebam,
1021 3303 1071 3382 αίρ
1102 3310 1271 3395 εἰιιὶρχοιτο
1302 3319 1335 3384 in

147 3410 351 3503 Thucydidis
374 3413 552 3480 orationem
574 3414 721 3500 irrepsit,
745 3420 777 3478 et
800 3413 842 3483 είς
866 3412 1024 3488 ἀλλήλους
1046 3414 1184 3497 ἑκάτεροι
1209 3425 1335 3507 proin.

145 3526 242 3605 tegio
264 3516 393 3587 Scholio
416 3518 609 3586 habueruut.
659 3518 712 3585 Sic
736 3516 788 3583 illa
813 3534 921 3590 nunc,
945 3512 966 3580 ὦ
989 3524 1114 3586 Μοῦσαι
1135 3524 1253 3605 φίλαι,
1279 3550 1336 3617 pro

146 3621 369 3713 Thucydideis
390 3623 553 3705 leguntur.

192 3726 297 3795 11111.
329 3750 370 3794 ιν.
405 3734 458 3795 118.
490 3734 516 3797 ον’
550 3732 703 3814 βοίρβαροι
736 3732 837 3809 διῆγον
877 3730 937 3793 ἐπὶ
975 3730 1118 3811 σχεδίαις
1151 3737 1333 3821 διφθερίναις

142 3832 278 3917 ἄρτιοι,
301 3836 427 3916 τυροὺς,
452 3832 536 3902 οἶνοι.
584 3834 741 3923 Equidem
768 3833 960 3902 crediderim
987 3834 1138 3905 barharos
1166 3841 1197 3907 id
1222 3842 1334 3912 iecisse

141 3938 175 4005 ἐν
204 3939 368 4023 σχεδίαις,
402 3960 486 4028 quae
518 3951 612 4007 erant
641 3941 820 4022 δερμοίτιναι
852 3939 887 4017 ἐξ
916 3944 1039 4020 essee,
1074 3951 1110 4008 ut
1138 3965 1176 4009 cx
1205 3947 1333 4016 Arriani

143 4044 216 4133 (qui
241 4042 376 4133 dicitur)
410 4047 535 4134 Periplo
560 4047 776 4114 Soliueiderus
800 4046 918 4112 docuit.
966 4045 1029 4111 llus
1062 4050 1140 4114 satis
1164 4052 1333 4121 manifesta

141 4154 194 4217 au
217 4152 408 4238 praesertim
433 4153 473 4221 de
498 4155 582 4220 vino.
632 4155 798 4220 Praeterea
825 4149 975 4237 loquendi
1000 4172 1079 4218 usus
1114 4152 1195 4223 hauc
1225 4178 1332 4226 emen-

140 4252 306 4324 dationem
333 4257 552 4326 couhrmahit:
587 4262 637 4326 ἑοὶ
663 4262 793 4342 σχεδιῶν
826 4258 947 4324 dicitur
970 4265 1005 4321 ut
1036 4259 1244 4341 telonaico,
1279 4267 1332 4347 ἐφ’

139 4358 261 4441 ίττον,
285 4364 336 4431 lxi
362 4374 415 4433 τοῦ
440 4369 704 4449 καταεριίμοτις,
729 4366 789 4432 alia
816 4362 994 4453 pmmnlta,
1026 4365 1057 4430 in
1079 4365 1197 4453 quihus
1225 4371 1332 4439 nullns
