2940 5010
688 268 752 330 121

143 471 196 517 uu.
222 455 253 515 5.
287 442 545 529 προλέγομεν
577 442 649 519 ὑμῖν
680 441 843 507 ἀπιέναι
879 441 913 507 ἐκ
948 446 1002 514 τῆς
1032 440 1163 522 χώρας,
1196 446 1231 505 et
1260 446 1328 525 pust

143 574 247 643 pauca
280 555 372 641 513.
405 556 500 615 καλεῖ
532 547 645 619 αὐτοὺς
675 552 833 627 προερῶν
860 546 1025 613 οὶπιέναι
1056 546 1091 610 εἰο
1113 549 1171 618 ‘trie
1203 545 1328 627 χώρας,

142 669 176 729 et
198 659 222 724 Ι.
247 678 280 724 ιι.
306 662 336 723 7.
365 657 391 722 οἱ
413 655 445 720 δὲ
478 656 583 718 ταῦτα
615 659 800 733 προεῖπον
830 661 895 725 τοῖς
920 651 1116 735 ςραπιιθταις.
1165 646 1268 737 Saepe
1289 646 1329 715 le·

143 766 232 853 gitur
255 759 469 844 προαγορεύειν
491 758 550 824 riri
575 757 727 835 θαναπον,
751 757 910 838 πόλεμον.
935 757 1067 835 δεσμθν,
1091 752 1204 823 Mem
1234 772 1331 821 sensu

142 868 227 958 apud
259 864 507 936 Demosthenem
534 872 583 929 est
613 884 644 950 p.
666 868 750 940 719,
776 868 830 930 nc.
854 866 881 930 oi
913 861 1132 943 ederedeseie
1163 860 1331 944 προλέγον·

145 1001 204 1041 οιν.
251 973 304 1041 Sic
325 971 447 1038 dicitur
470 976 612 1050 προεῖπεν
632 967 677 1035 ὅτι
697 971 736 1043 ὥς
762 970 921 1049 πολεμίοις
944 970 1120 1051 χρήσεται,
1143 964 1191 1033 ὅτι
1216 966 1333 1039 πάντες

144 1083 368 1150 ἀποθανοῦνται
390 1084 423 1143 et
447 1075 521 1140 sim.
547 1072 602 1139 sed
632 1094 725 1141 nemo
754 1094 906 1162 uunquam
936 1073 990 1139 itto
1012 1071 1106 1140 verbo
1129 1074 1254 1151 utitur,
1279 1070 1333 1139 nbi

146 1188 200 1253 cui
220 1184 398 1272 proemium
419 1186 477 1246 aut
505 1200 624 1245 coerces
650 1180 851 1266 proponitur.
898 1179 1000 1247 Credo
1020 1180 1192 1265 irrepsisse
1218 1175 1336 1245 emble·

149 1312 200 1357 rua
227 1310 266 1357 ex
291 1297 307 1369 ς
328 1292 382 1353 nt.
406 1284 545 1365 ἔγνωσαν
567 1286 593 1350 oi
615 1291 783 1366 πρατιῶπαι
808 1282 854 1352 ὅτι
881 1288 965 1359 κενὸς
995 1283 1136 1368 θφθβος
1162 1282 1210 1362 οἵη
1234 1282 1335 1349 miei

145 1395 294 1479 ἄρχοντες
326 1394 415 1475 σῷοι,
441 1399 528 1457 recte
553 1388 584 1455 id
615 1389 659 1456 iiii
687 1388 817 1476 quidem
842 1410 879 1456 ex
902 1392 971 1477 ipso
994 1391 1175 1473 κηρύγματι
1208 1386 1337 1474 collige·

147 1502 243 1568 bant:
276 1501 338 1573 “Oe
363 1498 402 1565 dm
422 1534 468 1545 -
489 1495 627 1577 μηνθοη,
651 1495 790 1577 λήψεται
818 1494 974 1562 τάλαντον
997 1495 1153 1577 ἀργυρίου.

194 1607 229 1674 lu
254 1606 294 1671 11.
318 1624 366 1669 ιιι.
401 1605 452 1667 16.
488 1600 657 1665 verissima
689 1600 784 1667 tectio
818 1599 993 1678 ἐξηναθνετο
1028 1621 1047 1667 a
1077 1601 1219 1667 Porsono
1252 1616 1338 1665 com·

148 1710 301 1779 ruendata
334 1705 442 1775 nescio
472 1704 630 1791 quomodo
653 1705 819 1792 repudiata
844 1715 894 1772 est
924 1707 958 1772 in
985 1706 1110 1774 verbis:
1144 1706 1214 1773 θδθ
1233 1700 1342 1789 Φοίνιξ

149 1817 214 1885 ὅθεν
236 1814 400 1897 ἐξαιρεθείη
432 1813 446 1877 o‘
477 1811 658 1894 ἐγκέφαλος
687 1808 755 1885 ὅλος
786 1810 972 1888 ἐξηναίνετο.
1021 1812 1119 1879 Recte
1156 1812 1341 1877 Puteanus:

153 1922 298 1988 »Turdus
320 1920 361 1985 sit
385 1925 501 2003 oportet
521 1917 575 2003 peti
596 1926 746 2003 quomam
773 1917 836 1983 uim
859 1918 953 1983 addat
980 1917 1168 2006 praepositio
1190 1938 1251 1983 noa
1273 1936 1341 1983 ιον·

151 2028 241 2093 tiet.’'
290 2025 324 2090 in
348 2022 441 2089 libris
465 2031 513 2088 est
543 2019 737 2102 ἐξηραθνετο,
768 2022 807 2089 de
832 2042 894 2109 qun
918 2030 950 2089 et
974 2024 1064 2110 ipse,
1095 2022 1195 2089 sicuti
1228 2022 1342 2089 eorm

153 2154 230 2209 uus,
256 2129 368 2197 dubito
392 2127 554 2215 »plocsone
573 2128 614 2193 sit
634 2150 675 2193 oo
698 2149 789 2194 ceree
810 2127 950 2195 iectionis
971 2127 1185 2217 deprecatio.”
1231 2126 1343 2193 Potest

152 2258 222 2306 esse
257 2235 385 2323 glossa,
420 2230 692 2320 quemadmodum
734 2230 787 2297 uui
820 2230 955 2300 affertur
997 2232 1235 2301 Heraclitenm:
1274 2232 1341 2307 Λθη

152 2344 245 2426 ψυχὴ
269 2338 438 2423 σοφωτάτη
463 2337 587 2404 scribae
609 2335 706 2402 dont:
730 2336 791 2411 αὕη
812 2335 886 2421 ξηρὴ
909 2341 1013 2422 ψυχή.
1060 2338 1122 2406 Sed
1145 2346 1344 2426 potestesse

152 2448 275 2516 librarii
299 2444 528 2520 hallucinatio,
552 2442 628 2527 quia
650 2453 677 2509 Τ
701 2448 734 2507 et
755 2452 777 2507 P
803 2450 869 2510 tarn
893 2443 1008 2511 crebro
1030 2443 1290 2512 contunduntur.

197 2552 279 2618 itate
302 2548 436 2617 Suidam
457 2548 559 2614 secuti
583 2546 730 2613 homines
760 2546 845 2615 docti
881 2550 997 2616 vitium
1023 2550 1215 2617 invexerunt
1243 2550 1279 2616 in
1304 2548 1342 2617 ΙΙ.

152 2678 198 2735 ιιι.
227 2660 277 2721 18.
310 2655 376 2721 ἐπεὶ
401 2656 486 2733 ὑμᾶς
519 2648 594 2719 εἶδον
623 2654 666 2725 εἷς
702 2654 807 2721 πολλοὶ
835 2655 949 2744 [κακοὶ]
979 2656 1032 2721 καὶ
1055 2657 1215 2739 ἀμήχανα
1245 2656 1344 2737 ipss·

155 2761 341 2837 ττοικθταη,
366 2759 420 2825 nbi
441 2757 527 2824 κακνθ
552 2759 730 2824 resecueris
754 2758 843 2825 iocus
866 2762 1059 2827 sanissimus
1078 2762 1150 2829 erit.

200 2865 440 2952 dindimagistro
463 2872 496 2930 et
517 2862 687 2948 discipulis
709 2862 807 2950 digna
831 2864 1096 2933 adnotatiuncula
1121 2886 1161 2932 ex
1183 2885 1241 2932 ora
1270 2864 1345 2934 libri

158 2972 334 3040 insinuavit
359 2991 428 3038 sese
461 2971 493 3035 in
517 2970 558 3035 11.
583 2989 628 3034 ιιι.
656 2975 706 3035 19.
739 2969 890 3051 συνέμιξα
918 2972 1053 3052 βασιλεῖ
1073 2973 1104 3037 ἑν
1133 2974 1176 3055 τῷ
1208 2973 1347 3055 ὑμετθρη

157 3079 334 3161 ςραποπέδῳ
368 3075 453 3165 [ἔνθα
475 3076 629 3156 βασιλεὺς
652 3077 787 3158 aspicere
810 3076 879 3142 ἐπεὶ
908 3083 1001 3159 Κῦρον
1022 3076 1239 3165 οὶπέιιπεινεν],
1264 3098 1347 3167 quac

159 3204 253 3251 nemo
283 3181 378 3253 facile
409 3180 622 3249 desiderasset
651 3200 781 3259 eorum,
817 3181 873 3268 qui
905 3190 974 3248 tum
1007 3182 1258 3271 Tissaphernem
1293 3202 1349 3251 an·

159 3290 312 3366 diebant,
344 3296 401 3354 aut
431 3306 516 3353 nunc
548 3284 744 3353 desiderabit
774 3288 946 3372 quisquam
980 3289 1034 3375 qui
1071 3287 1186 3375 legerit
1219 3286 1299 3355 iibri
1324 3288 1349 3355 Ι.

157 3415 227 3481 cap.
248 3414 278 3459 ιι.

202 3497 371 3565 intercidit
394 3500 503 3565 nescio
526 3499 684 3585 quomodo
705 3498 895 3566 vocabulum
918 3497 958 3565 ad
981 3519 1110 3567 sensum
1134 3518 1272 3587 prorsus
1293 3518 1349 3567 ne·

156 3605 334 3670 cessarium
358 3603 397 3670 ll.
423 3624 463 3670 tv,
489 3610 519 3670 5.
553 3606 615 3685 ἐγὼ
638 3606 825 3685 ἐνθυμοῦμαι
849 3606 907 3685 μὲν
931 3605 1111 3673 καὶταῦτα
1128 3604 1254 3681 πάντα,
1280 3622 1349 3673 ottr-

157 3712 226 3797 rige
247 3710 299 3776 καὶ
326 3708 444 3799 (αὐτὸς)
476 3715 582 3776 ταῦτα
614 3710 744 3786 πάντα,
779 3709 1049 3796 quemadmodum
1079 3730 1191 3777 omnes
1223 3710 1260 3777 in
1292 3708 1350 3778 tali

154 3837 190 3884 re
213 3823 245 3883 et
265 3815 385 3883 Graece
404 3825 437 3881 et
461 3815 573 3883 Latine
597 3815 700 3882 solent
724 3815 841 3882 dicere.

200 3922 373 3988 immemor
396 3922 493 4007 patrii
518 3922 677 3987 sermonis
702 3921 876 4008 Xenophon
907 3920 968 3987 iuit
990 3940 1089 4008 quum
1123 3920 1282 3988 scriberet
1307 3920 1348 3989 ΙΙ.

156 4048 196 4095 ιν.
228 4032 281 4093 nu.
316 4026 368 4092 nai
401 4027 552 4104 ε’πιςιὶοας
585 4030 620 4093 τὸ
656 4029 767 4093 ἑαυτοῦ
800 4028 965 4108 ςροθτενμα
1008 4026 1349 4110 παρερχομένους

154 4135 222 4208 τοὺς
243 4134 404 4208 Ἕλληνας
428 4133 550 4212 ἐθεώρει.
599 4132 698 4199 Nemo
721 4135 807 4200 euim
834 4134 1014 4198 Atticorum
1040 4130 1169 4198 dicebat
1192 4134 1350 4219 παρερχθ·

67 4277 69 4280 -
153 4264 241 4319 μενος
263 4239 319 4306 scd
348 4239 463 4319 παριών
486 4258 618 4313 anitius,
651 4260 754 4327 neque
778 4238 922 4320 ἔρχεσθαι
957 4247 1014 4303 aut
1042 4237 1204 4321 ἠρχόμην,
1232 4238 1349 4324 ἔργον,

152 4346 299 4433 ἐρχοθμην
330 4351 387 4412 aut
421 4344 580 4426 ἔρχομαι,
616 4354 646 4412 ct
684 4345 763 4411 nihii
798 4355 926 4432 praeter
961 4344 1065 4431 ipsum
1101 4344 1235 4431 ἔρχομαι
1273 4364 1351 4415 cum
