2940 5010
725 319 791 381 679

159 489 305 580 pbistam
335 487 439 555 adorti
475 499 559 557 sum.
615 487 881 557 Commemoravit
912 487 1094 578 Polycrates
1126 492 1250 557 moenia
1286 490 1343 558 Ur·

159 594 213 663 bis
243 617 261 664 a
289 596 417 663 Conone
440 596 590 661 restituta
623 614 707 661 anno
727 599 802 661 595.
836 613 854 660 a
878 592 951 659 Chr.
984 595 1078 661 annis
1100 616 1156 662 sex
1189 605 1259 682 post
1288 596 1343 662 So·

158 702 263 769 cratis
293 710 451 778 mortem,
483 703 538 787 qui
576 720 659 767 anno
683 704 759 766 599.
794 699 964 766 damnatus
999 708 1058 766 est.
1116 700 1251 768 Videtur
1287 702 1341 769 So·

156 805 267 893 phista
290 806 427 873 Cononis
458 805 568 872 londos
599 806 706 890 aliquo
726 814 829 890 pacto
860 805 996 870 orationi
1024 807 1216 885 inseruisse,
1249 815 1282 873 et
1305 807 1342 872 il·

157 910 225 979 lius
256 912 289 976 in
318 931 417 993 remp.
452 912 565 976 merita
598 911 715 976 Critiae
738 918 770 975 et
806 909 980 975 Alcibiadis
1011 911 1140 978 iniuriis
1173 913 1206 977 in
1239 932 1340 999 remp.

157 1017 354 1105 opposuisse.
402 1015 519 1081 Critias
540 1015 630 1082 urbis
654 1016 855 1081 munimenta
879 1015 1006 1092 deiecit,
1031 1025 1221 1103 perpetuum
1242 1017 1274 1082 id
1297 1019 1338 1083 is·

155 1120 225 1187 ilus
247 1129 281 1188 et
309 1128 368 1187 τῶν
390 1121 555 1203 τριάκοντα
579 1120 664 1208 apud
691 1119 840 1187 Oratores
870 1120 993 1185 Atticos
1024 1120 1252 1207 opprobrium,
1284 1125 1339 1187 Co·

155 1244 221 1293 non
244 1227 389 1292 restituit.
434 1226 471 1292 ln
497 1225 640 1292 eiusdem
666 1225 805 1291 invidiae
828 1225 1012 1290 societatem
1038 1226 1231 1294 Alcibiadem
1262 1248 1338 1313 quo-

155 1348 221 1419 que
243 1331 422 1398 trahebant.
470 1332 582 1421 Lysias
604 1333 637 1396 in
663 1329 750 1397 Orat.
772 1330 853 1395 XIV.
879 1334 933 1396 59.
967 1328 1142 1396 Alcibiadis
1167 1331 1267 1398 lilium
1292 1332 1340 1398 sic

152 1434 356 1513 'insectuluu
388 1438 417 1502 el
438 1463 486 1511 τις
510 1440 592 1517 ὑμῶν
616 1437 721 1514 brebe
753 1436 920 1509 τεθνεῶτας
944 1437 975 1501 ἐν
997 1445 1036 1519 τῇ
1066 1438 1233 1521 ναυμαχία
1257 1438 1342 1505 ἐλεεῖ

155 1540 175 1619 ᾖ
199 1541 274 1623 ὑπὲρ
294 1543 353 1607 τῶν
377 1542 604 1611 δουλευσάντων
627 1550 691 1615 τοῖς
715 1542 874 1620 πολεμίαις
896 1541 1082 1623 αἰσχύνεται
1107 1543 1124 1619 ἢ
1156 1547 1230 1607 τῶν
1263 1566 1340 1608 τεν·

154 1650 238 1729 χῶν
268 1648 550 1730 καθῃρημένων
573 1649 805 1726 ἀγανακτεῖ
824 1683 870 1697 -
892 1648 1006 1714 τούτων
1030 1644 1178 1713 ἁπάντων
1201 1648 1263 1728 χρὴ
1287 1648 1339 1713 τὸν

155 1751 266 1819 τούτου
289 1753 411 1835 πατέρα
439 1753 535 1819 cirros
563 1754 714 1830 ἡγεῖσθαι.
764 1750 859 1818 Vides
884 1770 980 1837 quam
1005 1750 1087 1817 laeta
1114 1750 1191 1817 baec
1216 1754 1258 1817 sit
1284 1752 1339 1819 So-

155 1854 284 1945 pbistae
307 1856 435 1924 dicendi
460 1859 622 1923 materies.
671 1857 796 1923 Interea
816 1877 878 1922 non
902 1866 950 1923 est
983 1856 1169 1922 recordatus
1193 1856 1264 1921 illas
1287 1876 1340 1923 res
1405 1868 1407 1872 “

153 1960 322 2049 aliquanto
344 1963 449 2028 serius
482 1982 553 2029 esse
579 1969 703 2048 gestas,
729 1960 813 2027 unde
836 1959 1019 2046 colligimus
1049 1981 1150 2026 armos
1177 1970 1247 2048 post
1280 1960 1338 2027 So·

152 2067 255 2137 matis
288 2065 445 2132 iudicium
474 2066 635 2133 effluxisse
669 2065 860 2152 complures.
907 2065 1006 2132 Nemo
1029 2066 1115 2131 enim
1149 2066 1182 2129 in
1215 2068 1338 2133 recenti

152 2188 266 2237 rerum
289 2173 442 2238 memoria
467 2173 514 2238 sic
535 2191 643 2239 errare
666 2180 791 2258 polest:
824 2179 896 2258 post
923 2170 1098 2236 multorum
1123 2168 1251 2237 demum
1281 2192 1337 2237 an-

152 2292 272 2341 norum
296 2275 500 2342 intervallum
525 2275 704 2342 istiusmodi
727 2296 853 2342 errores
877 2284 910 2342 et
931 2285 1112 2363 temporum
1136 2275 1338 2343 confusiones

151 2376 242 2447 lucili
267 2383 394 2466 negotio
423 2383 694 2461 committuntur,
727 2381 837 2466 quales
861 2381 980 2446 multas
1011 2380 1101 2446 Plato
1133 2381 1164 2446 iu
1197 2382 1338 2469 Dialopis

151 2487 327 2553 commisit.
376 2490 501 2575 Anytus
525 2487 608 2552 diem
634 2487 697 2552 iam
724 2485 846 2552 obierat
871 2507 969 2572 quum
994 2485 1072 2552 baec
1099 2484 1337 2564 scriberentur,
1369 2574 1372 2580 ι

150 2590 298 2661 Socratis
329 2590 503 2657 familiares
536 2591 679 2678 plerique
703 2599 794 2658 erant
828 2592 1035 2657 intermortui
1066 2599 1098 2657 et
1131 2599 1336 2659 succreverat

150 2716 235 2765 nora
259 2696 403 2777 soboles,
427 2716 509 2783 quae
534 2717 615 2762 nova
638 2697 670 2761 in
695 2696 858 2762 Socratem
893 2697 1031 2762 crimina
1062 2695 1155 2763 lacile
1184 2697 1335 2765 admitte-

147 2802 216 2871 bat.
264 2803 402 2890 Apparet
427 2802 502 2868 binc
525 2822 621 2888 quam
646 2801 853 2868 veliementer
884 2803 991 2888 opinio
1015 2802 1217 2888 llruegorum
1249 2801 1334 2868 lelel·

148 2906 226 2985 lusit
247 2908 289 2975 ad
312 2908 451 2975 Clintoni
475 2907 561 2973 [last.
587 2907 706 2973 Hellen.
733 2914 928 2973 statuentem
954 2907 1106 2973 lsocratis
1130 2907 1258 2974 Busirin
1281 2927 1335 2973 ex-

145 3020 255 3083 trema
278 3011 465 3101 Olympiade
487 3017 543 3078 95.
568 3014 655 3078 circa
679 3031 799 3077 annum
822 3016 897 3078 596.
932 3032 960 3078 a.
985 3010 1057 3077 Cbr.
1083 3032 1152 3079 csse
1179 3015 1333 3098 composi·

145 3124 240 3198 tum,
264 3117 295 3183 id
320 3126 368 3185 est
400 3117 504 3184 tribus
535 3119 629 3182 annis
653 3126 826 3202 antequam
855 3115 1053 3183 Athenarum
1078 3118 1202 3182 moenia
1227 3117 1332 3183 Conon

143 3224 315 3301 restituit,
339 3242 439 3309 quum
460 3224 553 3288 annis
576 3222 697 3308 aliquot
709 3230 818 3308 postea
839 3219 968 3287 demum
992 3222 1089 3288 scribi
1104 3224 1245 3308 potuisse
1267 3242 1332 3288 rua·

145 3327 301 3397 nilostunu
327 3330 380 3395 sit.
416 3329 543 3393 Annum
559 3329 683 3414 ipsum,
706 3329 794 3393 eirca
816 3347 910 3413 quem
935 3326 1118 3416 Polycrates
1141 3326 1334 3394 borumom·

143 3434 240 3503 nium
268 3432 379 3499 stilum
412 3433 443 3497 in
469 3454 537 3499 sese
562 3435 709 3512 acuerit,
746 3431 881 3499 delinire
914 3432 994 3498 vello
1029 3434 1237 3499 temerarium
1272 3443 1331 3500 est.

146 3539 236 3609 Setis
258 3540 321 3605 erit
345 3537 404 3604 boc
427 3547 536 3606 tenere
561 3542 701 3626 Anylum
725 3538 778 3604 illo
804 3546 946 3621 tempore
968 3538 1030 3602 iam
1056 3537 1172 3605 obiisse
1193 3537 1277 3604 diem
1302 3547 1334 3605 ct

146 3646 244 3713 otium
273 3654 343 3729 post
371 3655 502 3710 mortem
529 3653 560 3710 et
587 3644 626 3709 ob
649 3643 750 3708 filium
776 3641 985 3728 depravatum
1004 3652 1037 3709 et
1058 3642 1096 3708 ob
1120 3644 1223 3730 ipsius
1246 3645 1332 3728 inge·

146 3751 196 3819 nii
218 3750 460 3837 perversitatem
485 3750 567 3814 mole
590 3749 753 3814 erudivisse.
802 3747 903 3828 Quam
939 3746 1031 3832 plane
1060 3748 1217 3815 disertum
1253 3748 1333 3814 illud

147 3852 371 3941 Xenophontis
401 3855 619 3920 testimonium
650 3852 698 3919 vel
731 3851 832 3918 solum
867 3852 1033 3937 redarguit
1067 3854 1252 3939 sequiorum
1288 3852 1332 3918 la·

146 3959 250 4029 bellas
272 3959 311 4027 tle
335 3981 405 4027 sera
437 3959 679 4026 Atheniensium
706 3958 744 4023 ob
773 3967 922 4025 necatum
948 3957 1112 4025 Socratem
1137 3959 1334 4044 poenitentia

149 4075 183 4134 et
208 4073 431 4133 accusatorum
458 4066 565 4152 poenis
589 4063 839 4150 suppliciisque,
863 4062 1040 4148 dequibus
1064 4064 1220 4149 diogenes
1239 4065 1332 4129 Laer-

147 4172 217 4240 tius
241 4170 281 4238 11.
312 4175 365 4237 45.
400 4170 535 4247 scribit,
567 4177 598 4235 et
628 4189 707 4254 quos
741 4169 783 4234 ibi
818 4167 960 4236 laudarit
994 4168 1169 4255 blenagius.
1224 4169 1333 4235 locosa

149 4284 249 4355 suut,
273 4296 355 4363 quae
377 4274 571 4342 Pluterobus
593 4273 637 4339 ibi
663 4273 811 4340 laudatus
831 4275 1003 4340 memoriae
1025 4274 1164 4360 prodidit
1186 4273 1226 4341 de
1245 4274 1333 4349 odio,

149 4402 216 4471 quo
251 4381 336 4450 cives
358 4401 467 4450 otrrues
499 4381 530 4446 in
556 4380 697 4447 Socratis
732 4388 933 4448 accusatores
969 4381 1126 4460 arserint,
1159 4381 1191 4446 iu
1227 4379 1335 4447 libello
