2940 5010
689 290 753 351 588

191 459 516 548 interpretamentum
552 459 698 527 adhaesit
723 460 775 526 tx.
801 464 831 525 6.
865 460 932 525 ἐπεὶ
964 460 996 525 δὲ
1029 462 1137 526 ταῦτα
1170 459 1326 539 διῖλῖομεν

139 567 215 636 οὕτω
239 569 274 644 δὴ
303 567 386 655 [ἤδη]
410 567 496 633 κατὰ
519 567 628 650 φυλὰς
652 566 834 648 διεκρίνομεν
856 565 901 630 τοὶ
928 563 1073 641 ἔπιπλα,
1096 562 1262 630 indicasse
1281 582 1326 629 aa·

139 674 184 739 tis
218 682 276 740 est.
325 671 518 738 Simillinrus
543 671 631 737 locus
658 669 913 758 opturata.
945 668 1014 735 ἐπεὶ
1038 669 1104 751 pap
1138 691 1327 749 καταμεμα·

142 777 263 853 duellae
286 778 415 842 δοκῶ-
443 774 535 843 οὕτω
560 779 603 854 δὴ
624 778 686 856 ἐγὼ
708 776 849 859 ἄρχομαι
872 776 931 854 μὲν
952 775 1024 849 τοὺς
1045 774 1130 848 θεοὺς
1154 772 1327 855 θεραπεύειν

142 884 208 949 xri.

186 984 266 1053 lbid.
293 989 387 1072 §10.
424 1006 480 1073 pro
510 984 687 1068 ξενοδοχίαις
719 982 955 1051 emendandum
980 1002 1051 1051 esre
1072 983 1250 1062 ξενοδοκίαρ
1277 1000 1326 1049 ου·

143 1110 200 1177 pra
223 1089 432 1156 ostendimus.
483 1091 613 1157 Veteres
638 1109 700 1155 non
726 1090 821 1155 aliter
845 1109 941 1175 quam
966 1087 1141 1169 ξενοδοκος,
1165 1088 1327 1167 enorme

142 1204 174 1262 et
197 1195 351 1273 ξενοδοκίιι
381 1195 547 1274 dicebant,
572 1203 608 1260 ut
632 1195 807 1276 δωροδόκος,
837 1196 996 1275 δωροδοκία
1017 1203 1050 1261 et
1077 1195 1271 1278 δωροδοκεῖν,
1298 1199 1329 1257 et

140 1301 292 1367 similiter
316 1301 347 1365 in
379 1302 528 1367 omnihus
560 1299 722 1366 vocabulis
746 1319 784 1365 ex
808 1299 943 1381 δέχομαι
968 1300 1181 1387 compositis,
1204 1301 1239 1365 in
1260 1299 1326 1385 qui·

140 1406 202 1472 hus
226 1406 389 1492 primitiva
416 1404 502 1471 verbi
529 1406 723 1491 significatio
747 1413 873 1470 servata
899 1413 947 1470 est
971 1405 1134 1491 capiendi,
1157 1401 1328 1491 accipiendi

141 1518 174 1578 el
196 1511 383 1595 ουοιῗρνῖοιιιίὶ,
409 1520 443 1577 ut
469 1512 500 1575 in
521 1509 692 1592 ἀχυροδίκν
718 1510 750 1574 in
775 1508 890 1578 Oecon.
913 1508 1027 1575 xvllt.
1053 1515 1083 1576 7.
1130 1508 1168 1577 lu
1192 1508 1328 1575 caeteris

140 1642 168 1698 χ
193 1616 345 1702 ponitur,
384 1624 418 1680 nt
442 1617 473 1679 in
502 1617 662 1698 οῖποδοχιὶ,
698 1615 846 1698 διαδοχή,
881 1614 1023 1697 διάδοχοι
1054 1614 1216 1702 aliisque,
1248 1632 1328 1702 qaae

141 1741 203 1787 non
227 1727 303 1786 sunt
324 1720 456 1806 perinde
483 1723 625 1806 antiqua.

185 1827 222 1892 Iu
249 1829 267 1910 §
293 1831 343 1890 11.
380 1826 432 1892 καί
457 1828 492 1893 τὸ
515 1833 648 1907 προνοεῖν
671 1829 716 1904 μή
743 1852 773 1893 τι
797 1829 892 1893 κουιδν
920 1826 1008 1909 λοίβρ
1037 1828 1112 1906 παρ’
1142 1828 1227 1906 ἡμῶν
1251 1828 1327 1907 οἱμε-

139 1937 258 2006 trica,
283 1950 360 1996 cave
389 1930 501 1996 credas
532 1931 666 2016 perinde
689 1951 760 1998 esse
792 1932 899 1998 dicere
931 1931 1025 1998 κακόν
1055 1955 1086 1997 τι
1114 1932 1232 2011 λαβεῖν
1256 1934 1327 2014 παρ’

140 2040 224 2116 ἡμῶν
258 2044 290 2102 et
321 2038 375 2118 ὑφ’
412 2038 506 2114 ἡμῶν.
575 2034 657 2118 Quid
695 2037 823 2103 intersit
858 2037 979 2124 optime
1011 2035 1207 2102 monstrabit
1240 2035 1328 2104 lucus

138 2141 283 2209 Platonis
308 2141 340 2204 in
367 2139 448 2207 libro
467 2141 520 2207 ΙΙΙ.
548 2141 586 2208 dc
611 2142 688 2228 llep.
714 2163 744 2228 p.
770 2146 835 2208 406
860 2142 896 2207 l).
929 2142 1018 2225 παρὰ
1036 2145 1090 2207 τοῦ
1115 2142 1220 2224 torpor
1247 2142 1327 2225 <palp-

137 2271 238 2325 ρωικον
263 2247 356 2323 πιών,
392 2245 475 2331 quod
508 2248 552 2312 ila
585 2246 707 2313 dicitur
731 2254 766 2310 ut
791 2245 937 2311 medicus
961 2265 1023 2311 non
1048 2246 1171 2312 dedisse
1192 2245 1251 2327 id,
1274 2246 1327 2315 sod

138 2353 209 2417 dori
230 2352 357 2416 iussisse
383 2351 605 2437 intelligatur,
629 2361 661 2418 et
693 2353 741 2417 sic
766 2357 838 2433 παρ’
869 2353 952 2431 ἡμῶν
976 2350 1061 2417 idem
1087 2349 1190 2419 ferme
1212 2361 1264 2419 est
1283 2361 1326 2420 at·

141 2477 202 2542 que
227 2458 311 2535 ἡμῶν
334 2457 537 2533 κελευίνιων,
561 2468 665 2522 nostro
687 2457 784 2521 ιἰιοιιι.

185 2562 221 2626 ln
248 2564 266 2647 §
292 2565 343 2626 15.
368 2563 420 2625 καὶ
446 2564 542 2637 αὐτὴν
563 2562 594 2627 δὲ
618 2564 648 2626 ἕν
672 2564 772 2643 αὐτῇ
797 2570 836 2642 τῇ
859 2561 947 2645 χώρρι
972 2561 1233 2641 κατετοίττομεν,
1260 2562 1326 2651 lege

139 2670 170 2732 ἕο
193 2669 294 2749 τούτρ
314 2677 353 2749 τῇ
376 2669 474 2750 χώρρ.
524 2666 668 2731 lonionrn
694 2665 786 2752 plane
810 2674 859 2730 est
892 2665 977 2752 quod
1010 2667 1041 2731 in
1066 2666 1178 2733 eadem
1209 2667 1325 2756 §legi

139 2782 195 2838 tur
218 2773 482 2851 τιμιωτέρους
515 2772 693 2844 τιθέντες
719 2771 789 2843 τοὺς
824 2770 956 2842 δικαίους
979 2778 1037 2835 τῶν
1060 2773 1174 2837 οῖδίκων
1199 2792 1259 2859 pro
1277 2776 1325 2841 διὰ

139 2878 275 2952 πλείονος
307 2886 401 2955 τιμῆς
432 2876 582 2954 ἄγοντες,
619 2885 654 2940 ut
687 2874 901 2961 loquebantur
926 2876 1034 2941 Attici.
1083 2875 1324 2944 Eiusdennnodi

135 2992 187 3049 usi
210 2981 295 3048 Xlll.
332 2987 381 3048 10.
413 2989 477 3052 τοῖς
498 2981 663 3062 ἕργοιςῆροι
695 2998 751 3065 pro
778 2979 949 3059 ἕργοίτοιις,
985 2988 1017 3046 el
1050 2980 1113 3046 alia
1144 2983 1324 3068 quaedam,

139 3107 221 3172 quae
245 3107 341 3173 supra
368 3085 593 3152 indicavimus.

183 3193 219 3257 ln
244 3212 313 3278 cap.
334 3191 371 3256 X.
399 3193 416 3274 §
440 3195 472 3256 5.
498 3193 524 3256 εἱ
545 3193 626 3270 μήτε
651 3190 905 3272 οὶοιοκρυνιτοίμνν
933 3189 990 3278 [τι]
1018 3197 1077 3255 τοῖν
1096 3191 1189 3259 ὄντων
1212 3196 1322 3275 μηδὲν,

138 3306 175 3364 ul
199 3317 275 3364 sana
301 3296 344 3360 sit
367 3296 472 3359 oratio
492 3320 523 3360 τι
549 3297 609 3360 erit
633 3294 892 3380 expungendum.

183 3404 220 3468 ln
247 3407 265 3487 §
291 3406 323 3466 8.
360 3401 376 3476 ἢ
402 3401 460 3464 ὑπὸ
484 3405 608 3481 λουτροῦ
638 3399 811 3489 [ἀληθινῶς]
843 3400 1129 3478 exsecrationem,
1164 3424 1217 3471 mc
1250 3427 1320 3493 quo

138 3526 201 3593 que
237 3513 273 3570 nt
306 3502 538 3570 Sclrneiderunr
574 3504 706 3571 ollendil
741 3509 887 3581 οῖνιηίινῶς
931 3506 1131 3591 ineptissime
1164 3509 1318 3577 additum.

140 3612 293 3698 Suspicor
316 3610 424 3674 nescio
447 3629 565 3694 quern,
590 3610 642 3674 cui
668 3610 729 3675 loci
760 3611 919 3676 sententia
944 3608 1151 3680 vehementer
1176 3616 1318 3702 probare

139 3727 213 3796 tur,
236 3714 446 3801 adscripsisse
471 3717 501 3777 in
529 3716 684 3799 margine.

184 3822 220 3889 lu
251 3840 320 3906 cap.
343 3820 398 3885 Xl.
425 3824 456 3887 l.
490 3819 627 3886 absurda
654 3818 748 3885 lectio
770 3827 824 3887 τοῦ
848 3820 1003 3896 ῖοινιλύτου
1035 3822 1069 3886 in
1091 3822 1200 3890 verbis
1222 3829 1319 3893 ἅπαν·

138 3929 237 4004 νήσοις
261 3929 304 4008 τῷ
335 3925 442 3991 Νικίου
475 3930 544 3990 τοῦ
577 3926 779 3999 ἕποιλύτου
813 3923 897 4009 ἵππῳ
922 3925 1000 4012 quid
1034 3925 1163 3993 tandem
1191 3929 1224 3995 in
1255 3950 1318 3999 sest

137 4030 346 4098 absconderet
370 4029 426 4094 din
453 4037 483 4095 et
508 4030 646 4095 nnrlturn
670 4032 825 4118 quaesivi.
872 4032 971 4099 Cuius
995 4032 1022 4095 is
1039 4050 1144 4118 equus
1166 4045 1252 4102 esset
1274 4040 1317 4103 ui·

138 4135 182 4202 nit
208 4135 343 4202 saciabat
367 4134 405 4200 ad
429 4154 515 4201 rena:
543 4136 650 4221 itaque
680 4156 794 4201 nornen
824 4135 946 4202 domini
970 4135 1043 4202 addi
1067 4140 1236 4208 cornnrode
1261 4162 1315 4209 non

136 4242 244 4326 potuit
265 4242 326 4305 nisi
357 4242 383 4304 si
411 4239 600 4306 nobilissimi
623 4250 654 4306 et
677 4240 828 4306 ditissimi
850 4243 931 4306 civis
954 4241 1031 4317 luit,
1055 4261 1093 4308 ex
1115 4246 1210 4312 cuius
1235 4268 1316 4314 man·

137 4347 223 4412 tiono
250 4344 428 4432 splendoris
454 4344 621 4410 cniusdam
647 4353 678 4412 et
700 4346 960 4434 magnificentiae
981 4350 1179 4434 exspectatio
1210 4372 1314 4419 nascc-
