2940 5010
709 268 776 333 210

329 440 413 515 alai,
438 436 532 505 κακὸν
552 436 615 505 τόδ’
641 435 733 511 εἶπας
754 436 797 514 οἷς
816 442 911 507 κακὸν
933 440 1071 521 adorea„

151 554 205 611 aut
231 549 306 611 181.

328 649 439 722 aldinus
463 648 520 728 μέν
542 647 633 714 ἀλλὰ
656 646 780 715 τᾶδικον
802 647 866 716 οόδ’
890 649 936 720 ἔς’
959 650 1046 729 ἐμόν.

149 763 204 821 ant
227 758 303 821 302.

328 861 454 943 aprrobo
475 859 501 925 δ’
524 859 539 925 ὃ
559 859 661 941 ιιοιιρδς
686 858 776 942 κάρτ’
796 858 993 938 ἀπαλλάξαι
1016 862 1096 941 βίον.

149 973 205 1031 ant
229 968 306 1031 560.

328 1067 453 1136 ὦέεοέἔ
478 1072 542 1144 θεὸς
566 1069 630 1152 γοὶρ
654 1070 707 1135 καὶ
731 1073 767 1136 τὸ
788 1066 975 1148 γιγνώσκειν
998 1074 1121 1155 φίλους.

149 1174 179 1238 in
215 1194 296 1261 quae
330 1174 452 1261 optimo
482 1175 632 1242 convenit
656 1171 741 1261 quod
766 1173 913 1241 Bacchus
947 1177 994 1265 (in
1030 1176 1131 1245 Ranis
1156 1196 1207 1245 rs.
1235 1176 1351 1267 1169.)

148 1280 224 1344 ieoit
248 1280 280 1344 in
302 1278 506 1365 Euripidem:
847 1270 858 1293 '

326 1381 360 1451 εὗ
381 1384 415 1459 νδ
432 1385 485 1451 τδν
505 1389 644 1466 Ἑρμῆν,
668 1379 688 1449 δ’
706 1407 737 1450 τι
761 1382 867 1465 λέγεις
887 1386 914 1451 δ’
933 1387 967 1452 οὔ
985 1384 1148 1466 μανέιένιι,

143 1486 199 1553 sod
223 1487 385 1573 probabile
413 1496 463 1555 est
492 1507 606 1575 parum
635 1496 693 1554 aut
716 1486 798 1554 nihil
829 1487 947 1557 horum
970 1492 1124 1579 autiquae
1153 1492 1345 1579 scripturae

148 1594 283 1679 vestigia
309 1593 373 1660 ulla
396 1612 543 1671 servare,
566 1592 839 1680 quemadmodum
862 1596 895 1661 in
919 1616 966 1663 vs.
988 1600 1067 1664 167.

327 1705 386 1765 arob
410 1699 477 1774 δῆτ’
499 1698 538 1764 ἂν
561 1696 623 1775 obn
650 1697 775 1781 πότερον
796 1701 884 1776 ἐκτὸς
908 1702 926 1778 ἢ
951 1704 977 1767 ’ν
1000 1701 1121 1781 δόμοιοι

214 1813 304 1870 ΓΡΑ.
329 1807 382 1870 οὐκ
406 1802 495 1868 ἔνδον.
540 1802 694 1876 Ἓλλησιν
717 1802 749 1867 δὲ
773 1805 1019 1885 πολεμιώτατος.

145 1906 239 1974 laoilo
273 1906 467 1993 intelligitur
500 1926 598 1993 quam
629 1907 736 1994 inepte
758 1906 888 1975 dicatur
911 1916 969 1977 ποῦ
996 1909 1063 1987 δῆτ’
1086 1908 1126 1977 δν
1152 1908 1220 1986 ein:
1253 1906 1339 1995 qnod

143 2013 242 2079 abeo
266 2012 329 2078 diei
354 2019 459 2099 potest
481 2013 538 2098 qui
558 2011 614 2078 diu
635 2010 776 2098 aliquem
801 2012 923 2081 trustra
946 2014 1164 2101 quaesiverit,
1187 2032 1209 2081 a
1231 2012 1336 2080 liene·

142 2117 193 2184 lao
228 2138 290 2183 non
324 2125 451 2203 potest,
488 2118 545 2203 qui
575 2136 662 2184 nuno
694 2119 836 2205 primum
866 2118 906 2185 de
939 2120 1046 2187 Protei
1077 2118 1143 2186 lilio
1172 2116 1336 2185 inaudivit

144 2232 302 2309 rogatque
324 2222 450 2304 πότερον
471 2223 559 2297 ἐκτὸς
583 2223 600 2300 ἢ
623 2225 648 2288 ’ν
670 2221 790 2303 &duom
813 2223 870 2291 sed
889 2224 984 2310 quis,
1010 2244 1152 2312 quaeso,
1178 2242 1333 2311 umquam

142 2328 262 2414 absque
286 2326 509 2415 Aristophanis
542 2326 663 2394 indicio
685 2328 719 2392 in
750 2327 980 2417 Thesmophor.
1003 2334 1081 2399 881.
1105 2328 1267 2417 potuisset
1286 2344 1333 2395 re·

140 2435 296 2499 stituere:

366 2533 452 2612 οὗτος
477 2536 509 2602 δὲ
526 2535 651 2619 πότερον
674 2535 753 2605 ἔνδον
770 2536 815 2609 ἔς’
839 2541 857 2617 ἣ
880 2539 1018 2617 ’idaeam

243 2651 331 2708 ΓΡΑ.
367 2644 420 2708 οὐκ
444 2640 534 2707 ἔνδον.

139 2765 239 2832 quaro
263 2747 421 2833 optimum
445 2744 533 2812 laetu
555 2753 605 2812 est
631 2747 665 2812 in
695 2746 776 2813 loeis
798 2749 949 2815 omnibns
971 2745 1197 2817 huiuscemodi
1221 2754 1331 2817 tenere

138 2849 171 2915 id
196 2849 279 2936 quod
303 2852 374 2937 ipsa
394 2850 514 2918 llelena
543 2859 651 2918 monet
674 2871 721 2918 vs.
746 2855 823 2919 811.

365 2956 401 3023 τὸ
423 2960 548 3037 τολμῖιν
570 2957 699 3023 ἀδύνατ’
722 2957 828 3038 ἀνδρὸς
851 2960 885 3025 οὐ
908 2965 1018 3043 σοφοῦ.

185 3060 325 3126 Transeo
347 3081 433 3128 nnnc
457 3061 497 3128 ad
521 3071 665 3129 caeteras
687 3061 854 3148 Euripidis
877 3071 910 3129 et
933 3064 1071 3131 aliorum
1095 3061 1242 3145 fabulas,
1268 3082 1331 3131 urr-

139 3164 178 3231 de
202 3186 303 3232 unum
328 3175 361 3233 et
387 3166 525 3234 alterum
550 3167 678 3245 locum,
708 3166 793 3233 male
816 3166 963 3235 habitum
997 3186 1205 3257 expromam,
1231 3188 1331 3256 quem

138 3271 166 3336 si
190 3279 299 3357 potero
331 3271 583 3338 emendatiorem
611 3270 755 3337 reddam.
799 3269 932 3339 Ostendi
963 3292 1062 3361 supra
1083 3273 1174 3339 novis
1195 3272 1332 3361 quibun-

138 3374 212 3441 dam
232 3375 387 3461 exemplis
410 3396 508 3463 quam
532 3377 639 3462 inepte
661 3400 703 3454 γι
726 3377 759 3441 in
784 3376 987 3447 comoediam
1015 3380 1157 3467 irrepat:
1190 3380 1227 3445 in
1251 3380 1332 3449 Tru·

138 3478 250 3565 goedia
287 3499 414 3566 quoqne
448 3479 602 3546 ridiculos
633 3497 760 3547 errores
791 3481 903 3549 eodem
939 3484 1033 3551 modo
1066 3492 1159 3552 natos
1188 3492 1224 3551 et
1252 3504 1334 3553 nou·

136 3584 213 3650 dum
238 3584 398 3651 abstersos
419 3604 507 3651 nune
526 3582 702 3651 ostendam.
752 3585 910 3673 lnoipiam
938 3608 958 3655 a
987 3587 1171 3655 Trachiniis
1203 3588 1332 3679 Sopho·

137 3688 217 3766 elis,
253 3688 308 3754 ubi
336 3689 491 3758 lleroules
522 3689 693 3758 Deianirae
717 3689 768 3757 his
796 3690 905 3759 verbis
929 3694 1075 3761 minatur
1106 3694 1248 3763 exitium
1282 3714 1332 3765 ra

139 3799 223 3862 1107
248 3815 318 3882 sqq.

266 3984 270 3991 Ι
316 3903 392 3967 αλλ’
414 3897 450 3968 εὖ
471 3899 513 3980 γε’
535 3925 581 3968 τοι
604 3900 676 3968 ταδ’
700 3900 767 3980 ier,
790 3901 849 3968 κᾶν
872 3904 907 3970 τὸ
931 3904 1026 3984 μηδὲν
1048 3901 1071 3971 ὦ
1084 3953 1095 3984 ,

315 4004 374 4073 κᾶν
396 4005 492 4087 μηδὲν
512 4004 612 4089 ἔροιο,
637 4008 694 4084 τήν
717 4030 757 4086 γε
780 4006 939 4090 δράσαοαν
962 4007 1039 4075 τάδε

314 4111 502 4194 χειρώσομαι
526 4115 589 4179 noire
611 4113 714 4179 τῶνδε.
738 4114 904 4194 προσμόιιοι
927 4114 1033 4194 μόνον.

313 4217 349 4283 ἵν’
374 4219 539 4301 εἰιδιδαχέᾔ
563 4220 660 4285 οιοῖοιν
685 4217 930 4299 applorantes

315 4322 368 4389 καὶ
392 4322 449 4406 ζῶν
472 4322 584 4401 καινούς
607 4348 648 4403 γε
672 4324 724 4394 καὶ
749 4326 842 4394 θανὼν
865 4323 1029 4407 ε’τιοοέμην.
