2940 5010
722 327 785 389 7⁹27

147 495 208 567 sed
232 497 328 565 redeo
351 498 390 565 ad
416 500 528 586 Remp.
552 498 890 565 Lacedaemoniorum.

196 604 277 686 Quis
302 625 363 671 oon
385 603 530 671 subridet
555 604 594 670 ad
619 604 698 671 baec
721 605 817 670 verba
834 605 873 670 ll.
903 609 952 669 11.
982 603 1069 680 ἔθηκε
1093 614 1149 682 τῆς
1173 604 1241 682 ianr
1266 605 1336 672 ἑκά·

147 732 206 786 sne
227 712 280 777 σὸν
312 715 535 793 σοράσατσν
566 720 623 777 τῶν
648 711 762 792 εἰράναν
786 710 917 792 άρχειν,
950 711 977 775 si
1003 709 1096 776 modo
1116 713 1234 797 cogitat
1260 713 1338 799 qnid

148 814 282 883 tandem
303 818 316 882 d
336 817 505 897 σοράτασος
529 818 699 900 significet.
748 817 888 882 Pessime
912 815 1058 881 babiiurn
1081 816 1179 884 fuisse
1204 828 1337 904 apparet

147 930 291 989 veterem
317 921 458 1001 librom,
485 922 568 988 unde
593 922 670 987 baec
702 922 777 987 oiim
803 928 952 1007 excerpta
981 929 1077 1000 suni,
1110 931 1145 988 ut
1173 927 1338 1004 τοράσα-

146 1050 214 1094 σου
249 1034 308 1094 τῶν
343 1029 509 1110 άρρένυν
548 1028 699 1116 (nonique
728 1028 787 1093 boo
817 1036 946 1093 servant
974 1027 1047 1092 libri
1080 1029 1204 1116 oannes)
1238 1029 1338 1094 scribi

146 1134 291 1221 potuerit
315 1153 373 1219 pro
405 1135 699 1213 πρεσβύτατον
733 1141 792 1199 τῶν
823 1133 990 1213 εἱμένοι.
1039 1134 1124 1200 Haec
1148 1134 1234 1200 enini
1260 1153 1335 1199 vera

146 1241 312 1325 scriptura
338 1238 465 1304 videtur
489 1258 584 1324 qrram
616 1241 684 1325 ipsa
706 1240 753 1305 rei
776 1249 891 1304 natura
921 1240 1077 1324 suggerit.
1127 1239 1215 1304 (loni.
1242 1239 1277 1304 V.
1304 1245 1335 1306 8.

146 1343 285 1421 άπέπαξε
317 1346 368 1410 τὸν
392 1346 440 1410 aiei
471 1346 687 1425 πρεσβύτατον
712 1347 743 1410 ἕν
771 1347 813 1426 τῷ
844 1344 1008 1426 γυμνασίῳ
1041 1345 1140 1428 ἕκάςῳ
1175 1348 1336 1425 ἐπιμελεῖ-

146 1450 239 1527 σάοιι,
264 1457 295 1514 et
319 1449 403 1515 XIII.
431 1456 460 1515 7.
493 1446 542 1523 οὓς
567 1452 597 1516 δὲ
621 1452 670 1516 δεῖ
691 1451 741 1515 ἐπὶ
764 1451 881 1523 τούτοις
901 1449 1059 1531 τετάχθαι
1081 1451 1094 1515 ά
1116 1453 1333 1532 πρεσβύτατος

147 1560 208 1621 τῶν
232 1556 300 1636 περὶ
325 1557 477 1634 δαμοσίαν
501 1556 677 1622 σνντάσσει.
726 1556 838 1642 Lepidi
863 1566 940 1621 suni
973 1554 1163 1622 Lexicornrn
1194 1555 1336 1621 condito·

147 1654 223 1739 σέο,
255 1661 311 1748 qui
334 1681 435 1747 quum
460 1661 609 1725 curribus
634 1670 741 1726 nolam
776 1662 1045 1747 significationem
1072 1661 1218 1727 vocabuii
1252 1661 1336 1743 σορός

146 1763 300 1855 piurinds
323 1767 477 1852 exemplis
508 1768 728 1852 aperuissent,
760 1765 954 1832 addiderunt
986 1768 1018 1831 in
1051 1768 1108 1833 boc
1139 1789 1202 1833 uno
1234 1768 1336 1833 Xeno·

146 1869 278 1958 pbouiis
302 1870 371 1937 Ioco
393 1874 446 1938 τὸν
469 1873 639 1953 ποράσατου
663 1872 847 1959 significare
871 1873 1111 1938 ualidissimum.

193 1975 284 2058 Quod
310 1997 403 2064 saepe
426 1979 456 2042 in
483 1977 542 2043 boo
564 1977 646 2042 libro
671 1977 792 2044 facium
817 1987 884 2054 est,
909 1987 943 2044 ui
968 1980 1081 2044 inuitis
1107 1979 1236 2044 omissis
1263 1978 1335 2045 reii-

147 2083 244 2169 quiae
267 2085 447 2169 scripturae
479 2086 597 2149 veleris
627 2083 764 2151 absurde
794 2084 1118 2169 conglarlinarentur,
1152 2093 1188 2150 ut
1215 2085 1334 2151 iutelli-

144 2186 266 2275 Iigendi
292 2189 398 2266 noda,
431 2189 643 2267 emendandi,
666 2192 686 2256 i.
712 2212 739 2256 e.
766 2191 952 2276 supplendi,
977 2192 1150 2276 perexigua
1175 2211 1248 2277 spes
1271 2192 1333 2269 sit,

145 2292 181 2361 id
200 2290 322 2359 focium
344 2295 559 2360 esso'videbis
581 2296 612 2359 iu
637 2295 676 2359 li.
698 2300 796 2361 5-6.
823 2296 875 2362 ubi
898 2296 1066 2384 Lycurgus
1088 2304 1240 2360 narratur
1260 2295 1333 2361 ado-

144 2398 360 2476 lescentibus,
393 2421 473 2485 quos
502 2402 616 2481 ripuar
649 2400 799 2488 Spartani
829 2402 1012 2488 appellant,
1048 2410 1130 2467 σῖτον
1159 2401 1256 2478 τάξαι
1284 2426 1332 2468 σο-

143 2510 253 2573 σοῦποι
278 2509 317 2578 ὡς
341 2507 400 2571 ὑπὸ
430 2516 609 2586 πλησμονῆς
639 2508 695 2586 μὲν
722 2509 844 2586 μήποτε
875 2509 1084 2590 βαράνεσάαι,
1118 2513 1171 2572 τοῦ
1196 2509 1228 2573 δὲ
1252 2510 1333 2574 ἐνδε-

143 2612 254 2694 eebor
283 2611 402 2691 διάγειν
425 2615 470 2691 μλ
491 2615 623 2693 άπειρως
646 2612 742 2694 ἔχειν,
792 2612 878 2678 Scite
902 2621 935 2678 et
956 2614 1123 2698 perspicue
1145 2611 1223 2679 haec
1247 2612 1334 2679 dicta

144 2725 243 2784 suni:
269 2719 365 2783 etiam
390 2738 471 2803 quae
493 2728 676 2803 sequuntur
697 2719 822 2803 iulegro
857 2728 952 2796 sunt,
976 2727 1009 2784 et
1034 2727 1200 2804 propterea
1224 2719 1263 2783 ad
1285 2720 1333 2783 in·

143 2821 356 2909 colligendum
372 2823 541 2900 insidiare,
567 2832 694 2909 praeter
716 2843 752 2889 ea
777 2824 1024 2910 quaelegonrur
1048 2825 1080 2888 in
1103 2824 1181 2889 bne:
1205 2824 1332 2906 νομίζον

141 2928 216 3002 ποὺς
249 2925 326 2994 οὕτω
353 2930 587 3007 παιδευομένους
621 2929 824 3010 ὑγιεινοτέρας
853 2930 892 2995 άυ
922 2928 1041 3007 διάγειν
1073 2929 1124 2993 καὶ
1156 2932 1199 3003 εἷς
1235 2937 1332 3007 μῆκος

143 3032 184 3101 δυ
215 3031 402 3109 αὐξάνεσθαι
437 3038 492 3109 τὴν
515 3036 621 3115 ῥαδινά
655 3036 697 3099 πά
733 3036 866 3112 σώματα
892 3040 1038 3099 ποιοῦσαν
1069 3036 1184 3116 τροφὴν
1206 3039 1332 3111 μάλλον

143 3139 385 3218 συλλαμβάνειν
411 3142 551 3217 ἠγάσατο
576 3141 593 3215 ἢ
618 3143 673 3215 σὴν
691 3142 963 3205 διαπλατάνουσοιν
986 3143 1029 3222 τῷ
1051 3142 1135 3221 σίτῳ.
1185 3139 1332 3206 Ridicule

144 3241 227 3310 baec
250 3243 425 3309 dicuntur:
461 3245 590 3330 perinde
615 3246 680 3310 iere
709 3255 758 3310 osa
783 3247 814 3310 in
843 3246 897 3310 aad
924 3265 958 3311 re
982 3248 1024 3320 εἰς
1057 3255 1152 3325 μῆκος
1186 3244 1330 3322 αὐξάνειν

142 3349 188 3416 πά
210 3350 345 3427 σάμαποι
369 3358 402 3414 et
424 3351 467 3415 πά
492 3352 625 3428 σώματα
649 3353 755 3434 ῥαδινάι
787 3361 903 3417 noreio:
937 3353 992 3436 qui
1025 3353 1070 3416 sie
1097 3351 1276 3417 educantur
1299 3359 1331 3417 ei

143 3456 338 3522 nutriuntur
372 3474 482 3520 eorum
515 3476 647 3542 corpora
673 3479 802 3544 procero
833 3457 989 3522 dicuntur
1020 3466 1052 3522 ei
1085 3457 1218 3539 procilio
1251 3456 1330 3524 deri.

141 3559 258 3645 Itaque
282 3561 455 3648 Xenophon
483 3581 568 3625 nunc
594 3563 637 3626 ita
662 3562 727 3627 iere
751 3563 911 3649 quuitur,
938 3572 973 3627 ut
998 3562 1151 3626 Plautus:
1177 3562 1232 3625 dor
1256 3585 1332 3647 quoa

140 3664 254 3731 υἰάοιίε
278 3678 377 3743 sture,
401 3666 435 3730 ln·
455 3677 536 3730 siant
560 3668 650 3732 orabo
674 3691 734 3732 nou
758 3670 879 3745 sedent,
905 3687 1044 3753 namque
1066 3667 1163 3731 dicia:
1189 3669 1331 3744 ἠγάσατο

140 3773 200 3847 τὴν
221 3773 327 3853 ραδιυά
350 3772 393 3835 τά
426 3773 560 3850 σώματα
591 3781 736 3840 ποιοῦσαν
767 3776 882 3856 τροφὴν
914 3770 1154 3851 συλλαμβάνειν
1189 3773 1260 3852 πρὸς
1294 3776 1330 3839 τὸ

141 3877 188 3944 πάι
210 3880 345 3955 σώματα
369 3878 474 3958 ῥαδινοὶ
499 3887 613 3955 ποιεῖν,
651 3881 712 3943 nisi
737 3879 821 3965 quod
852 3879 902 3943 bis
927 3878 1010 3943 idern
1037 3898 1098 3942 non
1123 3875 1235 3941 iisdem
1261 3898 1329 3943 ver-

140 3981 194 4048 bis
217 3981 306 4048 dicil.
356 3981 439 4062 Quid
465 3983 591 4049 mulia?
630 3984 744 4050 Omnia
767 3995 854 4051 reoic
881 3983 1056 4070 procedant
1089 3981 1248 4066 usquead
1273 3986 1332 4047 oni·

142 4085 311 4165 ξάνεσθαιε
337 4089 463 4170 νομίζων
487 4092 556 4163 τοὺς
582 4080 657 4155 σάτον
691 4091 924 4168 παιδευομένους
949 4126 993 4137 -
1017 4088 1070 4152 καὶ
1099 4089 1141 4160 εἰς
1171 4097 1267 4167 μῆκος
1292 4088 1331 4153 άυ

142 4191 356 4271 αὐξάνεσθαι,
380 4215 461 4279 quae
492 4198 660 4261 verissima
684 4216 753 4262 esso
787 4196 931 4260 videmus
965 4213 1085 4259 ornnes.
1134 4192 1255 4258 Deinde
1280 4213 1331 4279 pe-

141 4298 271 4365 rierunt
295 4300 451 4384 quaedanr
477 4302 510 4365 in
537 4300 617 4368 benc
643 4301 708 4368 iere
733 4301 942 4367 sententiam:
973 4300 1059 4388 [πρὸς
1083 4298 1146 4380 γάρ
1169 4300 1269 4382 ῥώμην
1293 4323 1329 4364 σε

137 4405 191 4472 κιο)
226 4402 345 4492 πάχος]
379 4405 427 4471 vel
456 4405 510 4493 [εἷς
542 4409 607 4488 γάρ
631 4409 724 4490 ἰσχύν
756 4432 792 4472 τε
825 4407 878 4474 καὶ
904 4406 1019 4494 πάχος]
1059 4407 1114 4480 τὴν
1147 4406 1252 4489 ῥαδιυά
1285 4404 1328 4471 τά
