<?xml version="1.0" encoding="UTF-8"?>
<!DOCTYPE html PUBLIC "-//W3C//DTD XHTML 1.0 Transitional//EN"
    "http://www.w3.org/TR/xhtml1/DTD/xhtml1-transitional.dtd">
<html xmlns="http://www.w3.org/1999/xhtml" xml:lang="en" lang="en">
 <head>
  <title>
</title>
<meta http-equiv="Content-Type" content="text/html;charset=utf-8" />
  <meta name='ocr-system' content='tesseract 3.04.00' />
  <meta name='ocr-capabilities' content='ocr_page ocr_carea ocr_par ocr_line ocrx_word'/>
</head>
<body>
  <div class='ocr_page' id='page_1' title='image "./novaelectionesq00cobegoog/novaelectionesq00cobegoog_0717.png"; bbox 0 0 2940 5010; ppageno 0'>
   <div class='ocr_carea' id='block_1_1' title="bbox 705 270 771 338">
    <p class='ocr_par' dir='ltr' id='par_1_1' title="bbox 705 270 771 338">
     <span class='ocr_line' id='line_1_1' title="bbox 705 270 771 338; baseline -0.03 0"><span class='ocrx_word' id='word_1_1' title='bbox 705 270 771 338; x_wconf 76' lang='grc'><strong>684</strong></span> 
     </span>
    </p>
   </div>
   <div class='ocr_carea' id='block_1_2' title="bbox 139 444 1367 4337">
    <p class='ocr_par' dir='ltr' id='par_1_2' title="bbox 144 444 1334 1907">
     <span class='ocr_line' id='line_1_2' title="bbox 153 444 1332 536; baseline 0.003 -22"><span class='ocrx_word' id='word_1_2' title='bbox 153 448 303 528; x_wconf 77' lang='grc' dir='ltr'><strong><em>γνῶναι</em></strong></span> <span class='ocrx_word' id='word_1_3' title='bbox 334 447 402 521; x_wconf 76' lang='grc' dir='ltr'><strong>τοὺς</strong></span> <span class='ocrx_word' id='word_1_4' title='bbox 434 444 564 521; x_wconf 75' lang='grc' dir='ltr'><strong><em>διααςιίς</em></strong></span> <span class='ocrx_word' id='word_1_5' title='bbox 599 447 805 534; x_wconf 85' lang='lat' dir='ltr'><strong>perspicuum</strong></span> <span class='ocrx_word' id='word_1_6' title='bbox 835 453 885 514; x_wconf 85' lang='lat' dir='ltr'><strong>est</strong></span> <span class='ocrx_word' id='word_1_7' title='bbox 918 450 1118 529; x_wconf 69' lang='grc' dir='ltr'><strong>παραγνῶναι</strong></span> <span class='ocrx_word' id='word_1_8' title='bbox 1151 448 1332 536; x_wconf 72' lang='lat' dir='ltr'><strong>significare</strong></span> 
     </span>
     <span class='ocr_line' id='line_1_3' title="bbox 153 550 1332 633; baseline 0.006 -14"><span class='ocrx_word' id='word_1_9' title='bbox 153 575 240 620; x_wconf 84' lang='grc' dir='ltr'><strong><em>ειειιε</em></strong></span> <span class='ocrx_word' id='word_1_10' title='bbox 262 552 434 628; x_wconf 73' lang='lat' dir='ltr'><strong>laodicaeae,</strong></span> <span class='ocrx_word' id='word_1_11' title='bbox 465 553 499 617; x_wconf 83' lang='grc' dir='ltr'><strong>ιἰι</strong></span> <span class='ocrx_word' id='word_1_12' title='bbox 525 550 690 618; x_wconf 75' lang='grc' dir='ltr'><strong><em>νἰιιίὶοσιιιίσ</em></strong></span> <span class='ocrx_word' id='word_1_13' title='bbox 721 573 860 633; x_wconf 85' lang='lat' dir='ltr'><strong>crrorre,</strong></span> <span class='ocrx_word' id='word_1_14' title='bbox 896 553 990 620; x_wconf 85' lang='lat' dir='ltr'><strong>cuius</strong></span> <span class='ocrx_word' id='word_1_15' title='bbox 1021 572 1102 620; x_wconf 87' lang='lat' dir='ltr'><strong>usus</strong></span> <span class='ocrx_word' id='word_1_16' title='bbox 1121 573 1219 621; x_wconf 88' lang='lat' dir='ltr'><strong>nemo</strong></span> <span class='ocrx_word' id='word_1_17' title='bbox 1242 556 1332 627; x_wconf 85' lang='lat' dir='ltr'><strong>iacilo</strong></span> 
     </span>
     <span class='ocr_line' id='line_1_4' title="bbox 152 656 1332 750; baseline 0.004 -24"><span class='ocrx_word' id='word_1_18' title='bbox 152 658 239 727; x_wconf 91' lang='lat' dir='ltr'><strong>aliod</strong></span> <span class='ocrx_word' id='word_1_19' title='bbox 263 656 444 744; x_wconf 85' lang='lat' dir='ltr'><strong>exemplum</strong></span> <span class='ocrx_word' id='word_1_20' title='bbox 469 677 507 723; x_wconf 87' lang='lat' dir='ltr'><strong>ex</strong></span> <span class='ocrx_word' id='word_1_21' title='bbox 536 656 748 743; x_wconf 79' lang='lat' dir='ltr'><strong>scriptoribus</strong></span> <span class='ocrx_word' id='word_1_22' title='bbox 770 658 888 725; x_wconf 89' lang='lat' dir='ltr'><strong>Atticis</strong></span> <span class='ocrx_word' id='word_1_23' title='bbox 914 656 1047 734; x_wconf 83' lang='lat' dir='ltr'><strong>alienet,</strong></span> <span class='ocrx_word' id='word_1_24' title='bbox 1078 657 1135 725; x_wconf 77' lang='lat' dir='ltr'><strong>md</strong></span> <span class='ocrx_word' id='word_1_25' title='bbox 1160 664 1332 750; x_wconf 81' lang='lat' dir='ltr'><strong>unusquis·</strong></span> 
     </span>
     <span class='ocr_line' id='line_1_5' title="bbox 152 763 1334 856; baseline 0.005 -26"><span class='ocrx_word' id='word_1_26' title='bbox 152 785 214 852; x_wconf 88' lang='lat' dir='ltr'><strong>que</strong></span> <span class='ocrx_word' id='word_1_27' title='bbox 236 763 311 829; x_wconf 89' lang='lat' dir='ltr'><strong>talia</strong></span> <span class='ocrx_word' id='word_1_28' title='bbox 335 783 392 849; x_wconf 91' lang='lat' dir='ltr'><strong>pro</strong></span> <span class='ocrx_word' id='word_1_29' title='bbox 421 782 455 828; x_wconf 92' lang='lat' dir='ltr'><strong>rc</strong></span> <span class='ocrx_word' id='word_1_30' title='bbox 484 771 558 829; x_wconf 87' lang='lat' dir='ltr'><strong>nata</strong></span> <span class='ocrx_word' id='word_1_31' title='bbox 585 763 645 829; x_wconf 88' lang='lat' dir='ltr'><strong>sihi</strong></span> <span class='ocrx_word' id='word_1_32' title='bbox 669 765 852 850; x_wconf 79' lang='lat' dir='ltr'><strong>componit,</strong></span> <span class='ocrx_word' id='word_1_33' title='bbox 882 782 964 850; x_wconf 90' lang='lat' dir='ltr'><strong>quae</strong></span> <span class='ocrx_word' id='word_1_34' title='bbox 986 765 1098 831; x_wconf 83' lang='lat' dir='ltr'><strong>statim</strong></span> <span class='ocrx_word' id='word_1_35' title='bbox 1118 763 1163 832; x_wconf 89' lang='lat' dir='ltr'><strong>ab</strong></span> <span class='ocrx_word' id='word_1_36' title='bbox 1193 786 1334 856; x_wconf 82' lang='lat' dir='ltr'><strong>unoquo·</strong></span> 
     </span>
     <span class='ocr_line' id='line_1_6' title="bbox 150 867 1333 957; baseline 0.006 -21"><span class='ocrx_word' id='word_1_37' title='bbox 150 890 213 957; x_wconf 89' lang='lat' dir='ltr'><strong>que</strong></span> <span class='ocrx_word' id='word_1_38' title='bbox 242 876 329 936; x_wconf 88' lang='lat' dir='ltr'><strong>recte</strong></span> <span class='ocrx_word' id='word_1_39' title='bbox 354 867 590 954; x_wconf 79' lang='lat' dir='ltr'><strong>intelliguntur.</strong></span> <span class='ocrx_word' id='word_1_40' title='bbox 638 868 691 936; x_wconf 92' lang='lat' dir='ltr'><strong>Sic</strong></span> <span class='ocrx_word' id='word_1_41' title='bbox 716 871 911 936; x_wconf 77' lang='lat' dir='ltr'><strong>recentiores</strong></span> <span class='ocrx_word' id='word_1_42' title='bbox 934 867 1082 937; x_wconf 87' lang='lat' dir='ltr'><strong>Graeculi</strong></span> <span class='ocrx_word' id='word_1_43' title='bbox 1106 872 1140 937; x_wconf 92' lang='lat' dir='ltr'><strong>in</strong></span> <span class='ocrx_word' id='word_1_44' title='bbox 1163 871 1333 943; x_wconf 79' lang='lat' dir='ltr'><strong>(lodicibus</strong></span> 
     </span>
     <span class='ocr_line' id='line_1_7' title="bbox 150 973 1334 1060; baseline 0.002 -18"><span class='ocrx_word' id='word_1_45' title='bbox 150 973 370 1042; x_wconf 88' lang='lat' dir='ltr'><strong>descrihendis</strong></span> <span class='ocrx_word' id='word_1_46' title='bbox 393 983 532 1040; x_wconf 89' lang='lat' dir='ltr'><strong>utuntur</strong></span> <span class='ocrx_word' id='word_1_47' title='bbox 552 974 650 1041; x_wconf 82' lang='lat' dir='ltr'><strong>verbo</strong></span> <span class='ocrx_word' id='word_1_48' title='bbox 663 974 904 1060; x_wconf 81' lang='grc' dir='ltr'><strong><em>παραγριίφειν,</em></strong></span> <span class='ocrx_word' id='word_1_49' title='bbox 926 982 960 1042; x_wconf 90' lang='lat' dir='ltr'><strong>et</strong></span> <span class='ocrx_word' id='word_1_50' title='bbox 982 974 1119 1042; x_wconf 87' lang='lat' dir='ltr'><strong>lectores</strong></span> <span class='ocrx_word' id='word_1_51' title='bbox 1133 976 1168 1041; x_wconf 89' lang='lat' dir='ltr'><strong>in</strong></span> <span class='ocrx_word' id='word_1_52' title='bbox 1190 987 1334 1048; x_wconf 77' lang='lat' dir='ltr'><strong>extremo</strong></span> 
     </span>
     <span class='ocr_line' id='line_1_8' title="bbox 148 1078 1334 1167; baseline 0.004 -20"><span class='ocrx_word' id='word_1_53' title='bbox 148 1081 231 1147; x_wconf 88' lang='lat' dir='ltr'><strong>libro</strong></span> <span class='ocrx_word' id='word_1_54' title='bbox 263 1080 389 1144; x_wconf 85' lang='lat' dir='ltr'><strong>venium</strong></span> <span class='ocrx_word' id='word_1_55' title='bbox 421 1087 512 1164; x_wconf 80' lang='lat' dir='ltr'><strong>rogat</strong></span> <span class='ocrx_word' id='word_1_56' title='bbox 546 1078 700 1147; x_wconf 90' lang='lat' dir='ltr'><strong>librarius</strong></span> <span class='ocrx_word' id='word_1_57' title='bbox 721 1084 756 1159; x_wconf 77' lang='grc' dir='ltr'><strong>ην</strong></span> <span class='ocrx_word' id='word_1_58' title='bbox 783 1104 814 1146; x_wconf 89' lang='grc' dir='ltr'><strong>τι</strong></span> <span class='ocrx_word' id='word_1_59' title='bbox 844 1080 859 1147; x_wconf 87' lang='grc' dir='ltr'><strong><em>ί</em></strong></span> <span class='ocrx_word' id='word_1_60' title='bbox 888 1081 1021 1164; x_wconf 80' lang='grc' dir='ltr'><strong><em>γριίφσν</em></strong></span> <span class='ocrx_word' id='word_1_61' title='bbox 1049 1081 1274 1167; x_wconf 74' lang='grc' dir='ltr'><strong><em>παραγραψη,</em></strong></span> <span class='ocrx_word' id='word_1_62' title='bbox 1307 1086 1334 1152; x_wconf 87' lang='lat' dir='ltr'><strong>ti</strong></span> 
     </span>
     <span class='ocr_line' id='line_1_9' title="bbox 149 1182 1333 1274; baseline 0.005 -22"><span class='ocrx_word' id='word_1_63' title='bbox 149 1207 240 1274; x_wconf 83' lang='lat' dir='ltr'><strong>poem</strong></span> <span class='ocrx_word' id='word_1_64' title='bbox 253 1186 285 1249; x_wconf 84' lang='grc' dir='ltr'><strong>ιἰι</strong></span> <span class='ocrx_word' id='word_1_65' title='bbox 301 1182 461 1248; x_wconf 76' lang='lat' dir='ltr'><strong>scribendo</strong></span> <span class='ocrx_word' id='word_1_66' title='bbox 485 1205 622 1251; x_wconf 84' lang='lat' dir='ltr'><strong>errorem</strong></span> <span class='ocrx_word' id='word_1_67' title='bbox 640 1186 838 1252; x_wconf 70' lang='lat' dir='ltr'><strong>commiserit.</strong></span> <span class='ocrx_word' id='word_1_68' title='bbox 884 1187 966 1252; x_wconf 88' lang='lat' dir='ltr'><strong>llinc</strong></span> <span class='ocrx_word' id='word_1_69' title='bbox 984 1187 1132 1273; x_wconf 80' lang='lat' dir='ltr'><strong>suspicor</strong></span> <span class='ocrx_word' id='word_1_70' title='bbox 1154 1188 1188 1253; x_wconf 90' lang='lat' dir='ltr'><strong>in</strong></span> <span class='ocrx_word' id='word_1_71' title='bbox 1213 1188 1333 1257; x_wconf 76' lang='lat' dir='ltr'><strong>uerso</strong></span> 
     </span>
     <span class='ocr_line' id='line_1_10' title="bbox 148 1290 1331 1379; baseline 0.004 -20"><span class='ocrx_word' id='word_1_72' title='bbox 148 1293 189 1359; x_wconf 89' lang='lat' dir='ltr'><strong>ll.</strong></span> <span class='ocrx_word' id='word_1_73' title='bbox 213 1312 258 1357; x_wconf 85' lang='grc' dir='ltr'><strong><em>ιιι.</em></strong></span> <span class='ocrx_word' id='word_1_74' title='bbox 278 1294 331 1357; x_wconf 79' lang='grc'><strong>56.</strong></span> <span class='ocrx_word' id='word_1_75' title='bbox 355 1291 629 1370; x_wconf 83' lang='grc' dir='ltr'><strong><em>παρανενοριινιέναι</em></strong></span> <span class='ocrx_word' id='word_1_76' title='bbox 651 1311 709 1379; x_wconf 89' lang='lat' dir='ltr'><strong>pro</strong></span> <span class='ocrx_word' id='word_1_77' title='bbox 732 1294 1015 1374; x_wconf 72' lang='grc' dir='ltr'><strong><em>παρανενομηκέναι</em></strong></span> <span class='ocrx_word' id='word_1_78' title='bbox 1036 1290 1243 1379; x_wconf 81' lang='lat' dir='ltr'><strong>probantium</strong></span> <span class='ocrx_word' id='word_1_79' title='bbox 1266 1314 1331 1364; x_wconf 58' lang='lat' dir='ltr'><strong>“aa</strong></span> 
     </span>
     <span class='ocr_line' id='line_1_11' title="bbox 149 1396 1332 1480; baseline 0.004 -16"><span class='ocrx_word' id='word_1_80' title='bbox 149 1400 181 1464; x_wconf 94' lang='lat' dir='ltr'><strong>in</strong></span> <span class='ocrx_word' id='word_1_81' title='bbox 205 1396 329 1462; x_wconf 87' lang='lat' dir='ltr'><strong>verbis:</strong></span> <span class='ocrx_word' id='word_1_82' title='bbox 353 1398 386 1460; x_wconf 79' lang='lat' dir='ltr'><strong>ob</strong></span> <span class='ocrx_word' id='word_1_83' title='bbox 410 1396 513 1472; x_wconf 77' lang='grc' dir='ltr'><strong><em>μέντοι</em></strong></span> <span class='ocrx_word' id='word_1_84' title='bbox 545 1396 692 1480; x_wconf 80' lang='grc' dir='ltr'><strong><em>ίαυμιίζιι</em></strong></span> <span class='ocrx_word' id='word_1_85' title='bbox 712 1421 752 1478; x_wconf 90' lang='grc' dir='ltr'><strong><em>γε</em></strong></span> <span class='ocrx_word' id='word_1_86' title='bbox 776 1399 811 1465; x_wconf 79' lang='grc' dir='ltr'><strong>τί</strong></span> <span class='ocrx_word' id='word_1_87' title='bbox 835 1396 961 1480; x_wconf 85' lang='grc' dir='ltr'><strong><em>Κριτίαν</em></strong></span> <span class='ocrx_word' id='word_1_88' title='bbox 982 1399 1281 1480; x_wconf 79' lang='grc' dir='ltr'><strong><em>παρανεννμιαέναι,</em></strong></span> <span class='ocrx_word' id='word_1_89' title='bbox 1300 1400 1332 1469; x_wconf 86' lang='lat' dir='ltr'><strong>id</strong></span> 
     </span>
     <span class='ocr_line' id='line_1_12' title="bbox 148 1497 1331 1589; baseline 0.003 -18"><span class='ocrx_word' id='word_1_90' title='bbox 148 1512 197 1571; x_wconf 85' lang='lat' dir='ltr'><strong>cst</strong></span> <span class='ocrx_word' id='word_1_91' title='bbox 227 1522 315 1566; x_wconf 83' lang='lat' dir='ltr'><strong>secus</strong></span> <span class='ocrx_word' id='word_1_92' title='bbox 348 1500 565 1578; x_wconf 73' lang='lat' dir='ltr'><strong>existimasse,</strong></span> <span class='ocrx_word' id='word_1_93' title='bbox 598 1497 650 1567; x_wconf 76' lang='lat' dir='ltr'><strong>dcc</strong></span> <span class='ocrx_word' id='word_1_94' title='bbox 673 1502 736 1584; x_wconf 82' lang='grc' dir='ltr'><strong><em>γίιρ</em></strong></span> <span class='ocrx_word' id='word_1_95' title='bbox 756 1507 863 1568; x_wconf 82' lang='grc' dir='ltr'><strong><em>ταῦτα</em></strong></span> <span class='ocrx_word' id='word_1_96' title='bbox 884 1499 918 1580; x_wconf 77' lang='grc' dir='ltr'><strong>ην</strong></span> <span class='ocrx_word' id='word_1_97' title='bbox 938 1505 972 1569; x_wconf 86' lang='grc' dir='ltr'><strong>οὐ</strong></span> <span class='ocrx_word' id='word_1_98' title='bbox 1003 1503 1106 1586; x_wconf 78' lang='grc' dir='ltr'><strong><em>παρὼν</em></strong></span> <span class='ocrx_word' id='word_1_99' title='bbox 1143 1504 1331 1589; x_wconf 73' lang='grc' dir='ltr'><strong><em>ἐτύγχανεν.</em></strong></span> 
     </span>
     <span class='ocr_line' id='line_1_13' title="bbox 146 1604 1329 1694; baseline 0.002 -18"><span class='ocrx_word' id='word_1_100' title='bbox 146 1610 247 1677; x_wconf 88' lang='lat' dir='ltr'><strong>Nemo</strong></span> <span class='ocrx_word' id='word_1_101' title='bbox 277 1625 430 1692; x_wconf 88' lang='lat' dir='ltr'><strong>umquam</strong></span> <span class='ocrx_word' id='word_1_102' title='bbox 464 1604 590 1671; x_wconf 82' lang='lat' dir='ltr'><strong>dixerat</strong></span> <span class='ocrx_word' id='word_1_103' title='bbox 617 1608 815 1691; x_wconf 81' lang='grc' dir='ltr'><strong><em>παρανιμίζιι</em></strong></span> <span class='ocrx_word' id='word_1_104' title='bbox 846 1627 883 1674; x_wconf 91' lang='lat' dir='ltr'><strong>eo</strong></span> <span class='ocrx_word' id='word_1_105' title='bbox 910 1627 1027 1688; x_wconf 85' lang='lat' dir='ltr'><strong>sensu,</strong></span> <span class='ocrx_word' id='word_1_106' title='bbox 1058 1608 1329 1694; x_wconf 85' lang='lat' dir='ltr'><strong>quemadmodum</strong></span> 
     </span>
     <span class='ocr_line' id='line_1_14' title="bbox 147 1711 1329 1792; baseline 0.003 -10"><span class='ocrx_word' id='word_1_107' title='bbox 147 1734 241 1782; x_wconf 86' lang='lat' dir='ltr'><strong>nemo</strong></span> <span class='ocrx_word' id='word_1_108' title='bbox 264 1715 290 1778; x_wconf 86' lang='grc' dir='ltr'><strong><em>εί</em></strong></span> <span class='ocrx_word' id='word_1_109' title='bbox 314 1711 439 1781; x_wconf 78' lang='grc' dir='ltr'><strong><em>δικαςαί</em></strong></span> <span class='ocrx_word' id='word_1_110' title='bbox 470 1712 673 1792; x_wconf 84' lang='grc' dir='ltr'><strong><em>ταρέγνωσαι</em></strong></span> <span class='ocrx_word' id='word_1_111' title='bbox 705 1713 851 1789; x_wconf 83' lang='lat' dir='ltr'><strong>dixerat,</strong></span> <span class='ocrx_word' id='word_1_112' title='bbox 887 1712 943 1781; x_wconf 88' lang='lat' dir='ltr'><strong>sed</strong></span> <span class='ocrx_word' id='word_1_113' title='bbox 966 1713 1116 1781; x_wconf 86' lang='lat' dir='ltr'><strong>omnihus</strong></span> <span class='ocrx_word' id='word_1_114' title='bbox 1151 1715 1198 1781; x_wconf 85' lang='lat' dir='ltr'><strong>ita</strong></span> <span class='ocrx_word' id='word_1_115' title='bbox 1228 1714 1329 1785; x_wconf 83' lang='lat' dir='ltr'><strong>diccrc</strong></span> 
     </span>
     <span class='ocr_line' id='line_1_15' title="bbox 144 1817 684 1907; baseline -0.007 -20"><span class='ocrx_word' id='word_1_116' title='bbox 144 1822 275 1907; x_wconf 79' lang='lat' dir='ltr'><strong>linguae</strong></span> <span class='ocrx_word' id='word_1_117' title='bbox 297 1817 444 1903; x_wconf 80' lang='lat' dir='ltr'><strong>analogia</strong></span> <span class='ocrx_word' id='word_1_118' title='bbox 468 1817 684 1902; x_wconf 88' lang='lat' dir='ltr'><strong>permittebat.</strong></span> 
     </span>
    </p>

    <p class='ocr_par' dir='ltr' id='par_1_3' title="bbox 143 1922 1367 2750">
     <span class='ocr_line' id='line_1_16' title="bbox 191 1922 1324 2010; baseline 0.003 -18"><span class='ocrx_word' id='word_1_119' title='bbox 191 1926 226 1992; x_wconf 94' lang='lat' dir='ltr'><strong>ln</strong></span> <span class='ocrx_word' id='word_1_120' title='bbox 249 1924 273 1991; x_wconf 90' lang='lat' dir='ltr'><strong>l.</strong></span> <span class='ocrx_word' id='word_1_121' title='bbox 292 1944 324 1988; x_wconf 88' lang='lat' dir='ltr'><strong>rr.</strong></span> <span class='ocrx_word' id='word_1_122' title='bbox 344 1927 375 1989; x_wconf 83' lang='lat'><strong>5.</strong></span> <span class='ocrx_word' id='word_1_123' title='bbox 408 1922 548 2001; x_wconf 78' lang='grc' dir='ltr'><strong><em>καίτοιγε</em></strong></span> <span class='ocrx_word' id='word_1_124' title='bbox 572 1923 765 1990; x_wconf 69' lang='grc' dir='ltr'><strong><em>οὐδεπώποτε</em></strong></span> <span class='ocrx_word' id='word_1_125' title='bbox 795 1922 1068 2010; x_wconf 82' lang='lat' dir='ltr'><strong>transponendum</strong></span> <span class='ocrx_word' id='word_1_126' title='bbox 1090 1944 1208 1992; x_wconf 86' lang='lat' dir='ltr'><strong>censeo</strong></span> <span class='ocrx_word' id='word_1_127' title='bbox 1233 1928 1324 1995; x_wconf 83' lang='grc' dir='ltr'><strong><em>καίτιι</em></strong></span> 
     </span>
     <span class='ocr_line' id='line_1_17' title="bbox 145 2027 1324 2116; baseline 0 -17"><span class='ocrx_word' id='word_1_128' title='bbox 145 2029 338 2099; x_wconf 73' lang='grc' dir='ltr'><strong><em>οὐδεπώποτέ</em></strong></span> <span class='ocrx_word' id='word_1_129' title='bbox 367 2052 429 2107; x_wconf 84' lang='grc' dir='ltr'><strong><em>γε,</em></strong></span> <span class='ocrx_word' id='word_1_130' title='bbox 461 2036 492 2093; x_wconf 84' lang='lat' dir='ltr'><strong>et</strong></span> <span class='ocrx_word' id='word_1_131' title='bbox 528 2027 639 2094; x_wconf 86' lang='lat' dir='ltr'><strong>eodem</strong></span> <span class='ocrx_word' id='word_1_132' title='bbox 673 2028 766 2094; x_wconf 91' lang='lat' dir='ltr'><strong>modu</strong></span> <span class='ocrx_word' id='word_1_133' title='bbox 789 2027 842 2095; x_wconf 89' lang='lat' dir='ltr'><strong>lV.</strong></span> <span class='ocrx_word' id='word_1_134' title='bbox 867 2050 903 2096; x_wconf 88' lang='grc' dir='ltr'><strong>ιι.</strong></span> <span class='ocrx_word' id='word_1_135' title='bbox 930 2036 959 2096; x_wconf 84' lang='grc'><strong>7.</strong></span> <span class='ocrx_word' id='word_1_136' title='bbox 993 2031 1093 2097; x_wconf 82' lang='grc' dir='ltr'><strong><em>καίτοι</em></strong></span> <span class='ocrx_word' id='word_1_137' title='bbox 1124 2033 1262 2116; x_wconf 74' lang='grc' dir='ltr'><strong><em>τοσαύτην</em></strong></span> <span class='ocrx_word' id='word_1_138' title='bbox 1289 2056 1324 2113; x_wconf 86' lang='grc' dir='ltr'><strong>γι</strong></span> 
     </span>
     <span class='ocr_line' id='line_1_18' title="bbox 145 2132 1323 2224; baseline -0.002 -19"><span class='ocrx_word' id='word_1_139' title='bbox 145 2132 364 2224; x_wconf 87' lang='lat' dir='ltr'><strong>reponendum</strong></span> <span class='ocrx_word' id='word_1_140' title='bbox 387 2153 444 2218; x_wconf 92' lang='lat' dir='ltr'><strong>pro</strong></span> <span class='ocrx_word' id='word_1_141' title='bbox 467 2133 567 2199; x_wconf 79' lang='grc' dir='ltr'><strong><em>καίτοι</em></strong></span> <span class='ocrx_word' id='word_1_142' title='bbox 596 2158 636 2212; x_wconf 90' lang='grc' dir='ltr'><strong><em>γε</em></strong></span> <span class='ocrx_word' id='word_1_143' title='bbox 660 2135 804 2216; x_wconf 75' lang='grc' dir='ltr'><strong><em>τοσούτῳ.</em></strong></span> <span class='ocrx_word' id='word_1_144' title='bbox 852 2135 984 2201; x_wconf 86' lang='lat' dir='ltr'><strong>Veteres</strong></span> <span class='ocrx_word' id='word_1_145' title='bbox 1008 2135 1119 2202; x_wconf 89' lang='lat' dir='ltr'><strong>eodem</strong></span> <span class='ocrx_word' id='word_1_146' title='bbox 1146 2136 1243 2203; x_wconf 89' lang='lat' dir='ltr'><strong>modo</strong></span> <span class='ocrx_word' id='word_1_147' title='bbox 1265 2137 1323 2203; x_wconf 72' lang='grc' dir='ltr'><strong><em>καί·</em></strong></span> 
     </span>
     <span class='ocr_line' id='line_1_19' title="bbox 143 2237 1321 2325; baseline 0.001 -16"><span class='ocrx_word' id='word_1_148' title='bbox 143 2268 189 2310; x_wconf 84' lang='grc' dir='ltr'><strong>τοι</strong></span> <span class='ocrx_word' id='word_1_149' title='bbox 204 2265 298 2319; x_wconf 85' lang='grc' dir='ltr'><strong><em>-γε</em></strong></span> <span class='ocrx_word' id='word_1_150' title='bbox 318 2237 514 2304; x_wconf 82' lang='lat' dir='ltr'><strong>dirimebant</strong></span> <span class='ocrx_word' id='word_1_151' title='bbox 538 2247 635 2325; x_wconf 80' lang='lat' dir='ltr'><strong>atque</strong></span> <span class='ocrx_word' id='word_1_152' title='bbox 657 2239 709 2305; x_wconf 81' lang='grc' dir='ltr'><strong>καί</strong></span> <span class='ocrx_word' id='word_1_153' title='bbox 733 2241 794 2318; x_wconf 76' lang='grc' dir='ltr'><strong>μίν</strong></span> <span class='ocrx_word' id='word_1_154' title='bbox 816 2279 861 2293; x_wconf 90' lang='grc'><strong>-</strong></span> <span class='ocrx_word' id='word_1_155' title='bbox 881 2264 941 2318; x_wconf 91' lang='grc' dir='ltr'><strong><em>γε,</em></strong></span> <span class='ocrx_word' id='word_1_156' title='bbox 964 2241 998 2306; x_wconf 79' lang='grc' dir='ltr'><strong>οὗ</strong></span> <span class='ocrx_word' id='word_1_157' title='bbox 1021 2242 1083 2320; x_wconf 77' lang='grc' dir='ltr'><strong>μήν</strong></span> <span class='ocrx_word' id='word_1_158' title='bbox 1106 2277 1154 2294; x_wconf 89' lang='lat'><strong>--</strong></span> <span class='ocrx_word' id='word_1_159' title='bbox 1173 2267 1232 2321; x_wconf 85' lang='grc' dir='ltr'><strong><em>γε,</em></strong></span> <span class='ocrx_word' id='word_1_160' title='bbox 1255 2243 1321 2310; x_wconf 70' lang='grc' dir='ltr'><strong>ἄλλ’</strong></span> 
     </span>
     <span class='ocr_line' id='line_1_20' title="bbox 145 2343 1367 2433; baseline 0.001 -20"><span class='ocrx_word' id='word_1_161' title='bbox 145 2346 326 2425; x_wconf 79' lang='grc' dir='ltr'><strong><em>οὖν-γε,</em></strong></span> <span class='ocrx_word' id='word_1_162' title='bbox 351 2347 385 2420; x_wconf 75' lang='grc' dir='ltr'><strong>ιη</strong></span> <span class='ocrx_word' id='word_1_163' title='bbox 410 2345 474 2411; x_wconf 89' lang='grc' dir='ltr'><strong>Δία</strong></span> <span class='ocrx_word' id='word_1_164' title='bbox 497 2368 620 2422; x_wconf 88' lang='grc' dir='ltr'><strong><em>-γε,</em></strong></span> <span class='ocrx_word' id='word_1_165' title='bbox 654 2352 686 2410; x_wconf 90' lang='lat' dir='ltr'><strong>et</strong></span> <span class='ocrx_word' id='word_1_166' title='bbox 706 2344 826 2411; x_wconf 84' lang='lat' dir='ltr'><strong>similia</strong></span> <span class='ocrx_word' id='word_1_167' title='bbox 846 2343 1015 2432; x_wconf 86' lang='lat' dir='ltr'><strong>quaedam.</strong></span> <span class='ocrx_word' id='word_1_168' title='bbox 1064 2345 1320 2433; x_wconf 79' lang='lat' dir='ltr'><strong>Sequiorescon</strong></span> <span class='ocrx_word' id='word_1_169' title='bbox 1365 2408 1367 2429; x_wconf 87' lang='grc'><strong><em>,</em></strong></span> 
     </span>
     <span class='ocr_line' id='line_1_21' title="bbox 144 2449 1367 2538; baseline 0.002 -18"><span class='ocrx_word' id='word_1_170' title='bbox 144 2455 280 2538; x_wconf 78' lang='lat' dir='ltr'><strong>iungere</strong></span> <span class='ocrx_word' id='word_1_171' title='bbox 303 2449 406 2516; x_wconf 90' lang='lat' dir='ltr'><strong>solent</strong></span> <span class='ocrx_word' id='word_1_172' title='bbox 426 2451 583 2527; x_wconf 82' lang='grc' dir='ltr'><strong><em>καίτοιγε,</em></strong></span> <span class='ocrx_word' id='word_1_173' title='bbox 608 2467 689 2534; x_wconf 86' lang='lat' dir='ltr'><strong>qttae</strong></span> <span class='ocrx_word' id='word_1_174' title='bbox 708 2469 761 2516; x_wconf 87' lang='lat' dir='ltr'><strong>res</strong></span> <span class='ocrx_word' id='word_1_175' title='bbox 787 2451 994 2537; x_wconf 88' lang='lat' dir='ltr'><strong>antiquorum</strong></span> <span class='ocrx_word' id='word_1_176' title='bbox 1016 2455 1240 2520; x_wconf 84' lang='lat' dir='ltr'><strong>monumentis</strong></span> <span class='ocrx_word' id='word_1_177' title='bbox 1258 2451 1320 2520; x_wconf 73' lang='lat' dir='ltr'><strong>sub</strong></span> <span class='ocrx_word' id='word_1_178' title='bbox 1365 2512 1367 2523; x_wconf 93' lang='lat'><em>.</em></span> 
     </span>
     <span class='ocr_line' id='line_1_22' title="bbox 144 2553 1319 2641; baseline 0.003 -18"><span class='ocrx_word' id='word_1_179' title='bbox 144 2556 218 2623; x_wconf 92' lang='lat' dir='ltr'><strong>inde</strong></span> <span class='ocrx_word' id='word_1_180' title='bbox 239 2557 354 2621; x_wconf 88' lang='lat' dir='ltr'><strong>vitium</strong></span> <span class='ocrx_word' id='word_1_181' title='bbox 375 2554 496 2620; x_wconf 85' lang='lat' dir='ltr'><strong>attulit.</strong></span> <span class='ocrx_word' id='word_1_182' title='bbox 543 2554 641 2620; x_wconf 86' lang='lat' dir='ltr'><strong>Recte</strong></span> <span class='ocrx_word' id='word_1_183' title='bbox 664 2556 892 2641; x_wconf 86' lang='lat' dir='ltr'><strong>scriptumest</strong></span> <span class='ocrx_word' id='word_1_184' title='bbox 916 2553 971 2621; x_wconf 91' lang='lat' dir='ltr'><strong>lV.</strong></span> <span class='ocrx_word' id='word_1_185' title='bbox 995 2576 1049 2622; x_wconf 86' lang='lat' dir='ltr'><strong>vu.</strong></span> <span class='ocrx_word' id='word_1_186' title='bbox 1075 2562 1106 2622; x_wconf 78' lang='grc' dir='ltr'><strong>ὅ.</strong></span> <span class='ocrx_word' id='word_1_187' title='bbox 1140 2557 1319 2626; x_wconf 70' lang='lat' dir='ltr'><strong>calcatelli</strong></span> 
     </span>
     <span class='ocr_line' id='line_1_23' title="bbox 143 2659 1282 2750; baseline 0.003 -21"><span class='ocrx_word' id='word_1_188' title='bbox 143 2665 257 2729; x_wconf 80' lang='grc' dir='ltr'><strong><em>τούτων</em></strong></span> <span class='ocrx_word' id='word_1_189' title='bbox 280 2685 319 2738; x_wconf 90' lang='grc' dir='ltr'><strong><em>γε</em></strong></span> <span class='ocrx_word' id='word_1_190' title='bbox 344 2668 376 2725; x_wconf 90' lang='lat' dir='ltr'><strong>et</strong></span> <span class='ocrx_word' id='word_1_191' title='bbox 398 2659 451 2724; x_wconf 90' lang='lat' dir='ltr'><strong>lV.</strong></span> <span class='ocrx_word' id='word_1_192' title='bbox 473 2680 537 2723; x_wconf 88' lang='lat' dir='ltr'><strong>vttt.</strong></span> <span class='ocrx_word' id='word_1_193' title='bbox 564 2663 593 2723; x_wconf 59' lang='grc' dir='ltr'><strong>ἐ.</strong></span> <span class='ocrx_word' id='word_1_194' title='bbox 624 2660 722 2725; x_wconf 89' lang='grc' dir='ltr'><strong><em>καίτοι</em></strong></span> <span class='ocrx_word' id='word_1_195' title='bbox 746 2661 798 2725; x_wconf 80' lang='grc' dir='ltr'><strong>τίν</strong></span> <span class='ocrx_word' id='word_1_196' title='bbox 820 2660 986 2742; x_wconf 77' lang='grc' dir='ltr'><strong><em>ἔμπροσθέν</em></strong></span> <span class='ocrx_word' id='word_1_197' title='bbox 1009 2686 1068 2740; x_wconf 89' lang='grc' dir='ltr'><strong><em>γε,</em></strong></span> <span class='ocrx_word' id='word_1_198' title='bbox 1093 2673 1124 2728; x_wconf 90' lang='lat' dir='ltr'><strong>et</strong></span> <span class='ocrx_word' id='word_1_199' title='bbox 1150 2665 1282 2750; x_wconf 84' lang='lat' dir='ltr'><strong>passim.</strong></span> 
     </span>
    </p>

    <p class='ocr_par' dir='ltr' id='par_1_4' title="bbox 141 2764 1321 3995">
     <span class='ocr_line' id='line_1_24' title="bbox 190 2764 1319 2850; baseline -0.002 -16"><span class='ocrx_word' id='word_1_200' title='bbox 190 2768 225 2834; x_wconf 88' lang='lat' dir='ltr'><strong>ln</strong></span> <span class='ocrx_word' id='word_1_201' title='bbox 249 2766 343 2832; x_wconf 85' lang='lat' dir='ltr'><strong>Mem.</strong></span> <span class='ocrx_word' id='word_1_202' title='bbox 364 2764 389 2830; x_wconf 88' lang='lat' dir='ltr'><strong>l.</strong></span> <span class='ocrx_word' id='word_1_203' title='bbox 414 2787 447 2833; x_wconf 91' lang='lat' dir='ltr'><strong>tt.</strong></span> <span class='ocrx_word' id='word_1_204' title='bbox 477 2768 529 2832; x_wconf 80' lang='lat' dir='ltr'><strong>ot.</strong></span> <span class='ocrx_word' id='word_1_205' title='bbox 559 2764 720 2842; x_wconf 75' lang='grc' dir='ltr'><strong><em>ἐγενέσθην</em></strong></span> <span class='ocrx_word' id='word_1_206' title='bbox 738 2802 781 2814; x_wconf 93' lang='lat'><em>-</em></span> <span class='ocrx_word' id='word_1_207' title='bbox 800 2768 841 2831; x_wconf 78' lang='grc' dir='ltr'><strong>τίν</strong></span> <span class='ocrx_word' id='word_1_208' title='bbox 865 2765 951 2848; x_wconf 76' lang='grc' dir='ltr'><strong><em>ἄνδρε</em></strong></span> <span class='ocrx_word' id='word_1_209' title='bbox 975 2766 1073 2832; x_wconf 81' lang='grc' dir='ltr'><strong><em>τούτω</em></strong></span> <span class='ocrx_word' id='word_1_210' title='bbox 1091 2805 1157 2844; x_wconf 87' lang='grc'><strong>-,</strong></span> <span class='ocrx_word' id='word_1_211' title='bbox 1183 2770 1319 2850; x_wconf 68' lang='grc' dir='ltr'><strong><em>ᾔδεσαν</em></strong></span> 
     </span>
     <span class='ocr_line' id='line_1_25' title="bbox 143 2871 1320 2957; baseline 0.002 -19"><span class='ocrx_word' id='word_1_212' title='bbox 143 2912 188 2924; x_wconf 91' lang='lat'><em>-</em></span> <span class='ocrx_word' id='word_1_213' title='bbox 201 2873 386 2954; x_wconf 69' lang='grc' dir='ltr'><strong><em>προείρησθον</em></strong></span> <span class='ocrx_word' id='word_1_214' title='bbox 403 2910 443 2922; x_wconf 89' lang='grc'><strong>-</strong></span> <span class='ocrx_word' id='word_1_215' title='bbox 456 2872 660 2950; x_wconf 74' lang='grc' dir='ltr'><strong><em>ὁμιλησαίτην</em></strong></span> <span class='ocrx_word' id='word_1_216' title='bbox 673 2908 714 2922; x_wconf 91' lang='lat'><em>-</em></span> <span class='ocrx_word' id='word_1_217' title='bbox 730 2871 890 2949; x_wconf 83' lang='grc' dir='ltr'><strong><em>ἕγενέσίην</em></strong></span> <span class='ocrx_word' id='word_1_218' title='bbox 909 2908 946 2920; x_wconf 93' lang='grc'>-</span> <span class='ocrx_word' id='word_1_219' title='bbox 960 2871 1139 2953; x_wconf 74' lang='grc' dir='ltr'><strong><em>ἐπραξάτην</em></strong></span> <span class='ocrx_word' id='word_1_220' title='bbox 1153 2913 1197 2925; x_wconf 93' lang='grc'>-</span> <span class='ocrx_word' id='word_1_221' title='bbox 1219 2876 1320 2957; x_wconf 79' lang='grc' dir='ltr'><strong><em>ἐπρατ·</em></strong></span> 
     </span>
     <span class='ocr_line' id='line_1_26' title="bbox 143 2973 1321 3065; baseline 0.002 -21"><span class='ocrx_word' id='word_1_222' title='bbox 143 2978 487 3059; x_wconf 72' lang='grc' dir='ltr'><strong><em>πέτην-ὠρεχθήτην.</em></strong></span> <span class='ocrx_word' id='word_1_223' title='bbox 536 2973 676 3042; x_wconf 82' lang='lat' dir='ltr'><strong>Offendit</strong></span> <span class='ocrx_word' id='word_1_224' title='bbox 698 2973 832 3061; x_wconf 90' lang='lat' dir='ltr'><strong>pluralis</strong></span> <span class='ocrx_word' id='word_1_225' title='bbox 857 2978 969 3059; x_wconf 67' lang='grc' dir='ltr'><strong><em>ᾔδεσαν</em></strong></span> <span class='ocrx_word' id='word_1_226' title='bbox 993 2977 1026 3041; x_wconf 93' lang='lat' dir='ltr'><strong>in</strong></span> <span class='ocrx_word' id='word_1_227' title='bbox 1050 2976 1105 3041; x_wconf 82' lang='lat' dir='ltr'><strong>illo</strong></span> <span class='ocrx_word' id='word_1_228' title='bbox 1132 2977 1228 3065; x_wconf 81' lang='lat' dir='ltr'><strong>longa</strong></span> <span class='ocrx_word' id='word_1_229' title='bbox 1252 2979 1321 3046; x_wconf 81' lang='lat' dir='ltr'><strong>due·</strong></span> 
     </span>
     <span class='ocr_line' id='line_1_27' title="bbox 143 3080 1320 3169; baseline -0.001 -17"><span class='ocrx_word' id='word_1_230' title='bbox 143 3086 223 3152; x_wconf 93' lang='lat' dir='ltr'><strong>lium</strong></span> <span class='ocrx_word' id='word_1_231' title='bbox 259 3084 359 3160; x_wconf 80' lang='lat' dir='ltr'><strong>serie,</strong></span> <span class='ocrx_word' id='word_1_232' title='bbox 396 3102 453 3148; x_wconf 91' lang='lat' dir='ltr'><strong>uec</strong></span> <span class='ocrx_word' id='word_1_233' title='bbox 483 3081 595 3147; x_wconf 86' lang='lat' dir='ltr'><strong>dubito</strong></span> <span class='ocrx_word' id='word_1_234' title='bbox 619 3080 695 3166; x_wconf 90' lang='lat' dir='ltr'><strong>quin</strong></span> <span class='ocrx_word' id='word_1_235' title='bbox 722 3081 896 3167; x_wconf 87' lang='lat' dir='ltr'><strong>Xenophon</strong></span> <span class='ocrx_word' id='word_1_236' title='bbox 933 3084 1007 3166; x_wconf 70' lang='grc' dir='ltr'><strong><em>ηςην</em></strong></span> <span class='ocrx_word' id='word_1_237' title='bbox 1047 3083 1237 3169; x_wconf 85' lang='lat' dir='ltr'><strong>scripserit,</strong></span> <span class='ocrx_word' id='word_1_238' title='bbox 1273 3081 1320 3151; x_wconf 88' lang='lat' dir='ltr'><strong>sod</strong></span> 
     </span>
     <span class='ocr_line' id='line_1_28' title="bbox 143 3183 1320 3271; baseline -0.003 -13"><span class='ocrx_word' id='word_1_239' title='bbox 143 3191 267 3258; x_wconf 87' lang='lat' dir='ltr'><strong>scribae</strong></span> <span class='ocrx_word' id='word_1_240' title='bbox 291 3187 403 3253; x_wconf 78' lang='lat' dir='ltr'><strong>formis</strong></span> <span class='ocrx_word' id='word_1_241' title='bbox 428 3189 523 3271; x_wconf 67' lang='grc' dir='ltr'><strong><em>ᾔτην,</em></strong></span> <span class='ocrx_word' id='word_1_242' title='bbox 548 3184 667 3268; x_wconf 73' lang='grc' dir='ltr'><strong><em>ᾖσμεν,</em></strong></span> <span class='ocrx_word' id='word_1_243' title='bbox 691 3183 745 3267; x_wconf 68' lang='lat' dir='ltr'><strong>dre</strong></span> <span class='ocrx_word' id='word_1_244' title='bbox 774 3194 805 3252; x_wconf 90' lang='lat' dir='ltr'><strong>ct</strong></span> <span class='ocrx_word' id='word_1_245' title='bbox 831 3185 909 3268; x_wconf 74' lang='grc' dir='ltr'><strong><em>ᾖσαν</em></strong></span> <span class='ocrx_word' id='word_1_246' title='bbox 932 3187 1076 3254; x_wconf 89' lang='lat' dir='ltr'><strong>indixere</strong></span> <span class='ocrx_word' id='word_1_247' title='bbox 1100 3187 1240 3268; x_wconf 89' lang='lat' dir='ltr'><strong>bellum,</strong></span> <span class='ocrx_word' id='word_1_248' title='bbox 1263 3209 1320 3257; x_wconf 81' lang='lat' dir='ltr'><strong>eas·</strong></span> 
     </span>
     <span class='ocr_line' id='line_1_29' title="bbox 143 3291 1321 3382; baseline 0 -20"><span class='ocrx_word' id='word_1_249' title='bbox 143 3317 205 3382; x_wconf 89' lang='lat' dir='ltr'><strong>que</strong></span> <span class='ocrx_word' id='word_1_250' title='bbox 243 3295 360 3380; x_wconf 89' lang='lat' dir='ltr'><strong>passim</strong></span> <span class='ocrx_word' id='word_1_251' title='bbox 395 3291 608 3357; x_wconf 76' lang='lat' dir='ltr'><strong>obliterarunt</strong></span> <span class='ocrx_word' id='word_1_252' title='bbox 644 3299 680 3356; x_wconf 93' lang='lat' dir='ltr'><strong>ut</strong></span> <span class='ocrx_word' id='word_1_253' title='bbox 714 3291 766 3355; x_wconf 87' lang='lat' dir='ltr'><strong>rix</strong></span> <span class='ocrx_word' id='word_1_254' title='bbox 803 3295 1005 3358; x_wconf 87' lang='lat' dir='ltr'><strong>emerserint.</strong></span> <span class='ocrx_word' id='word_1_255' title='bbox 1060 3293 1219 3381; x_wconf 84' lang='lat' dir='ltr'><strong>Exempla</strong></span> <span class='ocrx_word' id='word_1_256' title='bbox 1252 3295 1321 3362; x_wconf 81' lang='lat' dir='ltr'><strong>alim</strong></span> 
     </span>
     <span class='ocr_line' id='line_1_30' title="bbox 145 3395 1321 3486; baseline -0.001 -19"><span class='ocrx_word' id='word_1_257' title='bbox 145 3399 309 3486; x_wconf 89' lang='lat' dir='ltr'><strong>complura</strong></span> <span class='ocrx_word' id='word_1_258' title='bbox 340 3398 531 3475; x_wconf 90' lang='lat' dir='ltr'><strong>attulimus,</strong></span> <span class='ocrx_word' id='word_1_259' title='bbox 567 3395 683 3481; x_wconf 90' lang='lat' dir='ltr'><strong>quihus</strong></span> <span class='ocrx_word' id='word_1_260' title='bbox 717 3417 816 3462; x_wconf 93' lang='lat' dir='ltr'><strong>unum</strong></span> <span class='ocrx_word' id='word_1_261' title='bbox 851 3396 931 3462; x_wconf 89' lang='lat' dir='ltr'><strong>addo</strong></span> <span class='ocrx_word' id='word_1_262' title='bbox 965 3397 1191 3466; x_wconf 84' lang='lat' dir='ltr'><strong>Demosthenis</strong></span> <span class='ocrx_word' id='word_1_263' title='bbox 1226 3401 1321 3468; x_wconf 86' lang='lat' dir='ltr'><strong>locutu</strong></span> 
     </span>
     <span class='ocr_line' id='line_1_31' title="bbox 144 3501 1320 3586; baseline -0.002 -14"><span class='ocrx_word' id='word_1_264' title='bbox 144 3507 178 3572; x_wconf 90' lang='lat' dir='ltr'><strong>in</strong></span> <span class='ocrx_word' id='word_1_265' title='bbox 203 3503 290 3572; x_wconf 83' lang='lat' dir='ltr'><strong>Orat.</strong></span> <span class='ocrx_word' id='word_1_266' title='bbox 313 3503 422 3569; x_wconf 84' lang='lat' dir='ltr'><strong>XLIX.</strong></span> <span class='ocrx_word' id='word_1_267' title='bbox 447 3505 500 3567; x_wconf 81' lang='lat'><strong>46.</strong></span> <span class='ocrx_word' id='word_1_268' title='bbox 533 3501 650 3575; x_wconf 84' lang='grc' dir='ltr'><strong><em>πιίντες</em></strong></span> <span class='ocrx_word' id='word_1_269' title='bbox 682 3504 746 3584; x_wconf 75' lang='grc' dir='ltr'><strong><em>γίιρ</em></strong></span> <span class='ocrx_word' id='word_1_270' title='bbox 780 3503 840 3572; x_wconf 73' lang='lat' dir='ltr'><strong>ise</strong></span> <span class='ocrx_word' id='word_1_271' title='bbox 869 3507 920 3568; x_wconf 84' lang='grc' dir='ltr'><strong>τὸν</strong></span> <span class='ocrx_word' id='word_1_272' title='bbox 951 3503 1073 3583; x_wconf 80' lang='grc' dir='ltr'><strong><em>πατέρα</em></strong></span> <span class='ocrx_word' id='word_1_273' title='bbox 1103 3507 1157 3571; x_wconf 79' lang='grc' dir='ltr'><strong>τίν</strong></span> <span class='ocrx_word' id='word_1_274' title='bbox 1192 3507 1266 3586; x_wconf 77' lang='grc' dir='ltr'><strong><em>ἐμίν</em></strong></span> <span class='ocrx_word' id='word_1_275' title='bbox 1292 3506 1320 3570; x_wconf 85' lang='lat' dir='ltr'><strong>ni</strong></span> 
     </span>
     <span class='ocr_line' id='line_1_32' title="bbox 142 3607 1321 3689; baseline -0.003 -11"><span class='ocrx_word' id='word_1_276' title='bbox 142 3619 201 3678; x_wconf 81' lang='grc' dir='ltr'><strong>τῶν</strong></span> <span class='ocrx_word' id='word_1_277' title='bbox 226 3609 375 3689; x_wconf 77' lang='grc' dir='ltr'><strong><em>δημοσίων</em></strong></span> <span class='ocrx_word' id='word_1_278' title='bbox 407 3608 518 3680; x_wconf 70' lang='grc' dir='ltr'><strong><em>ἀδίκοις</em></strong></span> <span class='ocrx_word' id='word_1_279' title='bbox 552 3607 782 3687; x_wconf 75' lang='grc' dir='ltr'><strong><em>ἐπιθυμοῦντα,</em></strong></span> <span class='ocrx_word' id='word_1_280' title='bbox 814 3608 974 3673; x_wconf 87' lang='lat' dir='ltr'><strong>sententia</strong></span> <span class='ocrx_word' id='word_1_281' title='bbox 1006 3607 1125 3675; x_wconf 84' lang='lat' dir='ltr'><strong>clamat</strong></span> <span class='ocrx_word' id='word_1_282' title='bbox 1162 3608 1321 3678; x_wconf 80' lang='lat' dir='ltr'><strong>Oratorem</strong></span> 
     </span>
     <span class='ocr_line' id='line_1_33' title="bbox 142 3712 1320 3799; baseline -0.002 -15"><span class='ocrx_word' id='word_1_283' title='bbox 142 3717 280 3784; x_wconf 87' lang='lat' dir='ltr'><strong>dixisse:</strong></span> <span class='ocrx_word' id='word_1_284' title='bbox 305 3736 378 3780; x_wconf 87' lang='lat' dir='ltr'><strong>nom</strong></span> <span class='ocrx_word' id='word_1_285' title='bbox 402 3713 544 3778; x_wconf 81' lang='lat' dir='ltr'><strong>sciebatis</strong></span> <span class='ocrx_word' id='word_1_286' title='bbox 567 3735 694 3792; x_wconf 87' lang='lat' dir='ltr'><strong>omnes,</strong></span> <span class='ocrx_word' id='word_1_287' title='bbox 719 3716 827 3798; x_wconf 89' lang='lat' dir='ltr'><strong>itaque</strong></span> <span class='ocrx_word' id='word_1_288' title='bbox 860 3712 977 3786; x_wconf 84' lang='grc' dir='ltr'><strong><em>πιίντες</em></strong></span> <span class='ocrx_word' id='word_1_289' title='bbox 1007 3715 1069 3797; x_wconf 77' lang='grc' dir='ltr'><strong>γαρ</strong></span> <span class='ocrx_word' id='word_1_290' title='bbox 1101 3713 1170 3799; x_wconf 67' lang='grc' dir='ltr'><strong><em>ἦτε</em></strong></span> <span class='ocrx_word' id='word_1_291' title='bbox 1201 3736 1220 3782; x_wconf 90' lang='lat' dir='ltr'><strong>a</strong></span> <span class='ocrx_word' id='word_1_292' title='bbox 1251 3714 1320 3782; x_wconf 77' lang='lat' dir='ltr'><strong>ttet-</strong></span> 
     </span>
     <span class='ocr_line' id='line_1_34' title="bbox 142 3817 1320 3909; baseline -0.006 -19"><span class='ocrx_word' id='word_1_293' title='bbox 142 3825 220 3890; x_wconf 83' lang='lat' dir='ltr'><strong>ltero</strong></span> <span class='ocrx_word' id='word_1_294' title='bbox 237 3821 385 3887; x_wconf 87' lang='lat' dir='ltr'><strong>lubenter</strong></span> <span class='ocrx_word' id='word_1_295' title='bbox 402 3819 590 3904; x_wconf 90' lang='lat' dir='ltr'><strong>accipimus.</strong></span> <span class='ocrx_word' id='word_1_296' title='bbox 639 3818 755 3884; x_wconf 81' lang='lat' dir='ltr'><strong>Contra</strong></span> <span class='ocrx_word' id='word_1_297' title='bbox 775 3817 877 3884; x_wconf 87' lang='lat' dir='ltr'><strong>lorma</strong></span> <span class='ocrx_word' id='word_1_298' title='bbox 901 3820 976 3901; x_wconf 67' lang='lat' dir='ltr'><strong>deno</strong></span> <span class='ocrx_word' id='word_1_299' title='bbox 1001 3820 1101 3887; x_wconf 88' lang='lat' dir='ltr'><strong>invito</strong></span> <span class='ocrx_word' id='word_1_300' title='bbox 1119 3817 1320 3909; x_wconf 79' lang='lat' dir='ltr'><strong>Aristophani</strong></span> 
     </span>
     <span class='ocr_line' id='line_1_35' title="bbox 141 3923 680 3995; baseline -0.011 0"><span class='ocrx_word' id='word_1_301' title='bbox 141 3928 327 3995; x_wconf 90' lang='lat' dir='ltr'><strong>obtruditur</strong></span> <span class='ocrx_word' id='word_1_302' title='bbox 349 3926 381 3990; x_wconf 94' lang='lat' dir='ltr'><strong>in</strong></span> <span class='ocrx_word' id='word_1_303' title='bbox 404 3923 526 3990; x_wconf 80' lang='lat' dir='ltr'><strong>Avibus</strong></span> <span class='ocrx_word' id='word_1_304' title='bbox 558 3945 604 3990; x_wconf 88' lang='lat' dir='ltr'><strong>vs.</strong></span> <span class='ocrx_word' id='word_1_305' title='bbox 630 3928 680 3990; x_wconf 87' lang='lat'><strong>19.</strong></span> 
     </span>
    </p>

    <p class='ocr_par' dir='ltr' id='par_1_5' title="bbox 275 4028 1108 4113">
     <span class='ocr_line' id='line_1_36' title="bbox 275 4028 1108 4113; baseline 0 -15"><span class='ocrx_word' id='word_1_306' title='bbox 275 4035 316 4098; x_wconf 85' lang='grc' dir='ltr'><strong>τὼ</strong></span> <span class='ocrx_word' id='word_1_307' title='bbox 341 4032 366 4096; x_wconf 77' lang='grc' dir='ltr'><strong>δ’</strong></span> <span class='ocrx_word' id='word_1_308' title='bbox 391 4033 445 4096; x_wconf 86' lang='grc' dir='ltr'><strong>οὐκ</strong></span> <span class='ocrx_word' id='word_1_309' title='bbox 467 4028 515 4110; x_wconf 73' lang='grc' dir='ltr'><strong><em>ἄρ’</em></strong></span> <span class='ocrx_word' id='word_1_310' title='bbox 539 4032 628 4113; x_wconf 67' lang='lat' dir='ltr'><strong>iisne</strong></span> <span class='ocrx_word' id='word_1_311' title='bbox 652 4032 733 4097; x_wconf 73' lang='lat' dir='ltr'><strong>obdia</strong></span> <span class='ocrx_word' id='word_1_312' title='bbox 756 4028 837 4096; x_wconf 72' lang='grc' dir='ltr'><strong>ἄλλο</strong></span> <span class='ocrx_word' id='word_1_313' title='bbox 860 4032 942 4106; x_wconf 75' lang='grc' dir='ltr'><strong><em>πλην</em></strong></span> <span class='ocrx_word' id='word_1_314' title='bbox 965 4030 1108 4109; x_wconf 77' lang='grc' dir='ltr'><strong><em>διίκνειν,</em></strong></span> 
     </span>
    </p>

    <p class='ocr_par' dir='ltr' id='par_1_6' title="bbox 139 4134 1317 4337">
     <span class='ocr_line' id='line_1_37' title="bbox 141 4134 1317 4218; baseline -0.003 -12"><span class='ocrx_word' id='word_1_315' title='bbox 141 4140 196 4206; x_wconf 91' lang='lat' dir='ltr'><strong>uhi</strong></span> <span class='ocrx_word' id='word_1_316' title='bbox 221 4140 294 4215; x_wconf 80' lang='grc' dir='ltr'><strong><em>ἥςην</em></strong></span> <span class='ocrx_word' id='word_1_317' title='bbox 328 4156 442 4202; x_wconf 84' lang='lat' dir='ltr'><strong>verum</strong></span> <span class='ocrx_word' id='word_1_318' title='bbox 472 4144 543 4214; x_wconf 90' lang='lat' dir='ltr'><strong>est,</strong></span> <span class='ocrx_word' id='word_1_319' title='bbox 571 4136 669 4202; x_wconf 90' lang='lat' dir='ltr'><strong>Attici</strong></span> <span class='ocrx_word' id='word_1_320' title='bbox 695 4137 779 4201; x_wconf 86' lang='lat' dir='ltr'><strong>enim</strong></span> <span class='ocrx_word' id='word_1_321' title='bbox 810 4136 843 4200; x_wconf 90' lang='lat' dir='ltr'><strong>in</strong></span> <span class='ocrx_word' id='word_1_322' title='bbox 876 4135 927 4201; x_wconf 91' lang='lat' dir='ltr'><strong>illa</strong></span> <span class='ocrx_word' id='word_1_323' title='bbox 951 4135 1113 4204; x_wconf 89' lang='lat' dir='ltr'><strong>locutione</strong></span> <span class='ocrx_word' id='word_1_324' title='bbox 1136 4134 1236 4218; x_wconf 85' lang='grc' dir='ltr'><strong><em>είναι,</em></strong></span> <span class='ocrx_word' id='word_1_325' title='bbox 1263 4155 1317 4205; x_wconf 91' lang='lat' dir='ltr'><strong>non</strong></span> 
     </span>
     <span class='ocr_line' id='line_1_38' title="bbox 139 4238 1167 4337; baseline -0.002 -26"><span class='ocrx_word' id='word_1_326' title='bbox 139 4245 270 4321; x_wconf 74' lang='grc' dir='ltr'><strong><em>εἰδέναι,</em></strong></span> <span class='ocrx_word' id='word_1_327' title='bbox 287 4250 464 4329; x_wconf 87' lang='lat' dir='ltr'><strong>usurpant.</strong></span> <span class='ocrx_word' id='word_1_328' title='bbox 514 4238 648 4327; x_wconf 79' lang='lat' dir='ltr'><strong>Amphis</strong></span> <span class='ocrx_word' id='word_1_329' title='bbox 669 4241 755 4330; x_wconf 89' lang='lat' dir='ltr'><strong>apud</strong></span> <span class='ocrx_word' id='word_1_330' title='bbox 779 4241 869 4327; x_wconf 81' lang='lat' dir='ltr'><strong>Diog.</strong></span> <span class='ocrx_word' id='word_1_331' title='bbox 894 4241 1000 4310; x_wconf 81' lang='lat' dir='ltr'><strong>baert.</strong></span> <span class='ocrx_word' id='word_1_332' title='bbox 1022 4243 1077 4311; x_wconf 88' lang='lat' dir='ltr'><strong>tlt.</strong></span> <span class='ocrx_word' id='word_1_333' title='bbox 1104 4246 1167 4337; x_wconf 30' lang='grc' dir='ltr'><strong>ΞΘ..</strong></span> 
     </span>
    </p>
   </div>
   <div class='ocr_carea' id='block_1_3' title="bbox 0 0 1474 5010">
    <p class='ocr_par' dir='ltr' id='par_1_7' title="bbox 0 0 1474 5010">
     <span class='ocr_line' id='line_1_39' title="bbox 0 0 1474 5010; baseline 0 3"><span class='ocrx_word' id='word_1_334' title='bbox 0 0 1474 5010; x_wconf 95' lang='lat' dir='ltr'><strong> </strong></span> 
     </span>
    </p>
   </div>
  </div>
 </body>
</html>
