2940 5010
702 310 769 373 oto

151 480 261 550 decem
297 481 416 549 talenta
449 478 662 549 decreverint.
710 482 813 549 bouus
846 489 896 548 est
931 482 965 547 in
997 481 1081 550 libro
1114 482 1155 549 de
1186 480 1329 551 horna

149 588 345 673 nrolipnr'late
373 609 402 675 p.
423 591 500 655 862.
525 588 558 653 B.
591 586 768 668 Ἡρόδοτος,
801 588 929 675 inquit,
951 586 1028 655 δέκα
1047 587 1200 655 τάλαντα
1221 591 1329 673 δωρεὰ

148 694 266 773 ἔλαβεν
285 692 320 770 ἐξ
341 696 470 769 ’Alnvciv
493 695 661 760 ’Andron
684 696 719 759 ri
736 695 893 777 ψήφισμα
913 692 1118 777 γράψαντος,
1141 694 1329 786 10810ῡίγί-

149 798 199 874 lo‚
224 817 317 884 quem
342 819 537 886 quamquam
562 797 756 865 Plutarchus
777 807 969 884 argumento
992 801 1136 867 serviens
1159 799 1249 867 houd
1270 822 1330 867 ror·

149 905 346 969 temnendum
373 916 529 970 auctorem
554 903 713 990 appellat,
749 912 854 969 tamen
879 922 948 969 reru
973 923 1101 971 omnem
1122 906 1159 972 tx
1182 915 1242 983 τῆς
1261 932 1331 975 m

148 1009 340 1091 εψευσμένης
370 1010 484 1090 tropice
507 1018 669 1095 arreptam
689 1029 760 1075 esse
784 1007 924 1074 arbitror
944 1028 1048 1101 neque
1070 1012 1215 1079 attinere
1244 1032 1331 1100 quae»

148 1133 220 1180 rere
255 1113 412 1201 quomodo
442 1116 568 1202 Anytus
598 1113 781 1202 psephisma
812 1115 1001 1199 scripserit,
1034 1113 1120 1201 quod
1156 1136 1331 1204 numquam

147 1217 245 1285 tuerit
269 1220 438 1305 seriptum.
486 1219 586 1285 Viden
614 1228 649 1285 ut
672 1221 781 1285 omnia
807 1227 953 1285 scateant
978 1217 1095 1287 tabulis
1117 1229 1153 1287 et
1176 1242 1330 1291 commen·

146 1324 214 1389 tis?
263 1324 324 1390 Sed
348 1323 489 1409 nugandi
516 1323 654 1409 palmam
677 1324 827 1390 omnibus
847 1324 1003 1409 praeripit
1026 1328 1137 1392 nescio
1160 1329 1259 1415 quis,
1280 1327 1329 1417 qui

147 1428 308 1513 Epistulas
337 1430 518 1495 Socraticas
550 1428 666 1509 tinxit,
699 1449 761 1495 non
788 1436 823 1495 ut
845 1428 999 1515 cuiqnam
1028 1430 1237 1517 imponeret,
1260 1452 1327 1501 nave

145 1532 258 1598 multis
282 1532 411 1599 domum
437 1532 574 1600 saeculis
599 1544 670 1621 post
694 1535 761 1600 nati
795 1541 872 1600 sunt
898 1533 1018 1601 Leones
1047 1534 1183 1614 Atlatii,
1216 1538 1327 1626 quihus

144 1638 213 1724 ipse
237 1637 385 1704 Socrates
413 1640 476 1704 ista
499 1639 587 1705 visus
611 1648 659 1704 est
682 1637 824 1705 seribere
847 1641 1006 1724 potuisse,
1030 1638 1086 1706 sed
1109 1643 1215 1709 animi
1237 1662 1326 1711 cauta

144 1743 264 1809 autad
289 1742 399 1809 stilum
425 1744 649 1810 exercendum.
697 1744 733 1809 ln
760 1743 810 1810 his
837 1743 979 1830 Epistola
1001 1745 1083 1812 xlv.
1116 1749 1243 1835 scripta
1265 1768 1325 1817 esre

144 1846 279 1934 tingitur
314 1850 424 1915 statim
457 1857 528 1935 post
553 1848 695 1915 Socratis
726 1862 863 1915 mortem
899 1849 938 1915 ab
973 1848 1131 1917 Aeschine
1164 1852 1207 1919 ad
1231 1854 1322 1921 Xeno

142 1953 318 2040 phontcm,
342 1974 436 2040 qrvem
462 1954 596 2041 Spartae
621 1974 707 2019 nunc
730 1974 800 2020 esse
822 1952 945 2019 scribit.
983 1954 1139 2034 Queritur
1161 1959 1250 2025 enirn
1270 1960 1322 2027 Xe·

142 2059 336 2146 noplrontem
358 2059 510 2125 damnato
542 2058 672 2125 Socrate
699 2059 830 2124 Athenis
858 2080 918 2124 non
949 2059 1071 2146 fuisso,
1100 2058 1180 2130 alvan
1205 2064 1239 2131 δὲ
1260 2066 1318 2147 περὶ

140 2166 374 2244 Λακεδαίμονα.
423 2164 543 2231 Scribit
579 2163 662 2229 idem
687 2163 907 2252 Xenophontis
939 2162 1021 2229 filios
1046 2164 1183 2233 Athenis
1206 2179 1319 2237 essaei

141 2268 284 2335 Socratis
308 2271 485 2336 orationem
518 2269 689 2356 diligenter
719 2271 935 2357 conscriptam
964 2268 1003 2335 ad
1036 2279 1160 2356 patrem
1187 2275 1314 2343 misisse

140 2372 349 2440 Ohourinem
375 2375 502 2440 minimi
520 2376 614 2461 preth
639 2383 670 2440 et
694 2375 839 2440 oninium
864 2395 973 2441 rerum
998 2376 1167 2461 ignaruml
1198 2379 1245 2447 Ne
1267 2380 1315 2447 bot

139 2479 269 2565 quidem
295 2480 414 2545 sciebat
435 2479 676 2565 Xenophontem
698 2481 730 2545 in
755 2481 830 2545 Asia
853 2488 922 2545 tum
944 2481 1044 2547 luisse
1065 2490 1098 2548 et
1124 2502 1231 2571 neque
1251 2506 1313 2553 uro

138 2604 206 2650 rem
242 2605 345 2671 neque
376 2584 491 2650 liberos
524 2583 683 2650 habuisse.
738 2585 815 2650 Tam
847 2588 997 2671 egregius
1027 2588 1119 2653 testis
1151 2594 1313 2659 memoriae

137 2689 280 2776 prodidit
305 2690 454 2755 tieletum
484 2689 662 2778 Polycratis
685 2690 829 2756 oratione
856 2711 971 2758 usum:
997 2692 1062 2757 ὅδὲ
1086 2694 1182 2772 λόγος
1208 2693 1243 2772 riv
1264 2708 1312 2765 lir-

137 2795 309 2877 λυκραὶτους
333 2802 385 2862 τοῦ
407 2801 556 2879 cedreni,
580 2792 611 2860 dv
633 2798 907 2869 ἐκεῖνος-κακὸν
930 2804 1031 2871 κακῶς
1054 2799 1226 2883 ἐπιτρίψας
1249 2826 1312 2870 κιτ-

136 2900 207 2980 ltin.
255 2902 493 2967 Demonstravit
517 2900 701 2978 Bentleius,
736 2909 772 2966 ut
803 2920 901 2988 supra
927 2903 1151 2985 ostendimus,
1184 2904 1313 2994 quidde

137 3006 318 3096 Polycratis
348 3008 491 3072 oratione
525 3013 609 3072 esset
641 3005 871 3084 statuendum,
904 3007 959 3073 sed
991 3008 1075 3095 quod
1110 3010 1312 3101 Hermippun

138 3111 276 3178 credidit
300 3114 332 3177 in
357 3112 467 3178 eodem
490 3131 599 3178 errore
626 3111 724 3177 luisse
748 3118 845 3197 atque
869 3111 1105 3192 Quintilianum
1127 3126 1160 3183 et
1182 3119 1313 3186 Themis

137 3217 242 3295 tium,
268 3218 322 3302 qui
347 3219 442 3283 istam
468 3217 648 3299 Σωκράτους
680 3218 869 3298 xxrayoplav
895 3237 1005 3284 revera
1035 3221 1067 3285 in
1090 3220 1214 3290 iudicio
1237 3224 1313 3291 habi·

139 3331 204 3387 tam
223 3343 292 3388 esse
315 3323 435 3409 opinati
459 3333 549 3399 sunt,
574 3322 640 3387 falli
661 3320 839 3387 bentleium
860 3325 1026 3401 existimo,
1050 3328 1313 3411 quemadmodum

138 3426 309 3492 marrilesto
335 3426 474 3505 tollitur,
511 3427 563 3493 ubi
595 3430 667 3493 novi
698 3429 817 3493 erroris
842 3429 873 3493 in
902 3428 1037 3495 historia
1066 3431 1212 3501 Socratis
1239 3457 1314 3505 com·

138 3532 229 3597 missi
254 3532 464 3617 Hermippum
487 3534 617 3618 arguit,
647 3521 741 3619 qdem
770 3533 969 3618 praeclarum
1001 3545 1033 3601 et
1061 3537 1313 3610 eruditissimum

138 3637 328 3722 scriptorem
355 3636 453 3704 luisse
476 3639 620 3704 omnium
648 3639 780 3702 minime
805 3636 947 3723 fugiebat
971 3640 1164 3710 Bentleium.
1212 3648 1316 3735 ltaque

140 3764 198 3808 »nc
229 3763 321 3829 quem
354 3752 418 3807 tam
443 3743 601 3830 praeclari
633 3744 792 3830 scriptoris
822 3746 990 3810 auctoritas
1021 3747 1212 3816 dctetrcot”
1247 3754 1316 3821 lter·

137 3849 238 3935 mippi
260 3848 359 3914 alium
392 3868 532 3915 errorem
558 3851 654 3915 etiam
682 3849 863 3935 graviorem
893 3849 924 3913 in
950 3849 1084 3918 historia
1109 3853 1254 3926 Socratis
1276 3858 1314 3926 di·

139 3954 184 4021 cit
206 3974 239 4020 se
264 3961 532 4020 monstraturum.
581 3954 724 4041 Namque
748 3954 958 4040 Hermippum
983 3967 1149 4026 auctorem
1173 3982 1246 4032 esse
1267 3966 1315 4033 So

138 4069 259 4126 cratem
293 4078 419 4145 qrroque
449 4061 482 4125 in
514 4080 624 4126 eorum
658 4080 793 4126 numero
820 4058 940 4139 luisse,
969 4063 1025 4148 qui
1056 4063 1228 4152 Gryllum,
1264 4071 1318 4139 Xe·

139 4165 310 4252 noplvontis
332 4165 457 4242 hittun,
483 4185 582 4251 quum
611 4167 642 4230 in
668 4166 798 4244 eadem,
820 4185 883 4254 qua
918 4166 1179 4253 Epanrinondas,
1215 4194 1318 4261 pugna

140 4269 330 4347 cecidisset,
361 4273 482 4356 scripta
514 4274 657 4337 oratione
689 4270 904 4339 laudaverint:
938 4273 1013 4360 »pai
1041 4279 1174 4356 creor?
1199 4281 1320 4369 inquit,

141 4396 220 4440 soon
244 4375 463 4461 minrvrqnom
488 4376 642 4445 xxxvii.
667 4390 909 4455 decorumst,
946 4381 1001 4464 qui
1020 4392 1151 4450 mortem
1186 4384 1322 4455 Socratis
