2940 5010
706 300 771 365 mo

151 474 343 561 scriptorum
379 469 573 538 testimoniis
604 490 666 539 nou
699 472 855 561 indigent.
902 472 938 540 ln
972 471 1024 540 hin
1054 473 1131 543 solie
1164 473 1267 562 igitur
1285 496 1326 531 -·

148 581 231 658 δυ’ω,
256 579 439 659 -δέοιμι,
463 617 507 631 --
526 578 605 654 δύω,
630 603 682 664 κς,
711 606 746 666 p,
773 580 947 666 ρννοιοιιέἰν
979 582 1135 668 temporis
1164 600 1237 649 em
1263 602 1327 670 pou·

148 692 245 763 sunt,
281 693 313 751 et
335 685 499 763 νδτυδύοιρω
525 688 576 772 (ot
602 682 662 751 hoo
685 684 773 774 utor)
797 692 855 751 ont
878 704 1027 773 promens
1048 693 1099 753 ent
1128 685 1221 754 verbi
1244 695 1326 755 tnn-

148 791 235 857 sitivi
256 790 400 867 οὶτοδέυ,
425 798 483 856 aut
505 789 639 856 ουκίιέωι
662 788 751 858 verbi
781 788 880 858 modii
899 791 1094 873 οὶτοδύοροοιι,
1117 792 1248 860 ἐτέδνν.
1293 794 1326 861 ln

148 896 199 962 his
223 896 299 962 solis
320 935 367 945 -
385 896 466 962 δέειν
489 902 521 960 et
542 931 588 944 —
609 894 685 962 δυ’νν
708 903 741 963 et
762 936 807 951 -
825 896 909 964 έδνον
930 899 1068 966 unitatae
1095 896 1222 966 toronae
1243 906 1327 967 nunt.

148 1000 293 1090 Thuopd.
316 1001 358 1069 ll.
385 1006 444 1068 91:
467 1004 485 1077 ἡ
508 1002 638 1076 Ἀττικὴ
660 1005 735 1075 ναῦς
754 1011 794 1086 τῇ
823 1001 1008 1092 [Λευκαδέρ]
1036 1005 1185 1087 διωκοέσρ
1208 1004 1327 1086 influit·

144 1124 193 1176 λει
216 1107 296 1193 μέσῃ
319 1107 372 1174 καὶ
404 1107 627 1185 καταδύει,
657 1105 713 1173 ubi
741 1106 846 1174 obiter
869 1126 1017 1195 expunge
1038 1110 1225 1196 Λευκαδία,
1248 1110 1329 1199 quol

146 1216 239 1302 plone
263 1212 379 1280 inutile
399 1222 448 1279 est
469 1222 500 1279 et
525 1213 680 1280 Graecam
705 1214 966 1301 compositionem
989 1215 1094 1282 vitiat.
1140 1214 1327 1284 Demosthe·

146 1341 203 1388 nes
237 1339 309 1406 pag.
333 1323 418 1396 763,
452 1322 515 1385 26:
549 1322 581 1385 οὐ
605 1319 670 1401 reip
699 1314 758 1395 olle
781 1322 811 1386 τ’
834 1319 880 1394 εἴν
915 1318 1041 1394 σοέντοις
1078 1321 1266 1402 ἐκδύειν,
1297 1330 1327 1390 et

143 1446 237 1512 saepe
257 1423 341 1511 opud
370 1423 459 1490 aiios.
506 1423 734 1507 Imperfectum
766 1425 865 1492 ἐνέδυε
890 1426 1031 1512 pessime
1053 1426 1086 1491 in
1110 1428 1196 1494 ένέδν
1218 1427 1327 1516 dopm·

143 1539 253 1597 vntum
278 1536 326 1596 est
349 1527 434 1615 opud
468 1529 671 1597 Charitonem
694 1530 730 1597 V.
756 1536 786 1598 o.
811 1549 883 1618 pag.
908 1535 996 1607 ton.
1022 1536 1077 1598 41.
1111 1532 1243 1602 liinsoln.
1276 1534 1325 1601 καὶ

144 1639 233 1703 ταῦθ’
255 1633 327 1714 ἅμα
360 1635 498 1714 λέγουσα
527 1637 639 1701 ἐνέδυ
670 1635 721 1702 καὶ
753 1637 877 1716 ἐκόσμει
907 1639 963 1713 τὴν
990 1638 1195 1720 Καλλιρρέκυ.
1244 1639 1325 1707 sotio

143 1749 193 1811 est
212 1742 396 1828 apposuisse
415 1741 615 1809 simillimum
634 1742 739 1808 loonm
763 1741 982 1829 Xenophontio
1009 1741 1123 1831 Cynop.
1144 1743 1199 1810 v1.
1223 1766 1267 1811 nv.
1290 1750 1325 1811 5:

142 1853 248 1916 ταῦτα
271 1848 303 1913 δέ
323 1848 462 1926 λέγουσα
484 1845 557 1927 ἅμα
580 1847 715 1914 ἐνέδυε
738 1848 782 1914 τοδ
805 1845 901 1914 ὅπλα.
948 1848 1118 1915 Praeterea
1149 1848 1324 1916 notandum

142 1962 190 2022 est
214 1952 318 2018 inhio
342 1962 482 2038 quatuor
504 1952 610 2020 verbis
642 1952 819 2039 perlectum
845 1951 966 2019 formae
998 1954 1123 2020 netivne
1145 1963 1182 2020 et
1204 1953 1324 2022 mediae

142 2058 270 2126 eaodem
289 2057 425 2123 formum
450 2056 577 2125 habere·
623 2060 815 2125 ’Λτοδέδυνα
836 2066 869 2125 et
890 2060 1009 2125 eonisto
1028 2060 1174 2126 ἐσέδυσκ
1196 2079 1322 2148 respon·

143 2167 197 2233 det
216 2173 247 2232 et
269 2163 450 2249 significet:
475 2163 573 2230 elium
595 2173 677 2230 veste
699 2165 847 2250 spoliavi,
870 2172 902 2231 et
922 2167 1041 2231 nonisto
1062 2165 1180 2232 δσέδυν
1204 2174 1241 2232 ιιι
1265 2167 1322 2232 nit:

141 2276 210 2359 ipse
231 2281 346 2336 vestem
365 2271 448 2337 exui.
484 2269 574 2336 lilius
598 2269 857 2355 significationis,
881 2270 956 2356 quin
980 2268 1155 2336 admodum
1178 2290 1253 2339 rum
1275 2290 1321 2338 oo·

140 2377 260 2454 currit,
293 2383 408 2440 testem
439 2374 579 2461 pnoduoo
609 2374 850 2462 Xenophontem
884 2377 916 2440 iu
949 2375 1088 2441 Anubosi
1110 2375 1148 2442 V.
1170 2396 1239 2443 νιιι.
1261 2380 1321 2443 25:

136 2487 328 2561 Κοτυωριτῶν
347 2482 480 2553 πολλοὺς
503 2480 557 2554 ἤδη
581 2480 848 2546 ἀποδέδυκεν.
885 2479 993 2547 Solent
1014 2482 1078 2546 tria
1098 2479 1226 2567 reliqua
1244 2480 1318 2548 ε’νδέ·

139 2591 235 2662 δνκνι,
262 2585 408 2651 ἐνδέδυκα
427 2592 457 2650 et
481 2586 678 2651 κατκδέδυκα
701 2585 814 2652 reienni
838 2585 877 2651 ad
898 2585 1016 2652 formas
1038 2585 1162 2653 medias
1183 2589 1320 2666 ἐνδύνμκι

138 2696 233 2760 induo
264 2701 396 2767 uestem,
420 2690 565 2769 ἐκδέομαι
583 2712 664 2776 pono
683 2700 818 2769 vestem,
843 2691 1040 2770 καταδύομαι
1058 2694 1187 2777 penitus
1211 2695 1246 2758 οἰι
1266 2694 1321 2759 oli·

139 2821 230 2889 quem
248 2799 348 2863 locum
366 2796 444 2861 oluio
455 2816 523 2872 me,
548 2796 602 2862 sed
623 2796 702 2861 nihil
722 2796 916 2883 impediebat
934 2796 1071 2863 Graecos
1082 2800 1259 2882 quominus
1270 2800 1320 2865 iis·

138 2906 210 2974 (lem
230 2903 380 2993 penieotis
399 2902 504 2967 activa
525 2902 757 2987 significatione
780 2910 965 2979 uterentur,
990 2903 1321 2983 νινοτίειίεένέδνσκ,

139 3013 268 3090 ἐξέδυον
286 3017 318 3076 et
338 3007 505 3074 κατέδυον.
553 3007 656 3074 Simul
675 3006 869 3093 intelligitur
889 3006 967 3094 quid
987 3008 1118 3073 intersit
1137 3009 1225 3075 inter
1241 3010 1320 3082 ἐνδές

138 3127 170 3186 ei
197 3116 345 3192 εὐδυέείς,
377 3114 535 3187 ἐνδεδυκώς
568 3120 600 3179 et
630 3113 830 3191 ἐνδεδυμένος.
878 3112 940 3194 Qui
965 3114 1032 3198 ι’ριεω
1058 3122 1207 3189 vestem,
1231 3133 1320 3181 orm·

127 3235 232 3301 tum,
268 3240 357 3287 arma
380 3218 483 3284 inoluit
516 3218 638 3283 dieitur
660 3219 819 3292 ἐνδεδυκὼς
841 3221 896 3295 τὴν
928 3219 1063 3295 ἐσθῆτα,
1097 3219 1153 3294 τὴν
1190 3220 1320 3297 σκευήν,

136 3334 187 3397 τδν
212 3329 330 3409 θώρακα
362 3325 434 3390 sim.
483 3323 543 3404 Qui
568 3325 607 3388 ob
637 3324 699 3390 olio
721 3325 852 3390 vestitur
874 3333 930 3390 aut
957 3324 1103 3389 amicitur
1125 3325 1316 3405 ἐνδεδυμένος

139 3436 267 3500 dieitur.
317 3430 370 3496 Sio
400 3429 563 3495 Socratem
589 3430 717 3495 liinxisse
744 3429 783 3496 de
815 3450 975 3496 niormore
1006 3439 1140 3497 narrent
1164 3432 1318 3513 ἐνδεδυμέ·

138 3564 192 3613 νας
216 3539 275 3610 τοδς
306 3534 451 3616 Χάριτας.
477 3533 635 3601 substitue
667 3537 855 3609 ἐνδεδυκυίας
880 3543 912 3601 ei
940 3534 1078 3601 ridicula
1111 3537 1215 3602 oratio
1246 3538 1319 3604 erit.

138 3644 287 3731 Apertior
318 3641 415 3706 etiam
440 3660 477 3705 ea
507 3659 560 3706 res
583 3649 632 3706 est
658 3642 689 3707 in
720 3643 868 3707 υδτνδῦννι
900 3649 931 3707 et
960 3641 1163 3718 ἆσοδυέῆνοι,
1198 3643 1318 3709 ἐκδῦναι

139 3865 255 3923 nctus:
280 3852 511 3931 ἐνδεδυμένοι
541 3853 597 3929 pto
623 3853 881 3934 εὐπροσωποτάτη
907 3855 989 3926 ε’ςίν,
1023 3853 1177 3917 ἐκδῦσα
1206 3854 1240 3920 δὲ
1263 3852 1317 3929 ton

137 3962 294 4045 τρέσωσου
327 3959 498 4041 φαίνεται,
535 3955 614 4021 illutl
644 3959 730 4024 enim
765 3957 911 4025 servulae
945 3960 1124 4024 ornatrioes
1155 3956 1318 4039 iecerunt,

136 4068 198 4134 hoo
218 4067 287 4151 ipso
307 4062 392 4130 lecit.
441 4061 607 4128 Substitoe
627 4064 789 4150 passivum
815 4065 973 4130 ἕκδνέεῖσυ
997 4072 1029 4129 et
1058 4070 1170 4129 ennete
1193 4082 1232 4131 oo
1253 4066 1316 4131 vim

136 4191 230 4262 passa
255 4171 337 4237 idem
362 4167 475 4235 iecisse
494 4167 629 4233 dicotur.
679 4168 731 4235 Sio
755 4169 977 4257 accipiendum
998 4176 1125 4236 σκοσεῖυ
1147 4171 1220 4237 τινα
1243 4173 1318 4237 ἐκο-

137 4281 231 4347 δύντοι
262 4277 328 4343 obi·
347 4286 460 4342 uestem
489 4283 600 4362 sponte
628 4277 768 4359 posuerit
800 4276 832 4343 in
857 4275 1013 4366 palaestra
1039 4285 1095 4344 out
1130 4278 1164 4343 in
1198 4277 1317 4346 balneo.
