2940 5010
696 261 760 323 552

809 404 825 434 f

137 447 293 518 scribitur
326 447 412 514 enim
442 464 537 533 saepe
567 446 600 512 in
631 445 724 513 iihris
757 447 833 516 τόν.
884 445 970 515 niun
1003 448 1107 536 igitur
1136 452 1317 541 agunt-uui

135 556 253 629 πάντες
273 553 359 620 κακοὶ
377 557 473 619 νοοῦσι
497 561 723 638 reposuerunt.
752 552 906 640 Suspimrr
925 551 1052 623 dedisse
1074 554 1316 643 Xenophontem

133 658 214 728 orirer
246 659 364 733 areium
396 657 559 725 κακόνοι
596 658 679 724 sisi
713 659 757 741 τῷ
790 657 935 742 τνρούννιρ.
981 656 1201 748 opponuntur
1227 663 1313 731 eninr

133 761 372 832 intersectione
400 760 497 841 εἶναι,
529 767 659 841 εὐνοεῖν,
693 773 726 830 et
746 763 866 830 κακόνοι
891 760 991 844 εἶναι,
1024 784 1087 831 non
1119 768 1211 834 κακὲ
1237 776 1314 837 mh

131 877 373 938 antecessorem.
419 869 460 935 at
480 876 634 936 νοικονοεῒν
657 867 786 955 quidem
811 867 992 935 scribarum
1012 870 1159 938 sooordin
1183 872 1317 961 irrepsit

131 979 165 1043 in
190 976 306 1065 Lysiae
337 972 425 1042 Orat.
448 974 561 1041 XXIX.
588 980 640 1042 10.
670 974 815 1041 οὐδέποτε
839 974 1013 1042 παύσονται
1033 976 1112 1055 <drale
1134 983 1313 1047 κακονοούν·

131 1108 207 1161 τες,
241 1080 296 1148 nbi
334 1100 386 1147 me
421 1098 597 1167 numquam
638 1080 797 1168 poenituit
832 1078 1019 1147 emendasse
1052 1080 1175 1150 κακόνοι
1217 1083 1312 1160 darre

133 1190 362 1273 Praeterquam
387 1183 447 1251 hon
469 1204 532 1250 uno
555 1184 625 1250 loeo
651 1205 812 1273 nusquam
842 1184 974 1252 verbnm
1004 1195 1158 1254 κακονοεῖν
1182 1208 1313 1277 eomun-

132 1302 195 1360 ret.
240 1289 367 1358 Κακόνοι
389 1290 526 1369 ἐγένοντο
547 1289 668 1376 tegitur
689 1290 774 1378 apud
799 1291 926 1381 Lysiam
945 1290 1017 1358 XX.
1038 1294 1092 1359 20.
1116 1301 1149 1360 ei
1169 1295 1315 1364 κακόνουν

132 1395 209 1465 εἶναι
233 1399 275 1479 τῷ
297 1396 406 1472 πλήόει
425 1399 468 1478 τῷ
490 1397 625 1479 ὑμετέρῳ
649 1395 749 1463 XXV.
775 1401 805 1463 7.
852 1396 946 1464 Kasai
964 1403 1040 1463 sorio
1057 1422 1134 1479 τινι,
1156 1418 1224 1487 qno
1242 1420 1313 1469 nen·

132 1523 172 1570 su
192 1500 278 1591 apud
303 1500 477 1568 Homerum
499 1504 542 1583 τῷ
564 1501 596 1568 δὲ
614 1502 701 1569 καινοὶ
724 1502 854 1585 φρονέων
877 1503 1016 1589 legitur,
1038 1512 1072 1568 et
1094 1503 1182 1591 apud
1205 1504 1313 1573 nesto

133 1606 210 1675 dum
242 1607 287 1675 σοὶ
319 1606 346 1672 δ’
377 1607 438 1686 ἐγὼ
467 1608 565 1674 tatae
594 1608 680 1674 νοέων
710 1608 801 1689 epau,
837 1625 901 1673 uno
936 1614 1063 1673 tantum
1095 1608 1216 1675 nititur
1246 1608 1314 1677 iona

135 1712 352 1800 Xenophontis
376 1711 409 1777 in
441 1711 611 1780 Memorab.
636 1713 676 1780 ΙΙ.
700 1734 733 1779 ιι.
764 1717 795 1779 9.
827 1712 910 1780 οὐδὲν
943 1713 1038 1778 κακύν
1066 1719 1177 1781 νοοῦσα
1205 1714 1314 1794 λέγει,

133 1819 188 1886 uhi
211 1819 321 1886 statim
344 1818 493 1905 seqnitur
515 1819 533 1896 ti
555 1818 685 1901 νομίζεις
711 1818 903 1884 κακόνουν
927 1819 982 1894 rin
1005 1818 1127 1901 μητέρα
1149 1843 1197 1887 τοι
1218 1816 1313 1899 sima

133 1924 227 1991 cuius
258 1923 318 1989 loei
346 1921 472 1990 diversa
501 1922 701 2009 aliquantum
733 1925 817 1989 ratio
839 1931 899 1990 est,
946 1923 1097 1998 Κονύνονν
1121 1921 1200 1993 εἶναι
1227 1927 1313 1994 etin

131 2027 271 2097 Anabasi
295 2028 344 2094 bis
376 2027 496 2114 legitur
515 2028 555 2095 11.
581 2049 610 2093 v.
637 2033 678 2096 16
701 2037 732 2095 et
758 2033 812 2095 λλ
836 2037 869 2095 et
890 2038 940 2096 est
972 2030 1005 2095 in
1032 2028 1086 2095 tati
1111 2050 1147 2097 re
1170 2038 1239 2098 tam
1262 2050 1315 2119 ap·

133 2135 274 2222 positum
302 2141 339 2200 nt
366 2132 447 2198 mihi
469 2132 599 2219 quidem
632 2135 702 2201 sine
734 2135 940 2200 cunctatione
973 2133 1211 2201 restituendum
1246 2156 1315 2204 esse

132 2239 292 2307 videatur.
338 2236 476 2304 Confusa
499 2238 621 2305 ridebis
644 2239 779 2312 εὔνοος
801 2240 846 2306 ὐν
869 2249 908 2322 τῇ
932 2239 1022 2306 πόλει
1046 2248 1079 2306 et
1101 2243 1207 2307 εὐνοῶν
1229 2240 1314 2330 apud

131 2343 378 2414 Demosthenem
408 2364 442 2430 p.
464 2349 569 2422 1457,
593 2348 624 2411 9.

175 2449 280 2517 Verba
311 2468 393 2535 quae
423 2448 577 2534 leguntur
612 2453 630 2535 §
659 2455 802 2521 ta-ao.
834 2452 886 2517 καὶ
910 2444 978 2517 one
1009 2474 1071 2530 νε,
1103 2451 1165 2536 ἔφη
1189 2488 1235 2503 -
1258 2458 1315 2519 τᾶν

129 2558 173 2624 τύο
203 2554 386 2636 εὐτελέςερα
417 2557 666 2638 παρατιόεμόνοον
695 2557 865 2643 exscripsit
895 2555 1079 2624 Athenaeus
1102 2557 1155 2623 lV.
1192 2577 1224 2644 p.
1249 2562 1310 2625 ltt

130 2662 164 2728 C.
196 2660 251 2728 uhi
286 2659 437 2727 mendose
469 2662 588 2747 legitur
622 2663 653 2728 in
678 2663 856 2728 Marciano:
891 2664 927 2728 τὸ
963 2665 1036 2741 ἡμῖν
1071 2664 1312 2743 παρατιθέντων

131 2767 287 2843 ὐεῖπνονύ
312 2767 477 2841 τούτοις
506 2787 563 2853 pro
591 2772 608 2846 ἢ
640 2769 683 2834 τύ
716 2770 895 2846 ἑαυτοῖς,
919 2776 951 2835 et
970 2770 1005 2834 τό
1029 2768 1093 2851 γὰρ
1116 2769 1160 2834 τοὶ
1187 2768 1311 2837 stetin

132 2872 344 2956 ὐπερβούλλειν
370 2892 426 2958 pro
457 2872 664 2952 insatiatam.
713 2873 844 2940 Rectius
873 2882 984 2940 contra
1009 2876 1091 2951 πλύρν
1114 2876 1177 2956 οὐχ
1204 2875 1230 2941 οὐ
1262 2873 1312 2941 τύ·

130 3004 228 3062 ραννοι
256 2987 288 3044 et
312 2976 417 3044 verbis
440 2977 557 3044 meiius
588 2977 745 3044 ordinatis
767 2980 911 3059 οὐδεμίαν
939 2981 970 3044 ἓν
993 2989 1065 3053 ταῖς
1097 2981 1216 3060 ἑορταῖς
1251 2978 1313 3047 trt-

131 3088 211 3153 δοσιν
232 3083 355 3166 ἔχουσιν
374 3085 475 3149 αὐτῶν
499 3086 533 3149 αἱ
554 3083 729 3166 τράπεζαι,
756 3105 814 3172 pro
831 3084 954 3166 ἔχουσιν
977 3086 1011 3151 αἱ
1034 3083 1190 3167 τράπεζαι
1213 3089 1311 3153 αὐτῶν

130 3192 273 3258 ἐπίδοσιν.
321 3188 441 3255 Deinde
465 3187 549 3255 idem
575 3190 689 3254 vitium
713 3190 745 3254 in
773 3191 937 3258 Athenaeo
963 3189 1119 3276 estquod
1143 3191 1178 3256 in
1209 3190 1309 3257 Xeno·

131 3295 261 3382 phontis
284 3293 379 3360 Codd.
413 3297 541 3361 ἕκεῒνο
570 3292 604 3362 οὐ
627 3291 682 3361 οὐδ’
707 3292 753 3362 ότι
777 3296 829 3362 καὶ
862 3299 899 3364 οὐ
921 3296 1062 3377 ἔμπειρος
1086 3291 1129 3373 εἷ,
1156 3316 1217 3383 pro
1238 3296 1310 3363 issi·

130 3425 200 3478 νον,
224 3399 308 3486 qnod
329 3399 410 3466 bene
432 3402 571 3466 serravit
595 3399 761 3468 Stobaeus.
811 3401 892 3467 Tum
915 3403 946 3467 in
969 3401 1131 3468 Marciano
1151 3410 1219 3468 est:
1243 3398 1309 3471 ὐοιιι

129 3505 169 3572 ἄν
200 3530 248 3579 τις
278 3506 379 3571 πλόων
405 3530 453 3580 τις
484 3508 679 3589 παραόιῑται,
713 3506 798 3593 apud
828 3505 1019 3574 Stohaenm:
1054 3503 1113 3589 όοῳ
1140 3504 1181 3572 όν
1213 3509 1309 3575 rasio

127 3613 305 3692 παροιόνῑτε,
330 3630 442 3677 venum
462 3619 512 3677 esi
531 3608 589 3693 όοιρ
609 3609 648 3678 οὐν
667 3636 716 3684 τις
740 3613 837 3678 πλείω
857 3616 1053 3695 παραθῆται,
1078 3611 1194 3681 deinde
1213 3610 1309 3680 Athe

128 3736 228 3785 nuens
249 3716 395 3783 τοοούτνιι
426 3717 479 3782 καὶ
513 3719 624 3784 sacen
647 3721 770 3796 μᾶλλον
791 3717 873 3799 κόρος
897 3720 1068 3797 ἐμπίπτει,
1099 3727 1132 3784 et
1161 3719 1210 3784 sic
1235 3717 1306 3786 Sin·

126 3822 226 3889 haens
250 3821 314 3887 nisi
337 3820 422 3907 quod
446 3826 571 3902 μᾶλλον
601 3831 689 3889 reete
712 3824 852 3889 omittit:
886 3824 948 3888 uiri
972 3823 1057 3890 docti
1081 3826 1193 3890 όῖιττον
1218 3843 1309 3913 repo-

127 3937 272 3997 suerunt.
319 3926 462 4013 Denique
481 3925 666 3993 Athenaeus
682 3928 878 3999 εὐτελέςοιτοι
897 3928 992 3995 habet
1015 3949 1073 4016 pro
1099 3930 1309 4012 εὐτελὲςεριι,

124 4054 188 4120 quo
210 4052 326 4119 genere
350 4030 459 4099 mendi
485 4030 564 4097 nihii
586 4038 634 4096 est
664 4029 884 4119 frequentius,
917 4044 952 4100 ut
974 4034 1055 4100 nihii
1079 4055 1159 4123 opus
1182 4036 1223 4101 sit
1246 4034 1309 4101 Go-

124 4139 233 4206 dicum
259 4159 348 4225 opem
382 4136 556 4226 implorare
580 4137 634 4205 ubi
660 4139 729 4226 ipsa
756 4139 817 4206 loci
847 4141 1006 4207 sententia
1037 4139 1160 4209 lahorat
1191 4150 1223 4208 et
1252 4140 1310 4209 iiio

121 4244 240 4313 auxilio
265 4242 396 4330 indiget.
