2940 5010
154 505 239 579 ἐνδύς
260 540 305 553 -
326 504 452 578 ἐνδυθείς
479 506 553 569 786.

155 609 313 677 ἕνδθοαιτο
338 609 452 676 vitiosa
476 608 579 675 forma
604 612 679 675 789.

153 713 293 793 ἐνδνπον,
318 712 430 782 ἄδυτον
453 721 529 782 ceu.
555 712 732 801 penultima
757 712 846 780 brevi
873 718 948 781 790.

154 818 252 887 ἐνέδυε
271 858 317 870 -
338 821 419 888 ἐνέδυ
444 823 521 886 786.

152 925 262 992 ἐνεῖναι
284 924 386 1008 Φθβον
406 925 596 990 -ἐνθεῖναι
622 928 698 992 491.

152 1030 262 1096 ἐνεῖναι
282 1067 328 1080 —-
348 1027 425 1098 είναι
450 1033 527 1096 226.

153 1135 184 1200 ἐν
208 1136 367 1215 ἐμαυτοῦ,
390 1139 420 1202 ἐν
443 1138 553 1202 ἐαυτοῦ
572 1172 618 1185 -
636 1137 667 1201 ἐν
692 1137 838 1218 ἐμαυτῷ,
863 1138 893 1201 ἐν
917 1138 1015 1221 ἐαυπῷ
1040 1147 1071 1206 et
1095 1139 1167 1206 sim.
1193 1144 1268 1208 415.

151 1241 273 1321 ἐνέμενε
292 1278 337 1292 -
359 1241 489 1321 ἐπίμενε
511 1245 588 1307 517.

151 1347 231 1421 ἐνεθς
251 1385 297 1397 -
319 1346 401 1426 ὦμθς
426 1351 501 1414 147.

151 1452 231 1527 ἐνεθς
250 1475 296 1517 =
313 1454 417 1537 κυφὸς
441 1451 474 1530 ἐξ
497 1455 598 1537 ἀρχῆς
626 1458 700 1520 147.

149 1559 406 1626 ἐνεπιδείκνυοθαι
427 1598 471 1608 -
490 1559 712 1627 ἐπιδείκνυσθαι
739 1566 813 1627 776.

149 1662 314 1740 ἐνέπλνντο
336 1704 380 1714 -
404 1665 612 1741 ἐνεπέπληντο
637 1668 714 1731 226.

150 1769 262 1852 ἐνεργὰ
285 1766 362 1836 εῖναι
387 1768 544 1836 dicuntur
567 1768 696 1835 melalla
720 1790 802 1857 quae
825 1780 1008 1838 ιαονοιιιιυν
1033 1776 1107 1839 770.

149 1874 180 1938 ἐν
204 1874 328 1959 Ἐφέσῳ
347 1912 393 1924 -
414 1876 444 1940 ἐν
468 1875 600 1958 ὑπαίθρῳ
629 1879 701 1941 185.

148 1978 254 2062 ἐνέχεε
274 2019 319 2031 -
340 1979 440 2061 ἐνέχει
467 1985 542 2048 560.

149 2086 256 2164 ἐνῆγον
276 2124 321 2136 -
340 2091 470 2165 συνῆγον
495 2090 571 2152 570.

148 2192 257 2269 ἐνῆγον
278 2228 323 2241 -
342 2194 457 2270 ἐπεῖγον
482 2195 558 2259 570.

148 2296 235 2371 ἐνῆκε
256 2333 301 2345 -
320 2295 438 2372 ἐνέθηκε
464 2300 540 2363 491.

147 2402 293 2478 ἐνθλλεπο
313 2438 359 2451 —-
377 2404 547 2479 ουνθλλεπο
573 2406 648 2466 614.

147 2508 333 2588 ἐνθυμεῖ-
352 2507 471 2587 ἐνθθμει
499 2511 573 2573 119.

145 2611 254 2679 ἐνιέναι
278 2619 338 2695 πῦρ
361 2612 466 2700 {quem
486 2613 614 2679 iniicere
638 2615 713 2678 226.
801 2639 808 2650 ·

145 2720 177 2785 ἐν
200 2720 316 2802 ῖριαπίῳ
334 2740 380 2781 =
403 2716 528 2798 ίμοθπιον
550 2716 631 2801 ἔχων
655 2726 687 2783 et
711 2717 785 2783 sim.
811 2722 887 2786 467.

144 2824 176 2889 ἐν
199 2827 291 2908 καιρςῖι
315 2820 409 2903 είναι,
432 2823 599 2903 γίγνεσθαί
619 2847 677 2888 πινι
703 2826 789 2889 587·

143 2929 175 2994 ἐν
198 2930 289 3012 καιρῷ
311 2939 428 3007 ποιεῖν,
452 2929 502 2994 ἐπί
524 2933 626 3010 καιροῦ
652 2932 728 2994 588.

144 3036 175 3100 ἐν
198 3034 263 3118 Κέῳ
285 3036 334 3110 πίς
355 3071 401 3085 --
420 3035 585 3113 ἐγκαιῶπις
612 3037 686 3099 180.

142 3141 174 3205 ἐν
196 3142 333 3224 μισθωτῇ
357 3141 438 3225 οίκίρι
461 3142 539 3206 616.

141 3243 238 3320 ἔννους
262 3247 414 3325 γίγνομαι
440 3252 469 3314 7.

142 3353 293 3428 ἐνοικῆσαι
314 3389 359 3401 -
377 3352 497 3429 οίκιῖοαι
523 3357 555 3418 et
579 3350 651 3416 sim.
678 3353 766 3427 476,
793 3353 868 3415 487.

143 3455 358 3537 ἐνοικισάμενοι
382 3495 426 3508 -
450 3455 697 3534 ουνοικνοοθμενοι
724 3459 800 3521 788.

141 3560 184 3629 ἐν’
207 3562 281 3630 θνπα
303 3601 350 3613 -
372 3564 495 3630 ἐνδθνπα
520 3566 595 3628 205.

141 3667 255 3751 ἔνορκον
273 3706 320 3719 -
337 3669 456 3752 εὔορκον
479 3672 556 3734 585.

142 3776 174 3839 ἐν
197 3772 286 3840 πθλει
307 3810 354 3825 -
375 3776 405 3840 ἐν
427 3781 467 3856 πῇ
491 3773 581 3838 πόλει
607 3776 682 3837 487.

142 3881 173 3945 ἐν
195 3877 321 3962 ροίβδιρ,
353 3879 384 3944 ἐν
405 3877 549 3961 ῥομφαίᾳ
573 3877 671 3943 ἐλθεῖν
703 3876 818 3943 vitiosa
842 3897 899 3965 pro
922 3879 1034 3963 ῥάβδον
1058 3880 1139 3965 ἔχων
1163 3890 1224 3951 cet.
1250 3890 1327 3953 467.

142 3984 173 4049 ἐν
196 3990 229 4049 et
252 3982 308 4050 ιθν
330 3981 462 4049 confusa
488 3987 563 4049 467.

142 4089 173 4155 ἐν
196 4087 280 4156 πέλει
303 4123 349 4137 -
372 4088 506 4163 ἐντελεῖς
532 4091 584 4152 67.

141 4191 246 4275 ἐνπέξρ
267 4189 441 4259 barbarum
466 4212 523 4280 pro
546 4189 659 4276 ἐνςιίξρ
683 4195 759 4259 576.

140 4300 171 4364 ἐν
193 4296 317 4381 ποιοθπῳ
338 4336 383 4348 -
404 4298 544 4365 ποιοθπον
569 4299 645 4364 566.

140 4404 171 4469 ἐν
193 4403 316 4488 ποιοθτρ
340 4399 416 4469 εῖναι
441 4403 480 4472 de
504 4403 594 4491 gravi
619 4403 762 4489 periculo
787 4407 861 4472 414.
