2940 5010
722 277 785 341 ili

157 452 266 530 poor*
290 451 468 516 έντοιῦίκ
504 459 692 516 nnrrotatum
716 461 784 518 ost:
810 453 944 519 ἕντιιῠίω
975 456 1247 535 ουνκοικιυμμένον
1271 461 1341 541 ἀμ·

158 559 206 639 Φί
212 558 237 637 β
245 557 312 623 ond
320 582 334 621 ν
359 558 438 631 ἕσιν,
464 552 478 621 i
500 557 552 622 κοά
584 557 810 634 έπιτετιὶδευκε.
829 558 959 625 διελόντι
982 560 1013 625 δέ
1036 561 1072 627 τὸ
1095 560 1153 640 μέν
1177 562 1242 632 έπιν
1265 566 1340 633 eve·

157 686 302 741 μοντο,
325 663 360 728 τὸ
383 663 414 728 δέ
436 662 688 740 ἀτενέμονπο
720 663 857 732 τουτέςιν
887 664 1207 743 ἀνεγίγνωσκον.
1255 668 1338 737 Num

159 775 192 833 tn
229 767 305 854 quid
334 766 565 834 animadvertis
595 770 625 835 in
651 768 702 835 his
728 768 813 855 quod
835 769 878 834 sit
903 770 1107 853 ἀμφίβολον,
1143 781 1175 839 ct
1207 777 1340 842 omnino

156 871 234 959 quid
258 873 387 937 taudem
414 871 507 937 homo
539 872 625 940 dieat
660 872 837 959 intelligis?
885 873 1004 962 Nempe
1037 878 1225 959 ἀμφιβολία
1257 880 1340 948 inest

158 978 190 1042 in
214 996 288 1043 rera
319 976 455 1043 lectione
487 976 525 1044 ἀν
549 979 689 1058 ἐνέμοντο
718 998 792 1045 curn
823 980 1002 1060 ἀνενέμιντο
1038 980 1195 1061 contusa,
1230 993 1265 1051 et
1294 986 1339 1052 sle

158 1081 383 1168 corrigendum
408 1089 472 1148 est:
497 1082 675 1151 blandiendi
696 1086 731 1151 τί
756 1086 813 1165 μέν
837 1086 899 1155 έςιν
933 1085 980 1152 ἀν
1012 1087 1227 1166 ἐνέμοντο,
1249 1092 1340 1157 etit

156 1188 403 1267 corriperer
427 1189 563 1258 τουτὲςιν
586 1191 903 1270 ἀνεγίγνωσκον.
952 1190 1052 1257 Vetus
1084 1190 1236 1279 loquendi
1262 1214 1340 1263 usus

156 1313 219 1380 que
244 1293 347 1371 νέμω,
379 1292 540 1372 ἀννὲμειν,
574 1297 759 1376 ἀπόνειμον,
793 1296 979 1376 ε’πινειμάτω
1003 1296 1153 1363 dicebant
1176 1318 1235 1385 pro
1266 1300 1340 1366 riva·

155 1400 336 1478 γιγνώσκω,
359 1399 626 1477 ἀνοιγιγνάσκειν,
652 1400 824 1480 ἀνάγνωίι,
847 1403 1014 1480 ἀνοιγνάτω
1041 1401 1088 1468 vel
1111 1421 1152 1468 ex
1180 1403 1341 1494 Hesycbie

156 1504 305 1589 cognosci
332 1510 451 1588 potest,
476 1522 571 1589 quem
595 1504 665 1572 vide
688 1527 717 1572 ν.
742 1505 975 1587 Ἐπινειμάτω.
1002 1504 1109 1592 ibique
1129 1507 1339 1596 lnterpreler.

156 1608 378 1689 Ἀνιινέμετίιιι
401 1627 458 1694 pro
484 1611 615 1674 renitere
637 1619 686 1676 est
711 1610 796 1699 apud
829 1611 944 1678 Herod.
965 1610 989 1677 l.
1016 1615 1090 1677 175.

202 1715 237 1780 ln
263 1714 286 1780 l.
319 1735 347 1779 v.
378 1716 409 1777 t.
442 1712 523 1779 male
558 1715 732 1782 scribitur:
766 1717 875 1782 πολλοὶ
906 1717 937 1783 δὲ
973 1717 1084 1797 eroon}
1114 1720 1141 1783 oi
1175 1718 1340 1798 μεγάλοι,

155 1820 239 1908 quod
269 1840 331 1885 non
366 1837 429 1885 uno
460 1819 588 1885 nomine
622 1821 770 1888 vitiosum
805 1831 863 1888 est.
912 1821 952 1887 Et
982 1822 1123 1908 primum
1157 1823 1294 1910 quidem
1322 1828 1340 1902 ἢ

153 1923 272 2008 τρουίίς
307 1924 455 1990 dicebant
484 1923 615 1990 Veteres
649 1946 779 2003 omnes,
813 1928 909 1992 troni
941 1927 1078 2007 τριυίίο,
1111 1948 1217 2014 ueque
1245 1928 1343 1997 aliter

155 2029 395 2117 Xenophontem
419 2027 540 2093 dixisse
563 2030 670 2115 arguit
694 2033 762 2116 §5.
786 2033 904 2114 ςρουίὸν
923 2032 955 2097 δὲ
977 2032 1073 2106 οὐδεὶς
1102 2032 1232 2115 ἓλιιβεν.
1257 2037 1340 2103 πολὺ

154 2138 217 2219 γάρ
229 2138 397 2203 ἀπεσπάτο
417 2134 571 2216 Φεύγου
582 2160 631 2200 σοι
648 2174 692 2185 -
708 2147 778 2211 τοῖς
802 2135 944 2219 πτέρυξιν
966 2136 1131 2221 κίρουσιι
1149 2136 1255 2223 ἀσπερ
1273 2142 1339 2224 telo

153 2242 351 2326 χρωμένη.
400 2240 567 2305 Praeterea
602 2240 758 2307 Graecum
795 2250 844 2309 est
866 2241 973 2308 dicere
1004 2242 1120 2308 πολλοὶ
1156 2242 1189 2308 δέ
1223 2246 1338 2327 cpont

153 2351 222 2414 τῶν
252 2344 449 2426 μεγάλων,
474 2363 536 2409 nnn
560 2347 593 2410 οιὶ
616 2345 771 2425 μεγάλοιι.
819 2345 976 2434 Equidem
998 2346 1123 2413 dedisse
1146 2347 1340 2436 Xenophon·

155 2463 219 2520 tem
256 2450 395 2518 arbitror·
437 2449 658 2515 tantummodo
698 2450 793 2518 haee:
830 2451 946 2519 πολλοὶ
983 2453 1015 2519 δέ
1050 2452 1185 2535 τρουίοὶ,
1220 2453 1339 2522 deinde

153 2557 286 2625 sciolum
312 2558 345 2621 οἱ
368 2554 513 2633 μεγάοιοιι
534 2553 713 2624 addidisse.
747 2566 816 2623 tum
849 2558 880 2622 in
911 2576 1026 2643 genere
1060 2557 1235 2624 titubatum
1270 2578 1339 2626 esse

153 2674 185 2732 et
213 2664 259 2729 sie
293 2660 454 2746 vulgatam
491 2678 559 2724 esse
591 2671 710 2727 natam.
758 2664 899 2746 Στρουίιί
934 2682 992 2748 pro
1022 2663 1276 2745 τρουίιικάμκοιοι
1306 2671 1339 2731 et

153 2768 229 2835 alibi
252 2766 392 2833 occurrit
417 2773 449 2830 et
474 2763 557 2850 apud
592 2765 751 2833 Pollucem
773 2767 795 2832 l.
824 2772 897 2834 158.
940 2769 1082 2849 Ἄραβες
1106 2769 1138 2834 δέ
1166 2768 1220 2834 rai
1255 2792 1338 2851 προν·

151 2878 206 2942 θῶν
229 2875 328 2956 δορωῖς
349 2868 416 2936 ἀντί
439 2869 577 2953 ίωράκων
600 2871 617 2947 ἢ
643 2873 778 2938 ἀσπίδων
803 2873 1002 2955 ἐφράσσαντο.

197 2980 232 3046 ln
257 2976 367 3045 eadem
393 2975 508 3042 vicinia
533 2996 611 3041 nora
645 2978 755 3043 statim
787 2977 989 3065 interpolatio
1020 2976 1278 3064 deprehenditur
1305 2980 1337 3046 in

151 3086 275 3154 verbis:
300 3085 352 3150 κοιί
375 3085 428 3149 οὐκ
451 3080 485 3160 ἦν
508 3085 623 3162 λαβεῖν
646 3083 672 3149 εί
695 3085 739 3164 μέν
768 3082 931 3160 διοιςάντες
953 3085 980 3150 ol
1003 3084 1110 3157 ἱππεῖς
1139 3084 1249 3167 ίνιρῷεν
1273 3085 1338 3153 διισ-

151 3192 310 3274 δεχίμενοι
340 3189 415 3279 [τοῖς
447 3186 589 3277 iamed,
622 3191 694 3275 quis
722 3189 806 3255 eninr
840 3187 1005 3277 expulabil
1039 3186 1116 3276 quid
1144 3207 1266 3257 causac
1295 3190 1339 3257 sil

152 3317 211 3364 cur
234 3305 297 3369 τοῖς
320 3294 423 3368 ἵπποις
448 3293 543 3360 luerit
568 3292 730 3369 additum,
754 3293 883 3379 etquid
911 3293 1039 3360 landem
1066 3292 1126 3359 sibi
1147 3290 1339 3363 haooverba

153 3399 263 3466 velint.
312 3396 438 3485 Optime
461 3398 580 3464 omittit
603 3408 666 3472 τοῖς
689 3395 793 3472 ἵπποιο
816 3397 922 3465 locum
951 3397 1037 3465 hunc
1060 3398 1198 3467 laudans
1219 3399 1338 3469 liemc-

152 3506 236 3571 lrius
256 3503 323 3584 napi
348 3504 507 3584 ἑρμηνείας
537 3503 553 3588 3
574 3509 627 3570 95.

199 3609 378 3677 Solemnem
413 3606 539 3693 ellipsin
564 3608 710 3675 Graeculi
735 3607 933 3695 ineleganter
966 3609 1174 3697 expleverunt
1198 3608 1221 3676 l.
1250 3631 1282 3676 v.
1305 3614 1339 3679 9.

152 3720 241 3794 δῆλος
274 3710 307 3788 ἦν
340 3713 476 3779 σπεύδων
509 3713 561 3778 nai
586 3717 619 3780 οὖ
643 3714 806 3793 διατρίβων
829 3712 904 3781 ὅπου
934 3716 978 3794 μὴ
1014 3716 1210 3794 ἐπισιτισμοῦ
1244 3712 1339 3783 ἕνεκα

152 3826 169 3901 ἤ
192 3845 271 3894 τινος
294 3818 393 3884 ἀλλον
412 3819 586 3898 ἀναγκαίου
615 3819 825 3907 [έκιιίέζετο],
850 3819 905 3886 ubi
929 3839 1031 3906 neque
1050 3819 1113 3886 ulle
1137 3818 1233 3887 verbe
1255 3840 1340 3909 opus

152 3937 202 3995 est
238 3934 270 3993 et
303 3922 434 3989 verbum
467 3923 645 4006 κοιίέζεσίιιι
682 3946 743 3991 non
777 3935 825 3992 est
859 3924 1020 3994 idoneum.
1073 3925 1246 3991 Praeterea
1280 3946 1340 4015 pre

151 4029 468 4115 ἀποοροισκευιιτοτέρῳ
493 4038 524 4096 el
553 4031 770 4114 σχολοιιίτερον
802 4032 924 4098 rectius
954 4029 1050 4097 scribi
1085 4027 1227 4097 arbitrer
1251 4033 1338 4098 ἀπικ-

152 4137 354 4224 ρονσκευοτέρῳ
385 4145 417 4203 cl
444 4137 668 4220 σχοιικίτερον,
703 4146 733 4204 et
769 4146 839 4224 posi
867 4155 969 4223 paura
1002 4137 1034 4202 in
1065 4134 1172 4203 verbis
1203 4137 1248 4218 τῷ
1279 4136 1339 4205 διο·

59 4269 61 4274 ’
153 4244 291 4313 σπάσίοιι
317 4243 375 4314 reis
407 4240 550 4321 δυνάμειι
583 4241 684 4308 ιιιιιΙῑιι
717 4244 821 4330 potior
843 4241 972 4309 videtur
1006 4241 1100 4308 lectio
1128 4240 1339 4325 διεσπάρίιοι,

153 4351 303 4438 qnoniam
333 4346 517 4414 διεσπάσίοιι
551 4348 629 4416 bene
662 4347 815 4415 dicuntur
846 4349 888 4415 τά
918 4346 1058 4429 πρότερον
1088 4353 1248 4417 reverere
1284 4350 1339 4416 νιοά
