2940 5010
626 299 689 359 525

104 474 225 545 Contra
258 476 342 544 mele
375 475 516 544 abundat
553 475 745 563 praepositio
771 474 807 540 V.
832 494 861 539 v.
898 479 928 540 7.
959 473 1146 556 φοβούμενον
1180 474 1248 555 περὶ

58 588 119 649 τῶν
150 590 343 666 Κοτυωριτῶν
369 592 425 659 τῆς
447 610 483 651 τε
515 584 633 655 πόλεως
657 620 700 631 -
725 581 777 648 καὶ
803 579 901 668 [περὶ]
928 589 984 656 τῆς
1012 580 1135 662 χώρας,
1160 597 1249 644 tratti-

57 685 1249 781 mmmfflmmmmmmmmmmmm·

58 794 115 861 m

45 898 1252 987 ,mmmmmmmmfflwmmmwmmm

59 1024 157 1073 nemo
184 1005 299 1074 nescit.
346 1005 471 1072 Nurum
501 1004 683 1093 exemplam
711 1014 760 1071 est
783 1004 815 1070 in
839 1004 874 1070 V.
900 1024 953 1072 vn.
977 1005 1011 1069 8.
1044 1008 1108 1075 τῶς
1133 1000 1172 1067 ἂν
1202 998 1252 1069 οὖν

58 1112 124 1191 ἐγὼ
147 1110 166 1189 ἦ
189 1112 367 1193 βιασαίμην
391 1114 475 1193 ὑμᾶς
499 1149 544 1161 -
564 1114 581 1190 ἢ
605 1110 811 1187 ἐξαπατήσας
842 1108 974 1190 ἄγοιμι,
998 1116 1037 1174 tu
1068 1126 1144 1172 vero
1167 1107 1251 1186 eyd-

59 1242 151 1298 yoqur
173 1216 339 1296 rescribe,
365 1216 450 1304 quod
470 1219 647 1299 βιασαίμην
671 1217 820 1302 requirit.

106 1320 288 1391 Emendate
322 1327 464 1411 scriptus
495 1324 585 1390 locus
606 1321 643 1387 V.
669 1342 734 1387 vrri.
760 1326 791 1388 6.
825 1318 904 1397 dod
928 1318 957 1388 εί
977 1322 991 1386 ί
1011 1320 1063 1386 τίν
1089 1317 1250 1397 κοίμνοντα

58 1429 266 1509 exurerer:
290 1428 393 1496 facem
418 1428 511 1495 nohis
543 1425 700 1515 praeferet
733 1426 774 1493 ad
805 1424 1032 1494 inveniendam
1059 1422 1254 1491 emendatio·

62 1546 143 1601 uem·
161 1532 224 1601 loci
247 1536 281 1600 in
307 1532 477 1623 Symposio
500 1532 730 1619 Xenophonteo
750 1532 915 1620 depravati
940 1532 993 1600 VI.
1018 1536 1050 1598 6.
1086 1527 1172 1614 'Apa
1193 1545 1252 1623 σὺ,

60 1638 85 1709 d
118 1640 305 1723 trimam,
339 1640 353 1705 ί
384 1642 547 1723 φροντιςης
583 1639 845 1719 ἐπικαλούμεναι
876 1638 997 1725 Nempe
1028 1641 1076 1707 sic
1111 1640 1255 1707 scriher-

58 1744 142 1813 dum
165 1750 236 1813 esd:
258 1740 322 1828 ἄρα
346 1746 385 1811 σὺ
407 1742 440 1811 εί
460 1744 628 1827 Σωκροίτης
649 1744 663 1809 ί
684 1746 848 1827 φροντιςης
871 1746 1134 1827 ἕτικαλοιίμενοςς

108 1850 231 1919 Eodem
263 1850 358 1917 modo
385 1849 536 1938 prodesse
569 1850 687 1937 poterit
718 1849 808 1915 iocus
839 1850 872 1914 in
901 1850 1020 1917 vicinia
1044 1851 1082 1920 V.
1108 1872 1172 1918 vm.
1199 1856 1252 1918 ut.

59 1958 98 2037 ἢν
121 1954 172 2025 οὖν
195 1963 393 2041 σωφρονῆτε,
419 1962 526 2023 τοῦτον
549 1952 703 2022 τοὶναντία
732 1957 877 2032 ποιήσετε
902 1956 919 2031 ἢ
942 1955 1014 2030 τοὺς
1036 1957 1131 2032 κείνας
1156 1965 1254 2025 ποιοῦ·

58 2088 115 2145 σι,
138 2082 203 2151 qua
226 2062 330 2130 iorma
365 2061 516 2149 loquendi
541 2059 620 2126 nihil
646 2070 695 2126 est
728 2060 813 2147 apud
845 2061 1057 2127 Athenienses
1080 2064 1254 2140 usitatius;

60 2170 98 2247 ἢν
131 2176 328 2253 σωφρονῆτε,
360 2168 445 2251 είνιερ
477 2164 513 2234 εὖ
535 2174 697 2249 φρονεῖτε,
722 2167 776 2232 ίαν
800 2167 898 2248 ἔχητε
930 2171 1015 2241 νοῦν,
1047 2177 1078 2234 et
1113 2169 1254 2250 similia,

61 2292 141 2341 cum
170 2272 292 2341 futuris
322 2275 576 2358 coniunguntur.
624 2270 723 2338 hnah.
749 2271 817 2338 Vll.
843 2293 888 2340 ιιι.
917 2277 967 2338 17.
997 2274 1031 2349 ἢν
1060 2270 1109 2340 οὖν
1134 2282 1254 2359 σωφρο·

59 2388 137 2457 orire
160 2380 261 2463 τούτῳ
291 2382 442 2447 δώσετε
468 2376 487 2445 ί
510 2403 540 2445 τι
567 2379 605 2445 riv
629 2377 746 2459 ἔχητε,
766 2386 799 2444 ct
822 2378 893 2445 VH.
920 2399 960 2445 vr.
987 2384 1040 2444 il.
1066 2380 1100 2456 ην
1124 2378 1173 2447 οὖν
1195 2406 1252 2448 σω-

61 2490 220 2569 φρονῶμεν
243 2484 419 2565 ἓξίμεία
442 2487 558 2563 αὐτοῦ,
583 2492 616 2551 et
647 2482 746 2571 §ih
772 2488 861 2563 ἡμεῖς
885 2485 920 2562 ἢν
944 2491 1144 2568 σωφρονῶμεν
1167 2485 1254 2554 airr-

59 2588 1253 2678 mssmffimmmmmfflhm.fflmssfflmwmmm

62 2692 150 2763 detio
174 2697 239 2785 peti
265 2705 367 2783 potest
393 2696 461 2763 loco
494 2696 611 2763 incerti
635 2696 822 2782 scriptoris,
847 2695 902 2781 qui
929 2694 1102 2762 secundam
1136 2700 1253 2764 oratio-

60 2820 134 2869 nem
158 2806 233 2869 κατ’
256 2803 495 2883 Ἀριςογείτονος
520 2801 701 2887 composuit
731 2801 817 2866 inter
839 2799 1104 2868 Demosthenieas
1127 2803 1177 2868 edi
1202 2825 1253 2869 so·

61 2905 153 2973 litam
185 2928 217 2995 p.
237 2912 313 2975 807.
348 2906 372 2997 S
398 2912 462 2975 23:
495 2906 535 2974 ὧν
566 2909 619 2973 ἕαν
644 2906 741 2987 ἔχητε
769 2912 835 2971 νοῦν
858 2907 1072 2986 ἐνθυμούμενοι
1100 2909 1170 2982 τοὺς
1194 2910 1252 2988 μὲν

60 3010 246 3097 φίσαοντας
268 3015 394 3087 τούτους
414 3015 456 3095 τῷ
481 3013 566 3095 λόγῳ
586 3019 693 3095 φιλεῖν
717 3014 801 3091 ὑμέις
824 3012 946 3093 χαίρειν
970 3012 1138 3090 ἔοίσατε,
1162 3015 1250 3079 αὐτοὶ

61 3116 93 3185 dd
122 3120 210 3185 ror'ir’
241 3118 275 3185 ἕιι
306 3120 424 3193 παντὸς
447 3120 559 3200 τρίτου
586 3115 924 3200 παραφωλοίξατε,
951 3112 1032 3190 ἴσως
1054 3118 1118 3182 xri.
1166 3118 1253 3184 Nihit

58 3224 148 3291 cuim
172 3242 243 3291 esse
264 3231 369 3310 potest
391 3228 513 3291 certius
534 3243 631 3310 quam
660 3221 773 3288 ἐνίεετε
796 3230 829 3288 ot
858 3220 1108 3305 παραφυλάξετε
1130 3221 1170 3287 ah
1194 3242 1252 3289 au·

55 3328 346 3405 memorationis,
381 3332 579 3416 quicumque
604 3328 734 3394 tandein
760 3337 828 3405 ost,
863 3330 1021 3415 seriptum
1058 3327 1167 3394 inisse.
1215 3329 1251 3394 hr

52 3434 186 3512 Minoe,
210 3435 266 3521 qui
298 3434 331 3502 in
367 3434 540 3500 Platonicis
576 3433 829 3509 circumfertur,
864 3455 895 3520 p.
917 3438 983 3500 520
1007 3435 1043 3500 E.
1077 3434 1149 3501 ride
1173 3435 1252 3522 quid

55 3538 267 3609 turbaverint
292 3538 438 3617 scribae,
474 3538 590 3606 deinde
624 3539 793 3618 Editores‚
828 3541 1017 3626 priusquam
1050 3560 1125 3606 vero
1156 3540 1252 3607 lectio

49 3654 190 3733 repertu
219 3654 323 3713 esset:
355 3647 399 3713 διὸ
433 3646 485 3712 καί
518 3647 577 3719 σὺ,
610 3642 632 3709 ὦ
655 3645 807 3723 βέλτιςε,
841 3647 896 3712 tata
927 3653 1106 3730 σωφρονῇς,
1138 3650 1251 3713 εὐλα-

50 3752 195 3831 βησει.
242 3750 278 3817 ln
303 3751 366 3832 iis,
390 3771 473 3837 quac
498 3750 563 3815 illie
588 3751 741 3816 continuo
764 3760 963 3837 sequuntur:
988 3753 1040 3817 καὶ
1065 3750 1164 3826 ἄλλος
1186 3759 1250 3827 τοῖς

50 3860 134 3939 ἀνὴρ
159 3854 219 3939 ίτιρ
246 3856 337 3935 μέλει
357 3863 411 3924 τοῦ
437 3857 638 3937 εὐδόκιμον
660 3852 760 3934 εἶναι,
784 3867 914 3943 gratum
945 3860 1069 3923 incerto
1100 3859 1252 3944 scriptori

52 3960 160 4029 docies
187 3961 216 4028 si
242 3963 272 4027 ei
298 3962 455 4043 εὐδόκιμος
480 3958 557 4028 εἶναι
582 3961 721 4028 volueris
749 3961 893 4030 reddere.

104 4067 227 4135 Eodem
246 4066 340 4135 modu
360 4071 409 4135 uti
430 4070 520 4133 iuvat
543 4068 764 4155 Xenophontis
785 4068 893 4136 verhis
916 4088 955 4135 ex
974 4067 1075 4135 hnah.
1096 4068 1148 4134 VI.
1171 4091 1192 4134 ι.
1219 4076 1249 4137 1.

55 4172 102 4241 ad
123 4172 385 4261 redarguendum
414 4182 543 4259 turpem
576 4194 742 4251 errorem,
768 4194 863 4261 quem
896 4174 1104 4240 Demostheni
1129 4175 1250 4241 indocti

58 4278 208 4347 Graeculi
232 4288 353 4347 temere
377 4279 587 4347 affricueruut
622 4289 655 4346 et
687 4280 796 4348 nuilus
828 4278 934 4346 adhuc
966 4280 1106 4346 Griticus
1140 4280 1251 4370 depre-

56 4382 180 4455 hendit.
228 4386 265 4452 hr
290 4386 492 4455 Timocraten
518 4407 548 4473 p.
572 4392 657 4463 701,
682 4392 736 4453 ⁶28.
769 4388 815 4453 sie
838 4385 977 4471 legitur:
1003 4388 1028 4451 si
1053 4388 1250 4471 κατώρθωσεν

959 4500 986 4536 38
1001 4494 1015 4523 ⁴
