2940 5010
785 269 849 332 ita

230 448 305 518 tur,
335 441 433 506 ctiam
464 438 580 506 urenda
610 441 718 506 omnia
745 447 777 506 et
800 440 901 518 vitia,
934 458 1015 526 quae
1039 439 1166 506 incuria
1194 437 1279 507 ludit
1299 448 1336 508 et
1358 438 1414 505 bo·

229 546 437 611 mansionum
459 543 546 612 aliud
569 545 734 632 agentium
756 545 937 612 oscitantia.
985 542 1077 632 Aputl
1106 543 1270 612 Eubulum
1293 543 1414 612 Athen.

229 671 259 738 p.
282 654 347 716 622
371 651 408 716 E.
435 650 467 715 io
495 648 671 738 archetypo
691 650 852 717 Marciano
876 648 981 716 scriba
1004 649 1183 717 dormitans
1212 648 1301 716 teuit
1332 649 1415 717 ἐνυ·

228 756 394 836 pannem
426 755 536 834 σεμνὸς
567 758 724 831 αὶλλῖιντσς
747 755 858 837 τδμυς,
882 754 967 821 idem
991 752 1144 821 mendum
1175 755 1210 821 in
1239 753 1415 843 Epitomatt

229 860 423 927 translatum
449 867 517 939 est,
540 879 604 947 qua
627 859 692 926 sola
716 859 923 927 Eustathium
945 879 1040 926 usum
1060 879 1131 927 esse
1151 867 1291 929 constat.
1328 857 1417 941 uota

228 965 356 1052 igitur?
391 964 513 1031 nullius
536 964 649 1032 iudicii
679 964 774 1031 homo
803 967 918 1054 arripit
947 963 1064 1051 cupide
1086 964 1239 1032 mendum
1263 984 1323 1052 pro
1347 966 1418 1032 siu·

228 1090 303 1137 ocra
331 1069 452 1147 torma,
484 1067 568 1136 unda
598 1069 726 1157 collegit
749 1072 873 1139 scilicet
904 1070 1028 1138 Atticos
1057 1069 1246 1149 ἐνωνιίλιται
1270 1066 1418 1148 dixisse,

101 1232 106 1249 .
229 1173 499 1262 quemadmodum
532 1177 863 1257 sarryaorrrrpboe,
893 1174 1146 1256 timictoniam,
1175 1174 1417 1254 ἐβλατιικότες,

228 1279 530 1361 κατεβλακευμένως
553 1288 587 1346 et
610 1280 674 1346 alia
696 1280 866 1357 dicebant,
891 1300 974 1368 quae
993 1280 1081 1348 violes
1104 1299 1202 1368 quam
1225 1287 1313 1347 recte
1338 1298 1417 1347 oum

227 1385 417 1465 ἐνωναλιται
449 1394 693 1472 componantur.
745 1385 891 1453 Alterum
923 1384 1106 1473 exemplam
1137 1394 1187 1454 ast
1219 1386 1252 1453 in
1283 1384 1419 1453 Cratino

228 1490 345 1559 Athen.
370 1510 401 1578 p.
426 1495 489 1557 138
512 1491 549 1558 Ε.
601 1550 603 1554 .

317 1597 348 1661 ἐν
371 1597 403 1663 bl
426 1603 498 1671 ταῖς
521 1596 670 1680 λέσχαισι
693 1597 815 1681 φύσκαι
839 1597 1238 1681 προσπεπατταλευμέναι,

274 1699 465 1768 Eustatbios
492 1702 524 1767 in
550 1721 608 1769 sua
631 1703 780 1790 Epitome
803 1701 881 1787 legit
908 1701 1282 1786 προσεπατταλευμὲναι,
1306 1699 1420 1769 lectio·

230 1808 283 1873 nis
305 1826 449 1874 errorem
472 1827 543 1874 esse
564 1828 604 1875 no
626 1808 813 1896 suspicatur
835 1806 987 1894 paridem,
1018 1815 1158 1875 metrum
1191 1825 1289 1873 ruere
1311 1804 1419 1875 multo

232 1912 331 1978 otiam
359 1914 487 1992 minus,
513 1921 545 1980 et
568 1933 664 1980 suum
688 1912 1042 1996 πρισεπατταλευμέναι
1062 1931 1138 1979 oum
1159 1913 1307 1988 lasciuiae
1331 1931 1420 1979 com·

231 2025 321 2104 parat
342 2025 375 2083 et
399 2018 432 2085 io
456 2019 568 2106 paucis
599 2021 828 2086 ’Λττικωτατιν
858 2037 928 2084 essa
956 2016 1055 2083 stulte
1085 2016 1245 2103 opinatur.
1292 2015 1418 2085 llotlem

229 2130 321 2208 pacto
344 2123 373 2189 ei
400 2124 555 2210 imposuit
578 2125 692 2191 vitiosa
715 2124 876 2210 scriptura
899 2121 1093 2206 ἕχιέλκευται
1117 2127 1150 2186 ct
1171 2120 1361 2199 illebonam
1381 2131 1419 2190 et

228 2225 391 2304 ε’ξεπίακεν
424 2226 604 2318 (ἐξίπωκεν,
638 2228 755 2305 credo,
787 2228 905 2296 alicubi
939 2229 987 2295 sic
1018 2236 1087 2295 erat
1120 2224 1347 2315 depravatum)
1382 2236 1419 2296 et

230 2351 347 2419 magna
377 2352 452 2399 cum
475 2333 634 2418 gravitate
658 2332 750 2400 nobis
781 2333 861 2400 istas
892 2333 1029 2420 ineptias
1055 2331 1197 2420 apponit
1242 2330 1418 2401 Caeterum

230 2435 329 2502 nihilo
353 2445 429 2503 suot
449 2436 501 2503 his
524 2438 651 2504 saniora
674 2457 756 2524 quae
786 2438 1028 2506 liemsterbosio
1059 2434 1245 2524 placebant,
1274 2443 1307 2503 et
1331 2435 1420 2505 Pbo-

229 2543 295 2607 tius
325 2560 452 2628 quoque
484 2549 530 2608 tot
563 2541 829 2610 hallucinationes
852 2552 884 2611 et
911 2541 1122 2611 deliramenta
1147 2541 1180 2607 in
1203 2559 1294 2606 suam
1327 2540 1416 2620 alfia

229 2646 369 2732 recepit,
396 2654 431 2712 ut
462 2644 587 2733 fatuum
619 2667 688 2714 esse
717 2656 861 2733 oporteat
889 2650 944 2735 qui
976 2650 1031 2715 isti
1063 2647 1140 2715 testi
1169 2644 1293 2733 aliquid
1323 2646 1417 2717 creti

230 2769 322 2837 posse
353 2751 513 2837 opinetur.
568 2752 680 2840 ltaque
707 2752 903 2833 κεκλειμέναι
930 2762 962 2821 et
993 2752 1176 2823 κατέκλεισα
1206 2749 1301 2839 plane
1328 2752 1420 2820 eius·

229 2855 303 2923 lem
337 2864 415 2922 sunt
438 2859 555 2945 pretii,
588 2878 626 2924 ac
659 2856 839 2925 tenebimus
869 2857 928 2925 hoc
960 2859 992 2925 in
1024 2855 1263 2944 antiquioribus
1294 2856 1419 2926 Atticis

228 2963 383 3046 κε’κλρμαι
407 2971 483 3030 cett.
509 2963 628 3050 ubique
650 2981 719 3028 esse
742 2961 997 3042 restituendum,
1019 2963 1205 3042 κέκλεισμαι
1225 2961 1418 3048 sequiorum

229 3088 316 3145 esse,
339 3075 371 3134 et
391 3069 555 3150 κέκλειμαι
577 3069 610 3134 in
631 3066 859 3136 Graeculorum
882 3068 1023 3136 cerebris
1042 3088 1113 3135 esse
1137 3075 1259 3133 natum.
1290 3065 1330 3135 ln
1352 3075 1419 3136 ter·

228 3173 406 3239 minatione
441 3172 655 3260 perlectorum
679 3175 713 3239 in
742 3198 814 3254 μαι
838 3182 871 3240 at
892 3198 985 3255 ·σμαι
1010 3193 1088 3239 usos
1116 3171 1325 3253 dominatur,
1359 3173 1421 3243 secl

228 3285 339 3344 certus
362 3286 395 3344 et
418 3278 554 3345 stabilis.
603 3279 731 3345 [licitur
758 3279 955 3361 ἔρρωμαι,
978 3277 1162 3361 ἐρρωμένας,
1185 3277 1420 3362 ἐρρωμενέστερον

230 3382 368 3469 ubique,
392 3403 540 3469 semper,
563 3382 603 3449 ab
627 3383 797 3461 omnibus,
822 3383 877 3452 sed
908 3382 1020 3451 eadem
1051 3384 1232 3449 constantia
1261 3381 1418 3467 ἄρρυτιρ,

229 3488 379 3568 apporta,
402 3491 555 3570 σὶρρωςεῖυ.
603 3488 730 3556 Dicitur
757 3489 773 3556 ἔ
781 3489 802 3571 ζ
808 3513 961 3569 ωσμαι,
984 3488 1203 3570 παρέζωσμαι,
1225 3488 1418 3571 διέζωσμαι,

228 3591 457 3674 τεριέζωσμαι,
490 3592 544 3660 soti
579 3594 690 3677 ζῶμα,
725 3594 905 3677 περίζωμα,
939 3592 1104 3676 διάζωμα,
1138 3590 1195 3659 sed
1230 3591 1348 3674 ἅζωσυς
1382 3604 1419 3663 et

226 3697 335 3780 ζωτιὶρ.
381 3697 509 3764 Dicitur
540 3698 799 3782 κέχρωσμαι,
822 3701 1088 3781 συγκέχρωσμαι,
1113 3697 1168 3766 scd
1190 3701 1328 3781 χρῶμα,
1358 3699 1418 3768 sed

226 3801 364 3885 music:
389 3803 540 3870 similiter
559 3803 781 3885 κέχωσμαι,
803 3807 920 3887 χῶμα,
941 3804 1056 3886 χωτός.
1087 3804 1213 3871 Dicitur
1233 3804 1416 3886 σέσωσμαι,

227 3907 283 3976 sall
315 3911 414 3990 σωτήρ
446 3918 479 3976 et
509 3906 637 3984 ἄσωτος.
693 3908 819 3976 Dicitur·
848 3909 1079 3990 ἔγνωσμαι,
1110 3915 1242 3989 γνῶμα,
1272 3911 1418 3989 νυκτός,

227 4013 282 4080 sed
305 4016 531 4097 τέτρωμαι,
554 4022 679 4097 τρῶμα,
710 4015 839 4097 τρωτός,
863 4025 895 4082 el
917 4017 1152 4097 βέβρωμαι,
1175 4016 1308 4096 βρῶμα,
1332 4018 1416 4098 βρυ·

226 4119 298 4195 τός,
333 4119 482 4200 ἄβρωτος.
540 4121 666 4188 [linitur
697 4121 968 4204 κέκρυυσμαι,
1003 4125 1143 4203 αρσῦμα,
1175 4121 1321 4203 reponsio,
1355 4121 1416 4190 sad

224 4225 475 4306 κεκόλυυμαι
500 4234 533 4293 el
555 4226 759 4307 λέλυυμαι
783 4238 816 4295 et
837 4228 976 4301 ἄλουτος.
1027 4226 1153 4293 Dicitur
1177 4225 1416 4306 πέπαυμαι,

224 4329 402 4408 lacinias,
428 4329 569 4407 ἄπαυςσς
596 4332 664 4420 (scol
689 4331 830 4401 librariis
859 4333 962 4423 placat
991 4333 1125 4408 ἕπαὺθιιι
1157 4333 1276 4420 passim
1300 4333 1420 4407 vitiose
