2940 5010
698 267 762 329 oet

146 447 277 514 mittere
306 461 401 530 quam
434 440 591 528 expellere
622 459 734 507 noum.
783 440 818 506 ln
845 444 863 526 ς
891 443 922 506 6.
947 443 972 506 cl
998 438 1135 523 ον’ριιινοι
1159 446 1222 509 τῶν
1243 442 1331 520 μένε’·

145 577 206 622 ςοιν
240 552 366 630 dycaeo
401 546 542 628 ε’λοέχιςοι
575 547 762 627 μετέχουσιν
797 553 887 612 certa
921 544 1146 614 emendatione
1180 547 1330 631 έλοέχρςον

146 654 374 743 corrigendum
398 661 465 729 esu
488 653 521 717 in
545 650 663 717 talibus
686 651 775 733 μέρος
798 650 1181 721 arbitratuorsecorum
1202 659 1263 720 ant
1280 653 1331 721 ad·

146 760 237 827 ditur
259 767 315 827 ant
334 759 520 835 omittitur,
545 756 601 824 scd
622 757 841 824 necessarium
863 755 995 843 perinde
1014 766 1063 823 cst
1087 768 1244 827 nentru-
1266 759 1328 826 sin·

146 866 259 954 gulare
281 885 399 953 ponere
430 872 558 934 τλεῒςον
587 863 757 945 μετέχειν,
790 862 940 944 έλοὶχιςον
968 863 1119 945 μετέχειν
1148 864 1333 951 similiaque

148 974 266 1039 omnia.
313 970 349 1037 ln
384 973 403 1056 §
430 976 459 1037 7.
492 971 600 1036 τούτου
633 976 761 1039 ποιεῖτον
791 969 881 1049 μέρος
905 971 931 1035 οἱ
963 969 1102 1052 τύροιννοι
1131 970 1330 1054 μετέχουσιν.

147 1077 304 1146 Slohaeue
333 1076 453 1142 omisso
482 1075 572 1156 μέρος
596 1073 694 1141 habel
722 1075 830 1141 τούτου
861 1082 990 1144 τλεῖςον
1020 1075 1205 1158 μετέχομεν
1226 1078 1256 1144 oi
1283 1079 1332 1145 τέ·

146 1208 255 1268 ροιννοι.
303 1182 426 1248 Vitiosa
460 1181 621 1267 scriptura
656 1178 800 1262 ἔοιιίχιτμ
830 1188 905 1247 nata
937 1188 986 1247 est
1009 1200 1049 1247 ex
1071 1182 1113 1248 iis
1132 1202 1220 1269 qnae
1241 1204 1332 1271 eppo

148 1298 273 1356 onntnr
303 1296 422 1357 τεεῑςιι
452 1285 629 1361 κέκτηντιιι.
676 1283 855 1353 Emendate
882 1286 1042 1373 scriptum
1072 1295 1124 1354 cst
1145 1287 1204 1356 tv.
1230 1297 1261 1357 t.
1284 1292 1333 1358 ri·

147 1419 223 1468 ςεοις
250 1392 314 1467 ὅςις
349 1392 550 1473 erexerat
584 1389 735 1472 μετέχει,
766 1399 798 1458 et
816 1390 901 1458 aliis
923 1391 1001 1459 locis
1025 1392 1106 1461 benc
1134 1394 1271 1475 multis,
1297 1395 1334 1462 de

146 1518 213 1587 qna
234 1519 270 1566 re
293 1500 326 1564 in
351 1497 572 1584 superioribus
595 1497 660 1562 iam
688 1495 844 1563 nonnulla
866 1499 1115 1580 annotavimus,
1138 1499 1262 1587 quinos
1284 1499 1333 1567 ad·

147 1605 225 1671 dere
247 1606 338 1670 iuvat
361 1600 617 1669 emendationem
645 1601 829 1668 suavissimi
861 1602 1035 1689 fragmenti
1059 1605 1230 1694 Euripidei
1254 1605 1335 1694 apud

150 1709 351 1777 Athenaeum
374 1707 459 1775 Xlll.
484 1727 513 1794 p.
535 1710 594 1774 uot
624 1708 661 1774 A.

331 1815 497 1893 naoecpa
520 1813 546 1878 δ’
566 1816 666 1894 Ἔρως
689 1810 805 1896 comice
828 1815 940 1895 ἀρετῆς

331 1928 457 1989 rastros
482 1916 662 1999 ὑτοέρχει
687 1918 739 1983 xci
767 1927 963 1999 προσομιλεῖν

429 2021 515 2098 οὗτος
538 2025 554 2089 d
576 2023 695 2104 δοιέμοιν

331 2132 456 2197 τοέντον
481 2129 579 2207 illaec
603 2127 665 2213 έφο
684 2131 814 2204 θνητοῖς.

196 2237 345 2305 Retineat
379 2237 462 2303 lianc
484 2235 654 2301 lectionem
684 2236 740 2320 qui
763 2235 826 2301 sibi
855 2235 1034 2321 intelligere
1065 2236 1217 2304 videtur:
1252 2241 1337 2327 cqui-

151 2344 225 2410 tiem
248 2345 297 2410 sio
319 2343 449 2408 demum
473 2341 578 2407 locum
602 2338 781 2425 intelligam
806 2341 834 2407 si
865 2344 977 2423 οὶρετης
1007 2350 1136 2413 τλεῑςον
1163 2346 1336 2427 μετέχει

150 2449 356 2518 emendatum
389 2449 462 2514 erit.
509 2445 631 2531 Duplex
664 2444 817 2513 mendum
849 2455 899 2512 est
932 2448 966 2512 in
991 2452 1008 2534 §
1030 2452 1061 2514 7.
1093 2449 1120 2515 εἰ
1151 2452 1213 2529 μὲν
1243 2453 1335 2534 εἰρήνη

153 2557 237 2621 δοκεῖ
260 2555 349 2634 μέχοο
377 2551 495 2632 epotis
518 2558 582 2624 τοῖς
610 2553 773 2632 ἀνθρώποις
798 2547 897 2630 εἶνοιι,
921 2592 966 2606 -
988 2555 1015 2618 εἱ
1035 2552 1067 2619 δὲ
1090 2554 1231 2634 πόλεμος
1252 2557 1334 2637 μέγα

153 2659 269 2737 sceda,
300 2659 435 2725 enteutla
458 2661 475 2734 η
498 2660 556 2737 μέν
584 2659 682 2738 εἰρήνη
704 2694 749 2708 -
773 2659 787 2722 ὃ
810 2658 842 2723 δὲ
873 2657 1023 2738 τόλεμοο.
1072 2659 1249 2728 Confirmat
1274 2662 1334 2730 Sto·

153 2766 274 2844 hactus,
299 2764 384 2852 apud
409 2784 503 2851 quern
524 2765 538 2829 ὁ
561 2765 592 2829 δὲ
613 2763 749 2842 πόλεμος
774 2762 941 2830 emendate
962 2765 1122 2851 scripturo
1146 2776 1219 2845 cst,
1245 2770 1333 2834 inter·

155 2870 306 2936 ciderunt
336 2869 568 2949 autenticis
600 2870 633 2933 in
671 2869 701 2958 (ἡ
733 2868 803 2957 μὲν)
833 2871 931 2951 εἰρήνη
962 2870 1045 2936 δοκεῖ
1065 2872 1132 2937 eri.
1179 2872 1215 2938 ln
1248 2878 1331 2959 §lo

157 2977 285 3060 corrige
314 2977 500 3056 ςριοτεύιοσιν
537 2977 602 3041 ἐντὶ
631 2976 687 3050 την
717 2974 808 3042 πόλιν
829 2995 887 3062 pro
911 2979 953 3049 εἷς
985 2979 1041 3052 την
1069 2976 1183 3058 πόλιν,
1219 2980 1332 3046 tumis

159 3085 350 3163 οὶοφιιλεῖ
370 3081 488 3155 τοὲντερ
519 3081 670 3163 νομίζοντι
694 3081 863 3151 κοιέεςοένοιι
895 3102 953 3168 pro
984 3083 1015 3147 εἰν
1041 3085 1222 3169 dromeda.
1269 3086 1332 3152 Fre·

160 3208 263 3274 quens
294 3186 353 3252 hoc
386 3195 435 3252 est
467 3187 499 3251 in
532 3186 626 3252 libris
650 3187 776 3252 vitium.
826 3186 865 3252 Ut
896 3187 1009 3253 Latine
1040 3188 1073 3252 ι’νν
1103 3199 1168 3254 tato
1199 3212 1265 3256 οιιο
1295 3191 1331 3255 sic

163 3294 283 3360 Graece
306 3313 369 3356 oon
402 3292 496 3359 aliter
519 3291 640 3358 dicitnr
663 3312 759 3378 quarn
783 3293 814 3357 ἐν
839 3295 986 3375 accareu
1005 3288 1106 3369 εἶναι,
1138 3296 1334 3381 quemadmo-

164 3398 242 3464 dunr
269 3399 299 3461 ἐν
323 3398 469 3480 ἀκινδύνῳ
497 3395 574 3464 risus
603 3398 737 3474 dicunt,
762 3397 845 3482 qnod
876 3399 987 3463 statim
1010 3401 1168 3485 sequitur.
1217 3402 1336 3483 Quoties

163 3505 194 3568 έν
218 3506 366 3586 οὶσφοιλεῑ
388 3501 486 3569 luerit
518 3503 728 3588 depravantur
760 3504 793 3567 in
816 3504 846 3568 ἐν
870 3506 1037 3590 οὶοφοιλεέρι
1061 3515 1109 3571 esi
1132 3526 1248 3592 operae
1276 3526 1336 3594 pto-

164 3610 248 3673 tiurn
283 3609 395 3694 parteis
425 3617 547 3675 notare.
603 3609 638 3674 ln
673 3609 898 3694 antiquissimo
932 3610 1046 3677 Codice
1076 3630 1278 3700 papyraceo,
1312 3613 1337 3676 iu

163 3733 229 3800 qno
261 3712 434 3802 Hyperidis
465 3713 666 3803 oratiuncula
704 3715 788 3795 ὑπὲρ.
807 3714 1004 3791 Εὐξενίππου
1036 3726 1163 3795 exstat,
1199 3718 1341 3785 mendose

165 3820 286 3904 legitur
315 3817 380 3886 Col.
406 3825 460 3886 45.
491 3828 1085 3889 ΕΝΛΣΦΑΛΕΙΑΙΚΑΤΕΣΤΗΣΑΝ
1108 3842 1167 3907 pro
1188 3826 1220 3889 ἐν
1242 3829 1342 3909 droc-

167 3933 221 3991 νιεῒ
250 3925 455 4001 accersens,
491 3924 531 3991 ad
561 3944 656 4011 quem
696 3925 802 3991 locum
845 3926 1061 3993 indicavimus
1093 3929 1214 3996 vitium
1254 3933 1287 3998 in
1316 3931 1347 3997 li·

168 4030 235 4097 bris
260 4029 479 4120 Thucydidcis
501 4031 541 4097 ll.
568 4036 621 4097 75.
650 4030 703 4097 ubi
726 4030 1078 4114 {vermandensium
1102 4054 1160 4120 pro
1185 4037 1218 4101 ἐν
1240 4040 1347 4122 deoa-

166 4137 238 4219 aete
262 4135 445 4222 legendum.
494 4137 570 4204 Sine
592 4138 671 4202 vitio
691 4136 810 4222 legitur
829 4137 914 4225 apud
936 4139 1184 4208 Demosthenem
1210 4141 1250 4210 de
1270 4144 1308 4212 1⁴¹.
1319 4145 1349 4211 L.

169 4246 243 4307 tae.
267 4239 385 4308 ἅπαντ’
409 4245 447 4308 έν
472 4245 661 4326 οὶσφοιλεῑ
683 4243 727 4309 τοὶ
748 4244 913 4325 πράγμαθ’
934 4247 1006 4325 ὑμῖν
1025 4247 1163 4327 έοεοέοιι,
1187 4257 1221 4316 el
1245 4255 1352 4338 §262
