2940 5010
720 119 783 182 595

153 294 219 385 plia
237 312 329 383 opus.
358 293 404 361 lie
424 293 493 381 ipso
514 290 722 379 Xenophonte
741 288 934 358 Plutarchus
952 290 984 355 in
1007 291 1182 359 Artaxerxe
1198 294 1336 380 cap.1X.

155 406 296 485 Ξενιφίἰν
312 399 469 479 συντόμως
489 396 547 465 ίίτε
570 400 615 477 μίη
636 398 765 477 ταρὼν
784 398 895 470 αύτός
917 392 1013 462 εἰσεν.
1049 394 1215 463 Sententia
1235 400 1338 485 igitur

153 514 226 575 etti:
249 506 352 588 ταρόοκ
374 505 468 578 αὐτός
490 502 735 581 συνεξέταττον,
757 500 816 572 iis-e
850 501 1010 582 σαφέςατ’
1032 498 1071 566 οἰκ
1094 502 1219 581 εἰδείην,
1254 525 1337 591 quae

153 612 277 701 optime
298 610 419 677 Graece
430 608 513 675 hanc
537 608 674 675 formam
696 607 821 674 induit:
845 606 1007 690 σαφόςατ’
1031 605 1070 671 ίαν
1090 608 1209 683 εἰδείην.
1233 609 1337 687 συνεξ-

154 716 289 783 όσαττον
322 716 386 796 γιίρ
417 718 519 797 ταρύιν
550 715 655 789 αὐτός.
716 712 990 794 Quemadmodum
1024 711 1084 777 hoc
1116 710 1185 779 loco
1221 715 1340 780 ἕτοίουν

152 821 325 909 pueriliter
347 818 518 886 admodum
545 820 706 886 invectum
737 827 786 885 est
811 819 858 884 sic
886 823 1020 884 τοιοῦτον
1052 816 1179 884 indocte
1208 817 1249 886 de
1279 840 1338 886 sno

153 926 368 993 inseruerunt
390 924 618 991 homunciones
640 923 721 990 Vlll.
749 932 777 990 l.
802 928 833 989 6.
868 926 907 997 εἰς
929 924 959 988 δὲ
979 922 1044 989 τότ’
1066 921 1164 1001 ἔδοξεν
1186 922 1262 990 οὕτω
1283 927 1337 992 καί

152 1036 207 1099 νῦν
231 1028 278 1097 ἔτι
316 1030 478 1119 [τοιοῦτον]
501 1033 527 1097 οἰ
551 1030 637 1097 κατόι
667 1031 723 1106 τίην
751 1030 861 1097 Ἀσίαν
894 1029 951 1095 oet
983 1029 1117 1107 βασιλεῖ
1142 1028 1225 1105 ὀντες
1254 1032 1339 1113 ὀερα·

151 1136 282 1205 redon
311 1136 373 1209 τοίς
404 1144 464 1203 τῶν
495 1135 652 1219 οἰρχόντων
675 1135 788 1218 ὀύρας,
821 1134 876 1200 ubi
900 1134 956 1220 qui
990 1134 1188 1214 tepescente!
1209 1159 1247 1200 τε
1281 1144 1338 1202 aut

150 1242 353 1325 όερατεύουσι
376 1240 440 1322 γύρ
459 1242 627 1326 corrigunt
650 1248 771 1327 augent
792 1238 932 1317 malum,
955 1238 1040 1325 qnod
1061 1249 1182 1307 resecto
1205 1247 1339 1309 ποιοῦσιν

151 1356 307 1414 anatum
331 1346 403 1414 erit.
452 1344 491 1412 th
513 1345 573 1412 hoo
596 1345 664 1412 ioco
686 1350 819 1413 τοιοῦτον
839 1382 885 1393 -
902 1344 1114 1426 όερατεύουσιν
1143 1365 1178 1412 se
1201 1346 1339 1414 invicem

151 1449 356 1539 inpediunt,
379 1450 427 1517 sic
447 1453 480 1517 in
505 1449 574 1517 loco
598 1451 822 1539 Aristophanis
844 1449 925 1516 Nuh.
948 1456 1045 1517 1155.

339 1558 404 1630 τοῖς
428 1556 491 1638 γοίρ
513 1582 562 1631 τις
584 1556 691 1636 όμνυσ’
714 1552 757 1630 τίς
780 1556 912 1640 ὀφείλων
934 1554 1088 1637 τυγχοίνω

338 1661 398 1735 όείς
421 1686 473 1743 μοι
497 1665 657 1745 πρυτανεῖ’
679 1664 810 1729 οἰτολείν
832 1661 874 1739 μέ
895 1667 973 1745 φησι
995 1659 1148 1738 κάξολεῖν.

149 1766 281 1847 όμνυσιν
300 1773 333 1833 et
350 1772 429 1849 φησι
450 1777 597 1836 constare
616 1787 679 1833 non
700 1772 846 1855 possunt.
893 1764 975 1847 Quid
995 1768 1037 1832 sit
1057 1764 1226 1851 tegendum
1245 1767 1339 1833 multi

150 1870 282 1939 dudum
305 1870 476 1951 viderunt,
499 1892 615 1960 nempe
636 1874 748 1955 ὀμνύς,
771 1870 827 1938 sed
851 1870 1015 1937 novissimi
1044 1869 1190 1937 Editores
1214 1871 1340 1938 malunt

152 1976 312 2045 mendum
334 1996 484 2057 servare,
508 1998 548 2045 ne
569 1978 631 2045 hoc
654 1978 783 2065 quidem
809 1984 960 2043 curantes
981 1974 1065 2061 quod
1088 1974 1193 2054 ὄμνυτ’
1217 1972 1260 2051 νίς
1281 1998 1339 2066 pro

149 2078 282 2161 ὀμνυσιν
313 2078 357 2157 οἰς
388 2082 452 2150 dici
485 2082 572 2149 nullo
603 2082 696 2149 modo
729 2091 843 2169 potest.
890 2082 1009 2160 Ὀμνύς
1037 2085 1133 2164 Φησιν
1166 2102 1236 2149 esse
1269 2086 1338 2162 μεό’

150 2180 243 2269 open
254 2189 349 2271 Φησίν
361 2188 564 2275 apertissime
580 2186 814 2255 demonstrabit
838 2185 1057 2272 Xenophontis
1080 2184 1169 2253 iocus
1191 2187 1223 2252 in
1247 2186 1339 2278 Sym·

151 2290 247 2381 pudo
266 2292 321 2360 lv.
347 2300 399 2361 10.
422 2292 472 2361 ιίεἰ
492 2293 653 2373 ὀμνύοντες
679 2292 849 2383 (ὀμνύντες)
872 2291 970 2358 καλόν
989 2292 1031 2370 μέ
1053 2297 1139 2375 Φατε
1159 2289 1258 2372 εἰναι,
1282 2295 1338 2381 qui

152 2396 390 2487 Aristophaneo
412 2397 597 2465 simillimus
618 2406 678 2466 est.
725 2400 819 2467 iuuat
841 2396 945 2465 obiter
968 2395 1187 2483 Xenophontis
1208 2407 1240 2467 et
1269 2400 1338 2467 Pia-

153 2500 246 2571 tonis
275 2505 470 2572 testimoniis
503 2503 636 2571 atterius
659 2502 720 2572 loci
748 2502 834 2591 apud
866 2502 1113 2590 Aristophanem
1143 2504 1337 2572 emendatio·

149 2622 234 2677 nem
263 2608 297 2676 in
323 2611 543 2698 prioreparte
573 2629 592 2675 a
623 2630 675 2677 me
704 2609 899 2697 propositam
935 2607 1136 2675 confirmare.
1188 2608 1273 2676 Raro
1305 2612 1338 2678 in

152 2712 369 2803 Aristophane
398 2714 598 2782 emendanda
632 2714 711 2781 mihi
745 2714 854 2781 videor
885 2712 985 2780 fuisse
1019 2713 1143 2781 felicior
1175 2734 1273 2802 quam
1304 2717 1337 2785 in

152 2816 274 2907 vespis
293 2824 381 2899 512,
404 2820 460 2887 uid
483 2818 591 2886 editur
615 2840 747 2907 prorsus
769 2821 840 2886 sine
862 2838 978 2885 sensu:

246 2934 422 2993 ΠΛΙΔΕΣ.
445 2926 479 2992 τί
499 2950 542 3006 με
564 2926 654 3003 δῆτ’,
679 2923 700 2992 οἰ
723 2925 826 3006 μελέα
849 2934 963 3007 μιῑτερ,
986 2922 1125 3002 ἔτικτες,

449 3029 486 3097 i'o'
509 3030 576 3111 όμοί
601 3029 781 3114 τροίγματα
803 3030 929 3110 βόσκειν
952 3028 1104 3111 ταρόχης.

151 3134 215 3205 uhi
235 3134 439 3223 coniungunt
468 3134 607 3203 mirifice
635 3136 760 3217 βόσκειν
790 3135 994 3219 τρόγματα,
1026 3135 1124 3202 etiam
1155 3135 1339 3208 ltindoriius

148 3238 196 3309 ad
219 3238 373 3329 Stephani
404 3238 628 3319 Thesanrnm‚
660 3241 717 3309 sed
740 3249 772 3309 ct
803 3242 851 3308 sic
880 3248 913 3308 et
944 3241 1058 3326 quavis
1081 3241 1144 3310 aha
1175 3245 1226 3312 via
1256 3247 1337 3314 nihii

148 3345 312 3415 mandes
333 3344 419 3433 quod
447 3366 511 3413 non
545 3346 722 3414 absurdum
753 3349 795 3414 sit
826 3348 927 3416 donec
956 3363 993 3415 ea
1018 3348 1114 3415 verba
1138 3351 1186 3417 sic
1220 3351 1337 3422 divise·

149 3448 225 3531 ris,
245 3457 284 3518 ut
305 3453 398 3539 pueri
421 3451 573 3519 debiliter
592 3460 851 3539 conquerantur:

379 3556 414 3622 τί
435 3582 477 3637 με
501 3558 587 3637 δῆτ’,
610 3556 632 3623 οἰ
655 3557 758 3638 μελέα
779 3565 895 3641 μῆτερ,
918 3560 1058 3635 trierem

149 3666 265 3751 patros
287 3661 502 3749 respondeant
524 3662 780 3730 subsannantes:

150 3794 153 3799 ·
381 3764 419 3833 ἵν’
442 3768 528 3848 όμοί
552 3768 734 3851 τροίγματα
757 3770 882 3849 βόσκειν
906 3773 1057 3855 ταρέχης.

198 3870 246 3939 lie
259 3890 298 3939 ea
314 3870 417 3959 igitur
433 3873 494 3941 ioci
511 3875 715 3943 restitutione
733 3874 890 3944 iudicium
909 3876 1014 3946 ierens
1032 3878 1082 3943 vir
1098 3877 1229 3964 qnidam
1246 3901 1336 3967 egre·

148 3976 208 4067 gie
228 3974 343 4045 doctus
364 3997 435 4045 eum
460 3980 505 4047 ita
529 3982 642 4049 reiecit
670 3987 705 4046 ut
726 3980 787 4047 sihi
809 3981 857 4047 ωίό
879 4004 955 4070 opus
988 4004 1054 4049 erte
1075 3983 1176 4050 uideri
1206 3984 1336 4054 diceret.

148 4082 379 4163 redinantes,
401 4083 517 4164 credo,
541 4087 680 4174 inspexit
702 4094 759 4153 aut
782 4087 989 4156 festinantius
1012 4090 1141 4177 scripsit
1163 4098 1196 4157 ct
1226 4090 1336 4159 inhen-

148 4196 206 4259 ier
230 4188 342 4275 ὀφίημι
373 4192 425 4259 ἐπ’
453 4194 547 4261 αὑτὸν
570 4192 772 4275 ἐγρηγορότα.
820 4192 992 4271 Ostendam
1016 4203 1123 4267 autem
1154 4197 1335 4279 τροίγματα
