2940 5010
712 278 778 342 800

157 449 277 531 παίζειν
302 446 454 533 coniungi
481 446 632 527 solitum,
655 449 836 518 cuiusmodi
856 458 905 518 est
925 452 1012 541 quud
1034 453 1334 547 dixit'dntipiranaa

156 552 240 638 apud
264 553 377 619 Athen.
403 574 433 640 p.
456 558 508 619 1o.
533 554 570 621 Ι).
595 573 691 641 quem
714 555 820 625 locum
845 577 944 646 supra
966 561 1231 631 emendavimus:

333 659 532 741 φαινίνδα
555 660 673 743 παίζων
696 670 781 738 νῆςις
803 663 834 729 ίν
859 666 1037 746 aaronica,

153 760 210 829 ubi
234 762 267 828 in
291 762 381 830 tibris
405 772 454 831 est
484 766 601 849 παίζων
628 767 708 843 ἤιεν
737 770 768 833 ἐν
795 772 965 851 φαινεςίον.
1013 771 1067 839 Sic
1090 771 1243 843 dicabam
1264 778 1329 844 παί-

152 869 215 952 ζειν
238 869 420 950 ίςραιιίνδα,
452 872 484 937 in
509 892 573 957 quo
597 872 722 939 iocatur
744 873 973 962 Aristophanes
1003 877 1129 966 Equitt.
1151 884 1230 949 851.
1264 884 1330 951 παί·

153 974 215 1056 ζειν
246 976 412 1057 ε’φετίνδα,
447 975 530 1044 unde
559 979 665 1044 iocum
697 977 808 1045 elicuit
837 982 881 1055 είς
910 981 971 1056 πίας
999 984 1031 1049 ίν
1061 995 1126 1061 τοῖς
1153 988 1329 1070 δικαςνρίοα

151 1082 320 1161 γενομένας
344 1085 467 1165 ἐφέσεις
498 1082 608 1150 Crates
640 1085 671 1149 ἐν
700 1092 773 1159 ταῖς
802 1088 969 1166 Παιδιαῖς,
1000 1108 1084 1176 quae
1113 1099 1164 1159 esi
1194 1094 1331 1181 specim

151 1187 323 1254 admodum
348 1188 503 1255 Diudorfii
527 1191 714 1257 coniectura
747 1189 788 1257 ad
822 1190 931 1279 Steph.
957 1192 1051 1261 Thes.
1086 1216 1118 1263 ν.
1150 1197 1327 1281 Ἔφετίνδα.

152 1292 295 1360 Plurima
318 1293 381 1360 alia
404 1293 580 1380 degenere
608 1295 667 1361 hoc
689 1293 784 1361 habet
806 1294 918 1363 Pollux
938 1297 994 1364 tx.
1018 1305 1098 1368 110:
1115 1298 1157 1367 'in
1182 1301 1235 1370 his
1255 1303 1328 1370 διεκ·

150 1400 295 1471 κνςίνδα,
317 1401 501 1475 ιινννρτίνδα,
535 1401 734 1478 άκινντίνδα,
766 1403 1020 1486 πχοινοφιλίνδα,
1043 1406 1236 1487 τρεπτίνδα,
1258 1411 1329 1475 άπι-

150 1505 360 1586 διδραπκιίδα,
384 1506 641 1585 παειςοβολίνδα,
665 1504 757 1591 plura
770 1505 990 1593 theognostus
1003 1509 1036 1575 in
1055 1509 1193 1577 Bokkeri
1213 1512 1328 1580 Auecd.

150 1631 181 1698 p.
209 1616 304 1678 1355.
336 1609 497 1677 indicatus
520 1630 539 1675 a
562 1610 596 1675 L.
618 1609 780 1677 utntomo
808 1611 848 1678 ad
873 1610 985 1699 Steph.
1017 1613 1112 1682 Thea.
1137 1635 1168 1684 ν.
1193 1618 1329 1684 Barath-

150 1717 211 1793 δα,
246 1718 339 1782 cuius
362 1716 467 1782 locum
498 1736 516 1782 a
549 1716 711 1782 [tindoriio
740 1716 947 1785 emendatum
970 1717 1172 1788 adscribam:
1206 1724 1250 1789 πα
1280 1725 1328 1790 διὸ

147 1827 203 1889 τοῦ
227 1861 271 1874 -
295 1822 384 1888 ίνδα
416 1823 613 1904 ἐπιρρήματα
644 1821 861 1903 παροξύνονται
884 1823 937 1890 καί
960 1824 1011 1890 διά
1044 1831 1100 1892 τοῦ
1121 1853 1131 1893 ι
1154 1827 1327 1912 γράφονται

149 1929 202 1994 καί
227 1929 278 1994 ἐπί
302 1930 428 1995 παιδιῶν
459 1928 680 2007 λαμβάνονται
708 1927 773 2015 [καί
797 1931 870 2011 πρὸς
903 1932 1079 2005 αίτιατικίιν
1102 1932 1323 2021 συντάττεται]

148 2032 206 2101 οίον
229 2034 462 2115 βασιλίνδα
496 2031 676 2119 [παιδιάν],
705 2035 930 2115 χυτρίνδα,
961 2037 1240 2119 δραπετίνδα,
1269 2062 1327 2106 πο·

148 2141 276 2217 σίνδα,
311 2141 516 2224 ἕφετίνδα,
559 2137 749 2219 ξιφίνδα,
782 2142 982 2217 ληκίνδα,
1024 2144 1200 2222 μνίνδα,
1241 2151 1328 2227 φρν·

148 2247 283 2325 γίνδα,
307 2246 532 2328 ίςρακίνδα,
556 2244 608 2310 καί
633 2245 713 2310 εἴτι
739 2243 849 2327 ἕτερον.
898 2247 983 2314 Haec
1006 2247 1086 2314 miti
1110 2268 1149 2316 ex
1173 2242 1329 2337 Apollonii

145 2359 203 2419 aut
227 2350 398 2417 Herodiani
421 2352 522 2437 copiis
545 2359 651 2417 sumta
679 2371 749 2417 esse
778 2351 931 2419 videntur
962 2361 994 2420 et
1019 2352 1164 2421 nonnihit
1188 2376 1207 2422 a
1229 2356 1325 2423 roeo

146 2465 261 2542 gnosio
283 2457 415 2533 vitiata,
439 2457 492 2522 cui
514 2455 708 2522 reddiderim
732 2457 785 2522 καί
806 2459 879 2539 πρὸς
899 2460 1075 2535 αἰτιατικὴν
1097 2460 1328 2539 συντάττεται,

145 2561 231 2647 quod
266 2561 347 2627 nihil
380 2562 560 2649 significat:
596 2559 744 2628 dicebant
777 2572 886 2630 autem
920 2565 1068 2647 φαινίνδα
1099 2566 1240 2648 παίζειν,
1273 2591 1327 2649 χεν

143 2669 248 2749 πρίνδα
272 2669 392 2751 παίζειν
426 2675 615 2753 caeteraque
638 2666 678 2732 ad
711 2668 847 2735 eundem
880 2670 1030 2744 modum;
1058 2671 1122 2736 nisi
1157 2670 1241 2738 forte
1269 2670 1328 2739 hoc

145 2772 246 2841 voluit
267 2774 329 2840 dici
354 2773 475 2856 παίζειν
498 2776 553 2849 τὴν
574 2773 765 2853 βασιλίνδα,
799 2783 833 2839 ut
858 2775 984 2842 παιδιάν
1008 2776 1226 2843 omitteretur.
1275 2776 1327 2845 Sic

141 2879 254 2947 Crates
275 2877 359 2967 apud
384 2878 461 2946 Poll.
485 2879 540 2945 tx.
569 2884 649 2943 115:

369 2986 473 3068 παίζει
498 2986 524 3051 δ’
547 2986 577 3049 ἕν
600 2984 747 3064 άνδρικοίς
770 2992 887 3066 χοροῖσι

414 3093 484 3166 τὴν
508 3090 737 3166 κννντίνδ,
759 3089 859 3172 ὥσπερ
881 3091 958 3164 εἰκὸς

413 3199 484 3269 τοὺς
507 3198 621 3269 καλοὺς
644 3197 770 3277 φιλοῦο’
793 3196 854 3261 άεί.

199 3306 384 3371 Promiscue
416 3301 565 3368 dicebant
598 3301 739 3380 βασιλέα
773 3300 895 3382 παίζειν
927 3308 958 3366 ot
989 3298 1110 3381 παίζειν
1143 3302 1326 3380 βαπιιιίνδα.

142 3412 255 3499 ltaque
278 3421 310 3477 et
343 3408 468 3475 παιδιάν
498 3407 708 3493 expunxerim
740 3415 773 3472 et
802 3406 998 3491 singularem
1033 3424 1210 3473 numerum
1239 3428 1328 3496 repo·

141 3519 263 3584 suerim
297 3514 521 3595 παροξύνεται,
554 3515 738 3596 γράφεται,
769 3511 985 3592 λαμβάνεται.
1032 3510 1081 3577 dd
1115 3509 1200 3578 hanc
1222 3512 1326 3581 lucem

141 3624 303 3689 neminem
327 3619 438 3706 fugere
464 3621 581 3705 poterit
606 3622 673 3704 ipsa
697 3616 916 3704 Xenophontis
940 3636 1069 3683 manus:
1094 3614 1169 3682 ὅταν
1193 3619 1326 3702 παίζοντι

140 3729 334 3802 πιπίνδα,
366 3723 451 3812 quod
484 3727 579 3792 etiam
613 3726 682 3789 sine
709 3723 830 3789 diserto
859 3721 1050 3808 Theognosti
1075 3722 1263 3789 testimonio
1290 3745 1329 3793 ex

139 3834 332 3905 Graecitatis
355 3831 501 3916 analogia
520 3840 551 3895 et
572 3837 741 3914 corruptae
762 3828 942 3914 scripturae
963 3836 1157 3894 ΠΟΣΙΔΕΛ
1178 3832 1326 3917 vestigiis

139 3951 228 4009 certa
250 3939 437 4006 coniectura
468 3936 540 4002 elici
577 3935 740 4021 potuisset.
789 3933 885 3999 Pueri
912 3941 1060 4020 porrecta
1087 3952 1185 4000 manu
1210 3935 1243 4000 in
1268 3957 1326 4025 pu·

139 4068 239 4135 gnum
264 4052 430 4111 contracta
449 4041 604 4125 rogabant
627 4041 728 4113 πίοιι;
761 4038 856 4125 idque
880 4040 1009 4105 ποοίνδα
1031 4038 1152 4121 παίζειν
1183 4042 1324 4127 appella·

139 4153 227 4220 hant.
276 4152 415 4236 Apparet
445 4147 541 4213 simut
578 4144 654 4231 quid
690 4145 817 4212 intersit
854 4145 939 4211 inter
970 4144 1098 4210 ποσίνδα
1129 4146 1253 4227 παίζειν
1293 4156 1326 4213 et

140 4256 294 4341 ιίρπιάζειν
324 4252 654 4339 διαπεραίνομαι.
710 4251 888 4338 Utrumque
922 4250 991 4318 tuti
1022 4270 1124 4337 genus
1154 4254 1325 4339 coniungit
