2940 5010
697 260 762 326 200

322 437 449 514 μεθίημι
473 436 712 514 cessavisti,
738 434 792 500 ἴτω
817 435 842 499 δ’
867 431 1053 518 ὑτδττερον,

141 540 196 608 sed
217 541 359 627 graviter
390 542 423 606 in
448 538 499 606 iris
526 546 666 606 metrum
696 538 827 606 laborat.
877 540 940 606 iteo
964 540 1141 609 immortali
1167 544 1203 611 in
1234 544 1335 615 Hexa-

139 655 242 713 mctro
265 646 340 713 iicet
360 644 483 711 dicere:

320 751 372 817 καὶ
397 755 501 833 κωφοῦ
527 748 649 828 ξυνίημι
673 750 727 817 καὶ
747 752 781 816 οὗ
801 754 974 833 φωνεῦντος
993 752 1105 819 ἀκούοι.

139 854 267 922 mortali
298 855 433 941 Tragico
459 863 515 921 ant
548 853 675 921 Comico
708 856 740 919 in
770 855 906 921 senariis
940 875 1001 922 non
1035 853 1112 925 iicet
1143 858 1179 925 in
1208 860 1279 943 ῗημι
1304 872 1336 931 ct

139 961 325 1047 compositis
348 985 358 1026 ι
377 961 550 1047 corripere.
599 957 844 1026 Emendandum
869 967 917 1027 cst
936 963 1057 1041 μεθῆκα
1080 970 1182 1038 νεῖκος
1206 967 1245 1034 ri
1265 966 1337 1047 σοι,

138 1064 410 1151 quemadmodum
433 1067 466 1133 in
496 1064 571 1132 Ione
593 1074 680 1133 recte
713 1063 833 1150 iegitur
854 1067 930 1131 256.
962 1068 1084 1146 μεθῆκα
1114 1066 1220 1151 τόξα,
1243 1081 1281 1141 et
1304 1074 1336 1139 in

138 1169 268 1238 Electra
290 1171 402 1258 Eurip.
424 1174 500 1237 622.
525 1168 727 1253 προσηκάμην
753 1170 788 1236 τὸ
814 1170 898 1253 duddo
919 1180 951 1238 et
977 1174 1052 1239 260.

321 1274 424 1353 ξυνῆκ’
448 1276 559 1359 Ὀρέςρ
580 1277 696 1355 μήσατ’
719 1275 825 1358 ἐκτίσει
847 1275 943 1351 δίκην.

140 1388 173 1447 et
195 1383 273 1447 ear.

320 1484 456 1567 ξυνῆχ’,
480 1483 615 1560 ὕσοττος
638 1481 714 1551 οὖσα
735 1487 901 1564 γιγνώσκει
926 1484 1026 1552 πόλει.

140 1597 173 1655 et
196 1590 228 1654 in
252 1587 365 1656 Oreste
387 1595 462 1656 435.

322 1693 450 1772 ξυνῆκα.
496 1696 707 1775 Παλαμήδους
731 1720 765 1760 σε
789 1702 919 1776 τιμωρεῖ
939 1694 1040 1777 φόνος.

140 1799 306 1886 Adscripsi
326 1798 404 1865 haec
425 1799 628 1885 potissimum
656 1806 692 1864 ut
714 1795 920 1865 emendarem
945 1798 1172 1886 Aristophanis
1194 1804 1229 1871 in
1265 1806 1339 1874 dri·

142 1903 203 1971 bus
228 1923 357 1971 vorsum
382 1909 459 1971 eoo.

412 2006 499 2084 ξύνες
523 2006 542 2074 i'
562 2032 606 2074 τοι
630 2008 727 2086 λέγοι.

333 2125 368 2180 Β.
414 2111 554 2191 ξυνίημ,
575 2111 621 2180 ὅτι
645 2113 754 2192 βούλει
778 2113 829 2179 τὸν
852 2113 1036 2194 χιτωνίσκον
1058 2116 1189 2196 λαβεῖν.

142 2218 198 2285 ubi
219 2217 259 2286 ad
283 2218 338 2285 iiia
361 2217 505 2305 exempla
526 2218 632 2303 quivis
657 2216 763 2284 videat
785 2216 1011 2303 corrigendum
1035 2238 1106 2286 essa
1127 2218 1268 2306 ξυνῆχ’,
1292 2220 1340 2294 in

140 2324 248 2404 βούλει
273 2326 337 2390 κτέ.

188 2430 309 2494 Versus
335 2431 421 2493 1298
445 2447 514 2513 sqq.

684 2530 879 2612 cicestrensi
900 2534 963 2615 γὰρ
987 2532 1025 2599 ἄν

324 2639 366 2719 τῷ
390 2635 537 2719 φιλτοὶτιρ
559 2658 611 2714 μοι
634 2637 780 2719 Μενέλεῳ
802 2639 846 2704 τοὶ
870 2638 1029 2723 πρόσφοροι

267 2734 270 2739 ’
323 2741 414 2825 δρῴης
439 2741 478 2807 ἂν
501 2744 585 2821 ἡμῶν
608 2741 778 2824 τνγχοὶνοιν
801 2741 866 2810 οἵων
890 2767 925 2809 σε
947 2746 1021 2824 χρή.

142 2847 203 2934 ipsi
226 2847 427 2933 integerrimi
451 2854 528 2912 sunt
550 2854 582 2913 et
603 2848 672 2913 sinc
696 2845 787 2924 tabe,
810 2845 865 2914 scd
898 2848 1026 2933 egregie
1057 2845 1185 2915 iaciunt
1213 2850 1259 2918 ad
1286 2872 1335 2921 sa·

142 2951 265 3019 nendos
288 2950 367 3018 aiios
389 2950 494 3030 locos,
519 2950 572 3018 ubi
595 2951 705 3019 eadem
729 2951 857 3018 dicendi
881 2951 983 3018 forma
1006 2951 1082 3019 olim
1103 2954 1223 3023 vitium
1259 2978 1334 3025 con·

136 3058 235 3144 cepit.
283 3057 440 3145 Incipiam
464 3056 525 3124 hoc
546 3056 768 3124 demonstrare
791 3057 824 3122 in
848 3055 918 3122 loco
945 3056 1120 3144 Sophodeo
1143 3060 1180 3129 in
1209 3058 1333 3151 Oedipo

141 3161 275 3229 Cotoneo
298 3167 402 3243 1480,
426 3184 494 3251 sqq.

369 3268 475 3345 ἵλαος,
499 3265 521 3333 ὦ
545 3268 684 3348 δαίμων,
708 3268 795 3342 ἵλαος
818 3267 849 3333 οἵ
870 3293 900 3335 τι
924 3276 972 3352 γᾷ

367 3373 479 3454 ματέρι
501 3371 675 3453 τυγχάνεις
698 3372 847 3453 ἀφεγγὲς
870 3371 980 3455 φέρον.

277 3478 407 3543 ἕναισίου
431 3478 462 3544 δὲ
485 3478 670 3557 σοντύχοιμι
693 3475 767 3555 μηδ’
789 3474 909 3545 daucos
930 3474 1013 3560 ἄνδρ’
1036 3478 1103 3543 ἰδών

368 3584 479 3663 οἱαερδιῑ
501 3581 596 3663 χάριν
624 3580 824 3664 μετάσχοιμί
846 3605 922 3654 τως.

142 3683 274 3752 offendit
295 3704 408 3752 omncs
432 3687 547 3753 urerito
570 3684 703 3750 ἕναισίοσ
726 3686 757 3752 δὲ
785 3686 990 3767 συντύχοιμι,
1016 3685 1071 3752 sed
1101 3704 1213 3756 omues
1243 3688 1332 3778 quod

140 3800 191 3859 est
211 3792 243 3856 in
267 3811 303 3858 ea
326 3792 488 3878 scriptura
511 3809 626 3858 sanum
647 3796 875 3867 tentaverunt,
898 3789 982 3875 quod
1005 3809 1068 3856 non
1093 3798 1143 3858 est
1166 3792 1332 3863 intactum

141 3897 352 3983 reliquerunt.
401 3895 592 3962 Schaeierus
623 3897 748 3982 primus
776 3896 896 3978 ἕναισίιρ
928 3896 959 3961 δὲ
995 3896 1181 3979 σνντύχοιμι
1213 3898 1333 3979 dedit,

141 4021 236 4089 quem
262 4001 434 4069 Eimsieius
460 4000 619 4086 sequitur.
668 3999 810 4068 Badhanr
833 4020 959 4087 quoque
988 4002 1165 4068 assentitur
1189 4000 1245 4091 (ad
1269 4004 1333 4073 He·

141 4106 203 4174 icn.
229 4126 274 4172 rs.
293 4107 387 4197 580),
416 4104 471 4173 sed
502 4107 653 4191 quoniam
680 4106 879 4194 »pronomine
912 4126 1018 4171 eccere
1045 4126 1106 4173 non
1126 4110 1332 4194 ροιοιικιιιε”

142 4221 179 4279 ut
203 4220 289 4280 recte
310 4211 414 4290 vidit,
440 4210 646 4278 durissimam
675 4213 780 4278 masin
810 4209 958 4298 Sophocli
987 4210 1120 4279 tribuit:
1143 4214 1270 4299 ε’ναισίφ
1296 4216 1333 4283 dd

141 4320 350 4401 σούντύχοιμι.
397 4316 497 4383 Multo
526 4315 669 4384 faciliore
701 4317 829 4404 negotio
863 4316 952 4383 iocus
983 4317 1090 4385 sanari
1120 4325 1244 4405 potest:
1286 4318 1333 4389 lc
