2940 5010
710 260 772 323 182

148 438 247 505 ieram
278 433 439 524 eucarpio,
472 444 507 501 ut
530 434 666 500 alioruin
695 432 802 501 studia
826 434 1005 503 incendam.
1052 434 1088 501 in
1114 436 1328 525 Aristophani

146 544 246 609 Ranis
267 542 376 609 editur
399 562 444 606 vs.
473 544 558 607 1066

233 648 337 715 οὔκουν
361 647 457 713 ἐθέλει
481 672 521 726 γε
544 653 738 729 τριηραρχεῖν
762 652 901 712 πλονσῶν
925 648 1020 722 οὐδεὶς
1044 647 1096 715 διά
1118 652 1231 715 πιοῦσιν

234 755 324 822 άλλά
347 753 459 837 ρὀοιάοις
484 751 713 835 περιιλλάμενος
735 750 828 818 κλάει
851 751 904 818 uui
928 749 1007 835 Φησὶ
1031 752 1189 821 πένεσθαι.

145 860 313 927 Ravennae
333 859 579 942 περιειλλόμενος
603 856 733 944 vulgato
752 875 876 935 errore,
898 858 974 944 quia
994 858 1027 924 iu
1047 859 1128 927 Ῑλλιι
1151 867 1186 926 et
1209 879 1329 947 compo

144 966 216 1033 sitis
241 992 250 1032 ι
271 964 465 1053 productum
488 973 558 1040 est,
585 962 668 1029 uude
693 962 810 1049 passim
828 962 905 1029 iaao
928 963 1089 1041 ἰιιιῖλλοι,
1111 964 1241 1033 sitierat
1264 967 1329 1035 riti

144 1070 348 1159 depravatur.
397 1068 480 1136 Vera
508 1069 606 1135 huius
634 1067 695 1135 loci
726 1068 889 1154 scriptura
920 1066 1005 1154 apud
1034 1067 1186 1138 Photium
1208 1082 1329 1141 senata

143 1185 192 1243 esi
211 1196 240 1243 ν.
260 1174 514 1257 Περιειλάμενοςε
539 1172 826 1257 περιειλησάμενος,
852 1173 916 1239 nisi
934 1172 1019 1259 quud
1040 1172 1106 1241 idio
1126 1193 1256 1262 quoque
1278 1202 1329 1244 πο·

141 1282 315 1364 ριιλάμενος
337 1290 385 1348 est
405 1279 628 1348 scribendum:
653 1278 748 1345 hahet
765 1279 852 1345 enim
872 1279 1071 1360 raeticarum
1092 1281 1252 1348 norisium
1275 1306 1329 1351 πο·

141 1387 305 1471 ριιλάμην,
330 1398 366 1453 ut
384 1390 504 1453 ὑπίληω
527 1384 622 1453 hahet
642 1386 743 1451 ὑπῖλιι
761 1384 795 1448 in
815 1382 1033 1470 pulcherrimo
1050 1382 1217 1473 Sophoclis
1235 1406 1329 1457 versu

143 1492 182 1559 de
207 1493 368 1580 Sphinge:

369 1600 459 1679 οὐράν
483 1598 612 1664 ὐπίλοοσ’
637 1596 695 1663 ὑπὸ
719 1597 900 1664 λεοντόπουν
923 1596 1030 1676 βάσιν.

143 1705 219 1790 quia
237 1706 401 1791 sequiores
420 1723 531 1770 omnes
544 1701 691 1768 dicebant
703 1702 798 1768 εἱλεῖν
818 1723 876 1789 pro
894 1703 993 1770 ἵλλειν
1016 1700 1112 1791 (quod
1134 1701 1220 1789 apud
1239 1701 1329 1771 tone·

143 1820 176 1877 ct
200 1811 323 1876 Atticos
355 1819 479 1876 veteres
507 1806 610 1873 solnm
635 1808 667 1872 in
692 1826 754 1873 usu
776 1807 838 1895 est)
863 1808 911 1874 vei
936 1809 1005 1895 ipsa
1029 1808 1255 1894 interpretatio
1274 1834 1313 1875 σι

141 1915 371 1998 ριειληοάμενος
392 1914 591 1981 demonstrat
611 1912 825 1996 περικλώμενον
846 1914 1017 2000 antiquum
1038 1920 1071 1979 et
1091 1911 1228 1999 prohum
1250 1934 1329 1981 esse·

142 2022 307 2088 horisium
330 2042 387 2108 pro
412 2022 570 2109 praesenti
596 2028 738 2105 tompore
763 2018 885 2104 requiri
909 2017 1014 2105 padam
1037 2025 1095 2084 est.
1131 2018 1261 2107 hepone
1281 2038 1329 2085 rs-

144 2131 230 2193 1065
253 2146 310 2213 pro
329 2129 408 2210 ῥοοκι”
429 2128 600 2208 άμπισχάν
621 2142 772 2211 praesens
796 2124 954 2206 άμπέχοιν
972 2133 1005 2191 et
1025 2122 1138 2191 eudem
1159 2126 1237 2191 vitiu
1260 2144 1313 2191 scu

142 2233 277 2299 tentiam
302 2231 464 2310 affeceris,
490 2251 553 2318 quo
575 2250 661 2296 nunc
684 2230 914 2311 περιιλλδριενος
935 2227 1068 2296 laborat.

187 2336 332 2403 Alterum
357 2337 537 2424 exemplum
559 2344 606 2402 ost
634 2335 666 2399 in
690 2334 811 2400 drihus
831 2354 877 2402 vs.
902 2338 965 2401 tta

323 2445 377 2508 οὐκ
400 2442 531 2517 ἔκυσας,
557 2443 590 2506 οὐ
614 2453 800 2522 προσεῖποις,
823 2444 857 2507 οὔ
881 2440 1103 2523 προσηγάγου,

323 2550 376 2613 οὐκ
401 2548 614 2628 ὠρχιπέδισας
638 2546 676 2610 ὢν
700 2545 765 2624 ἐμοὶ
791 2549 939 2628 ποοσρικὸς
963 2547 1068 2629 Φίλος.
1169 2550 1174 2559 ’

141 2650 396 2719 emeirdationenr
418 2651 478 2717 ioci
505 2649 684 2739 Hesychius
706 2650 774 2736 ipse
795 2653 885 2737 prius
904 2650 1093 2718 emendatus
1116 2649 1218 2717 dabit.
1255 2650 1329 2719 Edi·

140 2766 211 2823 tur:
237 2757 500 2839 Ὀρχιποοιδίζοινι
524 2760 559 2824 rd
591 2757 875 2836 κοικοσχολεάεσάοοι
906 2758 993 2838 ποορά
1023 2764 1089 2830 τοῖς
1117 2757 1220 2825 nacci.
1256 2758 1329 2823 Gur·

139 2865 210 2950 rige
235 2863 435 2944 ὀρχιπεδίζειν
460 2871 493 2929 et
515 2862 590 2928 hinc
613 2860 819 2948 Aristophani
841 2882 936 2928 suuni
962 2861 1059 2929 redde
1080 2862 1299 2943 ὠρχιπέδισας.

184 2970 297 3035 Finem
319 2967 453 3047 faciam,
477 2987 494 3035 a
519 2988 583 3054 quo
608 2966 683 3032 oiim
707 2967 855 3045 initium,
879 2969 912 3033 in
941 2966 1072 3034 Platone
1102 2968 1244 3035 comico.
1291 2968 1329 3037 h:

139 3073 246 3141 fabula
275 3072 418 3142 hdonide
448 3071 590 3139 traditur
624 3092 702 3139 usus
733 3071 832 3139 iuisse
864 3071 975 3138 iormis
1004 3072 1143 3147 ’Λδάνιος
1172 3072 1245 3141 ant
1274 3077 1329 3141 rot

137 3182 293 3255 Ἀδώνιδος
314 3189 347 3246 et
367 3181 551 3247 accusativo
573 3181 624 3246 τὸν
647 3178 805 3253 Ἀδώνιον,
831 3198 913 3265 quae
935 3185 967 3244 et
989 3175 1067 3245 [alsa
1088 3187 1166 3245 sunt
1184 3185 1220 3247 et
1243 3180 1329 3247 iota!

137 3306 172 3353 se
192 3293 347 3372 pugnant.
395 3284 457 3352 Sed
478 3294 651 3372 corruptus
675 3286 767 3351 testis
789 3293 855 3362 est,
879 3283 1055 3351 Grammat.
1076 3284 1175 3350 Behk.
1198 3304 1230 3371 p.
1244 3288 1311 3353 546

141 3398 156 3456 1
184 3390 238 3456 ubi
268 3388 455 3476 legendum:
480 3391 642 3464 ’Λδῶνος
670 3389 860 3472 Φερεκράτης
891 3386 976 3455 εἶπεν
995 3390 1066 3455 cirri
1090 3395 1144 3455 σοῦ
1168 3392 1329 3463 ’Λδώνιδοε

137 3496 227 3574 λέγει
251 3496 282 3561 δὲ
306 3496 357 3561 arai
383 3497 438 3571 την
461 3498 637 3572 statuemur
659 3498 710 3563 σδν
735 3498 895 3562 ’ntum
944 3494 1138 3585 Hesychius:
1162 3497 1314 3563 ’Δδῶνιι

138 3602 191 3667 σὸν
207 3601 355 3676 Ἄδωνιν,
382 3600 437 3666 ubi
462 3601 534 3668 vide
557 3600 747 3668 hiberiittm.

185 3706 275 3773 Plato
297 3704 382 3792 apud
405 3706 602 3796 Hesychium
622 3727 650 3772 ν.
664 3707 861 3782 Ἀσπιιλιέοις
875 3758 882 3773 .
897 3745 932 3755 -
951 3708 1031 3772 λίνον
1059 3707 1089 3772 δὲ
1112 3709 1130 3782 ἡ
1153 3706 1267 3788 tante,
1288 3708 1329 3779 oin

140 3812 275 3881 Πλάτων
295 3814 327 3878 ἐν
346 3821 428 3887 Tau
450 3815 512 3895 άφ’
533 3814 633 3892 ἱερῶνε

414 3918 504 3984 πάθεν
528 3917 621 3998 ὁρμιά
643 3918 696 3983 νος)
720 3917 884 3998 κάλοιμοςς

184 4022 316 4110 Requiri
347 4025 428 4090 λίνον
460 4042 517 4109 pro
547 4023 639 4104 ορμιά
667 4021 818 4090 viderunt
838 4042 962 4092 omnes.
1012 4023 1183 4093 Senarium
1208 4028 1258 4095 sic
1280 4046 1329 4095 re·

139 4128 389 4215 dintegrundum
412 4128 567 4194 arhitror:

257 4276 261 4283 -
366 4234 456 4299 πάθεν
478 4235 559 4301 λίνον
582 4257 633 4315 μοι
658 4234 710 4300 aci
733 4236 879 4315 κάλοομσς
898 4240 1084 4315 γενησετοοις

184 4341 291 4408 Facile
322 4337 442 4426 expleri
475 4348 577 4426 potest
610 4341 756 4407 utrarios
789 4340 932 4410 eittsdenn
968 4342 1053 4431 apud
1085 4338 1191 4410 Schoi.
1226 4342 1328 4411 hriat.
