2940 5010
731 271 796 334 566

166 465 253 514 nunc
283 440 444 512 dubitabit
476 442 562 529 apud
596 443 772 511 Isocratem
807 444 846 511 de
880 445 960 512 Pace
991 449 1089 532 §ld
1125 448 1200 520 raia
1227 450 1355 529 συμμί·

165 579 242 639 χους
266 553 338 626 τοὺς
371 549 535 630 ἡμετέρους
564 553 665 617 αὐτῶν
696 551 759 637 ίδίρ
788 551 1023 633 λυμαινόμεθα,
1049 550 1226 621 emendare
1257 557 1357 623 αιἰτοῖν

165 653 453 738 διαλυμαινόμεθαί
485 653 586 722 Nemo
610 665 698 722 certe
726 676 859 736 eorum,
883 658 939 744 qui
960 677 1059 745 quarn
1078 658 1228 746 ineptum
1251 661 1299 728 sit
1323 663 1354 728 iu

165 784 202 832 ea
222 784 257 830 re
277 764 339 847 ίδίρ
358 760 500 827 sentiant
523 769 555 827 et
579 761 787 828 meminerint
807 764 839 828 ln
864 762 982 829 talibus
1002 766 1222 851 compositum
1251 766 1356 835 διαλυ

164 871 316 951 μαίνομαι
344 867 418 953 poni
442 864 555 932 solere.
603 865 720 934 Contra
743 869 805 952 ίδίρι
829 868 1028 935 reddendum
1052 877 1103 937 est
1126 868 1270 937 lliodoro
1291 870 1352 940 Sic

166 976 234 1043 XV.
259 979 291 1042 8.
323 971 378 1039 ulti
401 971 537 1057 legitur:
572 973 645 1054 τρίς
669 974 931 1053 Λακεδαιμονίους
955 978 1130 1042 συντίθεται
1161 979 1355 1063 συμμαχίαν

163 1083 290 1159 aetat,
323 1076 379 1146 sed
410 1078 473 1162 ῖδίρι
507 1076 678 1163 legendum
706 1097 777 1146 esse
802 1088 899 1165 patet.
947 1079 1068 1148 Eodem
1099 1080 1198 1149 modo
1221 1084 1354 1170 διιμοσίρ

165 1186 304 1255 iliodoro
332 1191 381 1251 est
416 1183 654 1250 restituendum
677 1184 759 1252 XlV.
787 1190 862 1252 116.
895 1184 1011 1253 ἔδωκαν
1034 1186 1178 1265 ἐξουσίαν
1204 1189 1251 1272 rei
1280 1190 1354 1272 βοο-

163 1293 283 1376 eopse
302 1290 466 1370 οἰκοδομεῖν
497 1288 550 1354 καί
574 1289 764 1369 δημοσίας
788 1294 961 1371 κεραμῖδοις
986 1293 1177 1376 ἐχορήγουν,
1202 1313 1290 1382 quac
1310 1302 1353 1365 θο-

164 1399 260 1485 gulae
284 1417 384 1484 quum
400 1393 527 1480 ρυίιίίοο
538 1392 648 1472 datae,
671 1414 735 1461 uon
755 1396 917 1484 ρυίίῖοοο,
944 1396 1088 1477 fuerint,
1112 1400 1244 1487 corrige
1263 1399 1353 1469 sotlcs

163 1505 341 1587 δημοσία
364 1502 537 1583 κεραμῖδος
562 1501 741 1582 ἐχορήγουν.
789 1501 912 1570 addam
934 1503 1065 1571 Diodori
1085 1504 1193 1573 locum
1215 1505 1275 1573 ttlti
1295 1506 1353 1593 ίὶίρ

165 1608 304 1677 asciola
324 1606 408 1673 male
438 1605 585 1671 additum
608 1625 680 1672 esse
712 1606 850 1674 videtur.
900 1608 1021 1676 Editur
1038 1609 1106 1679 XX.
1131 1613 1187 1677 21.
1211 1613 1246 1678 ἐν
1264 1614 1352 1697 drop

162 1718 262 1799 ριὶτοις
287 1713 378 1801 [trip]
406 1714 479 1795 τρίς
502 1711 679 1790 Ἀντίγονον
698 1716 905 1781 συντεθεῖσθαι
929 1717 1061 1798 Φιλίαν,
1085 1713 1174 1783 vides
1197 1717 1351 1805 interpro-

166 1828 345 1888 tamentum
369 1817 554 1885 adhaesisse
576 1816 684 1883 uerbis
706 1819 738 1884 ἐν
760 1820 949 1902 ἀπορρήτοις.
997 1820 1089 1889 Nunc
1117 1820 1159 1888 ad
1179 1822 1350 1893 Hieronem

164 1927 270 1995 aeden.

211 2029 406 2117 Recipienda
429 2031 560 2096 omnino
590 2038 639 2096 est
664 2029 696 2094 in
722 2029 860 2098 lliernne
883 2031 938 2099 Xl.
966 2039 996 2099 t.
1021 2031 1134 2101 lectio:
1156 2034 1295 2117 τοτίροιο
1316 2033 1350 2103 θι

162 2139 261 2213 δοκεῖς
284 2140 409 2216 μᾶλλον
435 2143 563 2214 κοσμεῖν
588 2154 644 2221 pto
676 2134 802 2214 μοίλιτοι
834 2148 981 2219 κοσμεῖν,
1003 2147 1033 2206 ei
1057 2148 1129 2226 post
1160 2160 1268 2226 pauca
1300 2140 1349 2209 uli

164 2242 293 2312 editur:
324 2243 350 2308 εί
383 2243 418 2307 ἐκ
448 2251 504 2319 τοῖς
528 2242 647 2314 πόλεως
677 2252 798 2312 τιλεῖεοι
821 2246 878 2323 μὲν
903 2245 1088 2328 ίτντοτρθφοι
1116 2243 1201 2326 είρν,
1233 2256 1348 2319 sacten

165 2351 192 2416 δ’
216 2347 434 2430 ἀγωνίζοιντο,
467 2346 610 2432 primurn
635 2354 733 2422 σῆρα
768 2349 931 2415 norrnullis
954 2349 1096 2415 oblatum
1130 2352 1346 2440 recipiendum

161 2464 215 2524 est
242 2455 277 2520 ἐκ
300 2462 356 2528 τῆς
391 2460 447 2528 σιῖο
474 2451 612 2528 πόλεως,
637 2450 752 2518 deinde
785 2473 895 2520 vereor
918 2475 957 2521 ne
981 2456 1166 2539 ίνιττοτρθφοι
1197 2454 1262 2525 εἶεν
1292 2476 1346 2524 nou

165 2564 208 2628 sit
241 2579 319 2625 sana
348 2557 465 2636 lectio,
499 2556 555 2623 sed
579 2560 799 2639 ῖσσοτροφοῑεν
820 2562 958 2646 requiro.
1007 2561 1170 2628 Dicuntur
1194 2565 1284 2631 euim
1304 2566 1345 2630 ίτ·

165 2671 329 2750 τοτροφεῖν
354 2663 409 2749 qui
433 2662 563 2728 curules
594 2683 693 2749 equos
715 2662 841 2729 alebant
865 2665 1018 2732 ditissimi
1042 2666 1149 2745 ciues,
1174 2688 1238 2735 non
1264 2672 1344 2737 lm

164 2773 268 2857 τρθΦοι
293 2766 386 2848 εἶναι,
410 2777 441 2835 et
463 2771 725 2851 καθιστοτροφεῖν
749 2770 805 2844 τθρν
827 2772 952 2848 οὐσίαν,
976 2773 1031 2858 qui
1055 2773 1171 2839 insano
1195 2793 1342 2861 equorum

162 2877 270 2946 studio
294 2896 361 2941 rein
392 2873 584 2941 familiarem
608 2872 845 2960 dilapidabant,
869 2886 904 2942 ut
936 2878 1020 2964 apud
1051 2878 1178 2946 Isaeum
1205 2881 1241 2946 in
1265 2879 1341 2949 Orat.

162 2984 201 3052 V.
227 2989 280 3050 45.
305 2981 394 3048 aare
417 2982 479 3060 pitu
504 2981 570 3048 οὐδὲ
593 2981 914 3063 καθιτποτρθφκκαο,
939 2987 973 3050 οὐ
997 2983 1060 3067 γὰρ
1085 2984 1211 3053 πώποτε
1234 2987 1341 3065 imilco

159 3089 257 3158 ἵππον
280 3088 417 3161 πλείονος
441 3084 529 3162 ἄξιον
553 3089 571 3165 ἢ
595 3095 681 3169 τριῶν
704 3094 796 3164 μνῶν.

209 3196 246 3262 ln
272 3197 337 3280 §7.
361 3194 415 3260 ἔθου
439 3191 477 3257 σὺ
498 3193 761 3272 εὐδαιμονεςοθτην
784 3194 840 3268 rte
863 3195 971 3269 πόλιν,
995 3193 1029 3272 ἧς
1051 3195 1271 3275 τροςατειίεις,
1290 3220 1341 3264 τα·

162 3302 274 3384 ρὲχρς,
296 3295 329 3365 εὖ
354 3299 412 3364 ίσθι
434 3305 519 3363 νικῶν
542 3301 586 3379 τῷ
611 3301 752 3379 καλλίεῳ
776 3298 829 3362 καί
852 3298 1167 3383 μεγαλοπρετεςιθτιρ
1191 3304 1222 3366 ἐν
1244 3302 1342 3385 ιένθρθ

160 3430 232 3479 τοις
262 3403 483 3482 ἀγωνίσματι,
515 3413 604 3470 recte
637 3404 868 3490 suppleverunt
899 3406 958 3469 viri
994 3404 1081 3470 docti
1111 3423 1342 3492 μεγακοτρετε·

162 3511 251 3594 cairo
276 3507 361 3596 (τῶν)
386 3510 416 3573 ἐν
437 3509 624 3591 ἀνθρώποις,
650 3509 705 3574 sed
731 3511 839 3574 minus
863 3508 999 3576 feliciter
1022 3509 1175 3578 Codicum
1205 3516 1341 3581 omnium

162 3618 360 3704 scripturam
380 3611 414 3681 εὖ
436 3613 489 3698 inp
508 3621 594 3681 νικῶν
612 3616 644 3680 in
663 3611 696 3681 εὖ
715 3614 773 3681 ίοθι
795 3622 880 3681 νικῶν
901 3615 1113 3685 refluxerunt.
1160 3617 1344 3705 llequiritur

162 3726 250 3792 enim
281 3721 314 3786 in
339 3719 471 3807 apodosi
498 3720 646 3787 futurum
672 3730 704 3787 et
734 3721 795 3786 ἔσει
829 3741 944 3787 sanum
979 3732 1049 3800 est,
1080 3733 1135 3788 ET
1160 3722 1292 3791 videtur
1310 3743 1344 3792 cx

149 3830 280 3896 'lacuna
311 3844 479 3912 superesse
504 3846 561 3911 pro
588 3828 742 3906 εὐδαίμων
776 3827 861 3902 ἔσει,
894 3827 1097 3901 εὐκλείςατοι
1127 3827 1190 3894 ἔσει
1224 3837 1285 3896 attt
1306 3829 1344 3896 si·

162 3933 240 4000 mile
262 3930 350 4018 quid.
378 3930 601 4016 llittcgraphia
625 3931 786 4018 perfacilis
810 3931 850 3996 ad
870 3931 1193 3999 aniiuadvertendum
1219 3934 1346 4023 irrepsit

164 4042 197 4106 in
223 4042 241 4125 §
268 4042 299 4104 9.
331 4040 393 4118 οὐχ
423 4038 481 4102 ὑπὸ
511 4037 634 4102 ἰδιωτῶν
657 4039 746 4116 μόνον
772 4038 862 4103 ditat
886 4038 938 4103 καί
962 4039 1020 4102 ὑπὸ
1048 4038 1200 4126 [πολλῶν]
1231 4041 1347 4109 orfiscus

163 4146 298 4226 οῖγοισῷο
321 4141 371 4210 ἄν.
418 4142 544 4209 Insulse
568 4142 735 4208 abundans
759 4150 904 4221 πολλῶν,
926 4142 1010 4229 quod
1044 4146 1223 4212 sententiae
1252 4146 1349 4215 officit

166 4259 198 4318 et
213 4248 388 4317 ¹verborum
413 4249 666 4315 concinnitatem
690 4250 804 4325 vitiat,
830 4247 915 4315 unde
936 4259 1044 4315 ortum
1069 4251 1112 4316 sit
1140 4251 1229 4317 nullo
1258 4273 1351 4341 nego-

163 4358 209 4422 tio
232 4361 374 4440 apparet.
424 4353 458 4418 ln
486 4358 504 4438 §
531 4359 580 4420 12.
616 4354 700 4420 rnalc
725 4355 833 4422 atldita
859 4353 972 4440 copula
996 4355 1102 4423 locum
1124 4359 1352 4427 commaculat.
