2940 5010
699 278 763 341 776

138 461 181 526 rat
203 456 295 523 πένπε
318 452 521 533 yprenses,
546 450 631 519 unde
653 454 759 519 πενπά
777 452 1010 536 navalemque
1037 462 1206 542 receptum
1225 474 1309 544 opor·

136 567 212 631 tuit.
258 558 487 641 Πεντελιιιζειν
512 555 605 623 aliert
633 556 744 624 Pollux
767 557 820 625 nt.
850 561 922 626 126.
953 559 1010 626 sed
1042 569 1133 629 recta
1165 560 1307 629 admouet

135 668 269 735 Photius
290 686 319 730 n.
343 663 674 746 Πεντελιθίζεινι
700 664 750 731 ne
770 665 1054 749 πιῦεγράφνιιπιν,
1078 667 1229 734 iamtum
1245 686 1309 754 pen

134 774 300 858 vulgatum
324 790 465 837 errorem
489 771 662 854 castigaus.
712 769 821 836 llultis
845 769 917 836 aliis
940 769 1019 837 loeis
1036 769 1149 838 eodem
1173 772 1309 839 remedio

136 878 308 954 utendum,
332 874 387 943 sed
408 873 575 941 eximenda
596 882 644 940 est
662 876 768 941 Attica
787 875 889 941 inrrna
908 894 947 941 ex
967 875 1118 963 Sapphus
1135 874 1310 963 fragmento

134 984 220 1072 apud
255 980 520 1067 Hephaestionem
556 999 627 1066 pag.
653 985 707 1049 41.
741 980 904 1061 πάμβνλιι
933 982 1180 1061 πενπιβόηιι.
1235 983 1311 1066 Quia

133 1097 258 1158 constat
282 1085 394 1152 heolus
420 1105 484 1150 non
508 1085 601 1152 πέντε
628 1085 684 1152 sed
715 1086 823 1163 πέμπε
845 1083 983 1162 dixisse.
1019 1083 1148 1173 Sappho
1170 1108 1235 1155 uon
1257 1088 1311 1157 hoo

135 1195 190 1263 sed
214 1191 406 1271 πεμπεβόηιι
429 1189 555 1257 dedisse
579 1189 782 1277 intelligitur.

179 1299 365 1366 turbarunt
388 1295 513 1362 librarii
536 1297 568 1360 iu
594 1295 649 1361 nt.
674 1300 705 1362 5.
739 1295 792 1361 uhi
816 1297 955 1382 pessime
980 1298 1206 1384 scripserunt:
1229 1302 1312 1369 arn

134 1406 274 1490 ἄρριννι
300 1399 412 1492 (κύνες)
435 1399 525 1480 μόλις
548 1400 600 1466 nai
618 1400 763 1482 ὀλιγάκις
784 1400 978 1468 αἰσθάνονται
996 1408 1051 1469 τοῦ
1072 1405 1177 1483 narni.
1225 1406 1314 1475 Nen-

134 1532 172 1601 pe
196 1531 213 1577 e
237 1512 365 1575 nomine
395 1508 437 1590 ρἸς
463 1516 641 1572 naseuntur
668 1506 826 1574 adiectiva
849 1507 949 1592 adpre,
979 1507 1062 1592 ἄρρις
1089 1518 1125 1577 et
1155 1512 1230 1577 sim.
1254 1530 1313 1579 uon

134 1617 263 1701 εὔριπος,
295 1612 408 1694 λρρινις
432 1619 492 1677 cet.
518 1631 599 1697 quae
623 1632 661 1678 ex
689 1613 870 1679 certissima
901 1614 1026 1700 antiqui
1059 1617 1222 1683 sermonis
1244 1636 1313 1685 ana·

133 1724 218 1809 logia
240 1742 278 1788 ex
300 1716 374 1802 ῥινός
403 1735 464 1782 nou
489 1736 529 1782 ex
551 1718 593 1800 ῥίς
617 1716 753 1784 formata
780 1728 866 1784 suut.
914 1718 1032 1786 Eodem
1065 1721 1161 1788 modo
1185 1722 1314 1791 veterae

135 1826 233 1910 εὗιριξ
260 1834 385 1892 tantum
423 1820 620 1908 usurpabant
648 1831 680 1889 et
711 1822 866 1905 ξπνθόθριξ
889 1833 922 1890 et
949 1824 1105 1906 πυρρδνριξ
1135 1834 1169 1892 et
1199 1828 1314 1895 similia

135 1934 253 2002 omnia.
308 1927 499 2014 Sequinrum
530 1926 660 1993 demum
695 1938 874 2016 temporum
907 1933 1100 2017 scriptores,
1137 1941 1176 1998 ut
1207 1936 1314 2015 εὔριννς

135 2060 192 2128 pro
214 2037 292 2119 εὔρις
316 2033 515 2119 negligenter
535 2031 708 2098 admodum
740 2033 961 2120 usurpabant,
993 2035 1039 2101 sie
1062 2044 1096 2102 et
1117 2038 1314 2121 πνρρδπριχις

134 2164 193 2232 pro
216 2137 370 2225 πνρρδθριξ
392 2136 518 2223 aliaque
540 2137 581 2203 ad
601 2138 736 2204 eundem
761 2138 903 2204 modum.
952 2140 1146 2208 Theocritus
1167 2141 1253 2210 Vlll.
1276 2149 1314 2211 5:

265 2249 387 2329 ”appu
411 2244 480 2310 ectr
503 2244 578 2319 ἤπην
600 2246 875 2327 πνρρντρίχιι,
898 2243 999 2329 ἄμφω
1022 2247 1144 2327 decido.

134 2355 190 2422 ubi
213 2352 346 2419 dixisset
374 2358 466 2436 podia
490 2351 653 2436 antiquior
676 2351 749 2426 ἥςην
772 2352 984 2435 πνρρδπριχες.
1032 2352 1068 2419 in
1095 2353 1315 2440 Xenophontis

133 2462 215 2529 lihro
233 2457 357 2525 scribae
380 2457 491 2539 εὔρινες
515 2463 699 2522 constanter
719 2457 887 2524 emendate
907 2460 1066 2544 scriptum
1090 2469 1268 2528 servarunt
1286 2470 1317 2529 et

134 2568 268 2650 ἄρρινες,
293 2571 328 2629 ut
348 2561 404 2628 ill.
429 2566 466 2627 3:
490 2559 633 2643 ἄψνχνι,
666 2561 802 2642 ἄρρινες,
832 2565 886 2629 οὐκ
914 2564 1061 2642 εὔποδες,
1092 2575 1315 2654 praeterquam

136 2675 194 2739 hoe
216 2691 280 2737 uno
303 2669 371 2734 lneo
393 2666 446 2732 ubi
468 2666 508 2733 ad
532 2666 713 2754 aequalium
739 2670 896 2745 συνήθειαν
920 2668 1133 2749 aberrarunt,
1158 2673 1245 2759 quod
1266 2673 1317 2741 uhi

135 2776 335 2866 perspexeris
359 2773 562 2861 Xenophonti
589 2792 685 2839 suum
712 2771 828 2856 ἄρρινες
853 2775 1004 2841 restitues
1024 2784 1057 2843 el
1085 2777 1119 2843 iu
1144 2787 1222 2845 uolo
1251 2778 1318 2849 loco

136 2882 301 2973 Sophoclis
323 2880 410 2948 hiac.
430 2883 471 2946 o:

718 2984 753 3053 εὖ
776 2987 808 3053 at
832 2990 861 3053 π’
884 2990 1006 3071 ἐκφέρει

317 3094 403 3167 νιννὸς
426 3091 586 3166 Annalem
609 3089 647 3164 ὥς
670 3116 717 3166 τις
741 3093 894 3174 aripenne
917 3094 1035 3172 βάσις,

139 3204 230 3270 dccci
263 3220 327 3267 nou
348 3198 446 3265 iacies
469 3217 545 3275 eos,
570 3197 626 3283 qui
650 3198 779 3279 εὕριννς,
812 3200 895 3285 quod
921 3198 1092 3287 Sophocles
1123 3220 1199 3268 cum
1234 3206 1317 3280 κυνὸς

136 3308 296 3382 Λακρίνης
321 3305 550 3378 coniunxerat,
572 3303 713 3389 pessime
743 3323 816 3370 cum
845 3305 942 3383 βάσις
964 3307 1117 3392 coniungi
1139 3327 1235 3394 posse
1253 3312 1317 3400 opi·

134 3414 202 3479 nati
227 3419 312 3476 suut.

183 3516 346 3584 Simillinri
375 3516 503 3601 generis
534 3514 648 3580 vitium
672 3515 880 3582 commissum
907 3526 956 3583 est
979 3517 1017 3584 V.
1043 3523 1096 3585 17.
1130 3516 1165 3584 in
1190 3520 1313 3587 verbis:

135 3627 160 3690 oi
184 3623 211 3689 δ’
242 3621 293 3688 ἐπὶ
326 3622 450 3695 naturae
482 3622 553 3694 ποὺς
585 3620 695 3695 πόπους
731 3632 937 3699 πλιινιῑπιιι
967 3624 1105 3706 χαλεποὶ
1138 3627 1212 3707 πρὸς
1247 3627 1316 3703 πνὺς

135 3729 270 3810 δρόμους.
318 3726 400 3792 Vera
424 3726 519 3793 lectio
542 3735 591 3791 est
613 3725 793 3801 πλάνητεςε
825 3729 922 3794 attici
948 3729 1032 3794 enim
1065 3729 1232 3806 πλιὶνηπιις
1265 3752 1318 3821 ap·

133 3834 293 3922 pellahaut
317 3854 440 3898 ornnes
462 3839 494 3898 et
518 3832 686 3911 erraticos,
718 3853 779 3898 non
814 3837 989 3910 πλανήτης.
1037 3837 1203 3911 Πλπνηπης
1235 3838 1317 3904 Tra·

132 3941 277 4025 gicorum
310 3947 358 4004 est
386 3947 418 4004 et
453 3945 523 4024 post
549 3935 650 4002 multa
681 3937 807 4004 saecula
841 3939 1092 4016 Graeculorum,
1126 3941 1182 4026 qui
1214 3943 1317 4011 multa

133 4044 283 4111 voeabula
308 4044 432 4130 poetica
452 4040 663 4123 ἀπειροκάλως
684 4053 887 4111 reeoxerunt.
936 4045 1135 4130 Quamquam
1162 4065 1257 4134 saepe
1281 4049 1315 4114 li·

131 4151 181 4216 hri
206 4150 386 4215 varianter
412 4168 505 4234 saepe
528 4168 567 4213 ex
591 4148 776 4234 sequinrum
811 4170 872 4215 usu
895 4150 1059 4237 depravati
1083 4159 1183 4230 sunt,
1208 4163 1315 4221 tamen

13 4254 15 4259 ’
132 4255 223 4321 laeile
246 4253 438 4339 intelligitur
469 4252 611 4331 πλάνης,
644 4275 706 4320 nou
736 4260 920 4334 πλιινηπης,
943 4258 976 4321 iu
1006 4276 1068 4322 usu
1092 4255 1168 4323 olim
1204 4257 1314 4326 luisse.

128 4360 282 4429 Itieahaut
314 4359 389 4426 olim
421 4376 532 4426 omnes
558 4367 742 4428 constanter
774 4364 801 4427 οἱ
834 4361 993 4438 πλάνητες
1027 4361 1135 4445 ιὶςέρες
1170 4363 1221 4452 (ut
1254 4364 1313 4432 hoe
