2940 5010
704 278 770 342 790

143 454 243 520 luisse
262 451 399 517 lormam
418 449 505 516 δύνο.
553 447 689 516 Perinde
707 460 756 517 est
779 452 813 517 io
831 449 921 517 louio
944 449 1052 519 dicere
1074 452 1185 521 δύεται
1208 453 1319 533 diem

143 570 176 628 et
204 562 219 626 o‘
243 558 324 636 ἥλιος
347 557 447 631 δύνεις
481 557 615 624 ἐνεδύετο
638 562 758 640 χιτῶνοι
782 557 831 624 vel
863 557 1000 636 ἕξιδύετυ
1034 558 1123 647 apud
1150 557 1320 627 Homerum

141 675 191 735 est
214 663 347 730 ἔνδυνε
374 669 494 744 χιτῶνοο
522 672 554 729 et
584 662 719 730 ἔκδυνε
745 665 888 747 χιτῶνα,
913 665 1076 733 νοτιτιιδύνοι
1100 664 1212 733 ionice
1241 664 1319 735 iden

140 780 189 839 est
208 779 305 856 atque
328 768 545 845 κοιτοιδύομοιι,
571 769 704 834 ύτοδύνυ
729 778 826 858 utque
846 771 1038 850 ύτοδύοιοοιι,
1062 780 1096 840 el
1118 773 1168 838 sio
1193 772 1229 838 in
1253 790 1318 839 oee-

142 877 222 944 teris
246 874 429 960 compositis
453 872 492 939 ad
518 892 618 940 unum
644 873 809 952 omnibns,
833 876 927 942 cuius
951 877 997 943 rei
1020 874 1106 964 apud
1128 876 1320 955 Homerum,

140 979 359 1053 Herodotum,
386 979 611 1065 Hippocratem
635 987 667 1045 et
690 999 822 1058 omnes,
846 981 902 1066 qui
937 980 1045 1048 loniee
1068 979 1210 1048 dialecto
1229 992 1319 1049 utun·

141 1096 216 1165 tur,
240 1083 362 1151 affatim
383 1093 432 1149 est
455 1083 683 1170 exemplorum.
730 1086 838 1152 Attica
861 1083 1017 1152 dialectos
1040 1104 1096 1154 eas
1127 1084 1252 1154 formas
1273 1107 1320 1175 pe·

141 1194 230 1259 uitus
255 1193 402 1275 ignorat,
427 1188 481 1253 sed
506 1188 634 1272 Tragici
656 1188 804 1257 lubenter
827 1198 985 1277 usurpant
1007 1200 1040 1258 et
1063 1192 1234 1279 sequiores
1255 1191 1323 1260 inde

140 1299 181 1366 ab
204 1293 375 1363 Aristotele
399 1313 472 1359 cum
497 1294 609 1360 multis
632 1294 705 1360 aliis
735 1294 851 1361 ionicis
874 1297 949 1363 δύνο
973 1316 1102 1385 quoque
1132 1307 1167 1365 ct
1199 1317 1321 1387 compo·

141 1406 204 1471 sita
228 1406 428 1486 receperunt.
477 1398 559 1465 Hinc
579 1419 673 1466 nemo
694 1399 866 1467 mirabitur
885 1399 1006 1469 iactum
1029 1422 1119 1482 esse,
1142 1413 1183 1470 nt
1200 1423 1220 1471 e
1239 1403 1320 1490 rnlqi

140 1507 281 1588 cvrndeiqa
300 1523 540 1590 nonnumquam
565 1505 597 1569 in
620 1505 800 1571 Atticorum
823 1508 944 1595 scriptu
964 1508 1149 1595 irrepserit,
1172 1508 1229 1577 sed
1250 1510 1319 1576 δύιε

141 1632 217 1681 cum
241 1612 319 1674 vitio
342 1609 484 1677 ambulat
507 1617 539 1676 et
559 1611 664 1675 Attice
691 1611 829 1677 scientes
852 1632 915 1678 non
938 1610 1035 1679 lallet.
1083 1612 1137 1680 Sic
1161 1612 1247 1701 apud
1267 1614 1319 1681 lle

140 1715 342 1784 mostheuenn
368 1718 506 1802 p.197,
533 1720 563 1780 7.
598 1714 682 1800 quod
706 1716 739 1780 in
769 1717 918 1784 omnibus
945 1716 1036 1783 libris
1067 1727 1118 1785 est
1152 1721 1211 1801 τρδ
1238 1721 1317 1799 dash

140 1825 314 1893 δύνοντος
339 1821 493 1886 vitiosum
516 1828 574 1885 est.
599 1819 811 1886 Athenienses
833 1821 981 1890 dicebant
1003 1826 1059 1907 τρὸ
1084 1825 1172 1902 ἡλίου
1194 1826 1316 1900 δύντος,

140 1927 226 2016 quud
249 1927 391 2012 optimus
416 1925 437 1990 S
461 1926 599 1991 servarit
621 1923 718 1991 sulus.
768 1927 857 2009 Quod
877 1929 996 2015 legitur
1016 1929 1050 1994 in
1074 1929 1248 1996 Aeschinis
1270 1931 1316 1995 'li-

141 2033 293 2103 marchea
326 2036 343 2118 §
369 2038 420 2098 ta.
447 2032 478 2096 in
503 2030 591 2115 lege:
624 2033 811 2098 κλειέτωσαν
846 2034 878 2100 δὲ
910 2034 965 2115 τρὸ
994 2036 1081 2111 ἡλίου
1114 2036 1317 2114 δύνοντος,

141 2139 367 2209 commenticia
380 2137 433 2204 illa
446 2136 496 2203 lex
513 2144 582 2214 est,
602 2145 638 2202 ut
651 2140 758 2203 omnia
777 2158 859 2224 quae
872 2148 1000 2226 praeter
1012 2140 1082 2226 ipsa
1094 2136 1240 2206 Oratoris
1253 2160 1316 2207 rer·

139 2247 179 2314 ba
198 2244 282 2332 apud
303 2244 492 2310 Aeschinem
516 2243 678 2328 leguntur.
727 2244 899 2331 Xenophon
920 2245 1032 2311 Ionum
1053 2246 1315 2312 consuetudinem

141 2356 174 2420 in
205 2351 265 2417 hac
295 2368 421 2435 quoque
451 2368 487 2414 re
519 2349 667 2434 sequitur
698 2347 770 2429 οἶμοι
809 2350 883 2432 iulo
923 2351 1074 2418 δύνοντι
1107 2350 1255 2418 scribens
1287 2352 1318 2418 in

141 2456 242 2525 Anah.
267 2454 306 2520 ll.
331 2475 363 2519 ιι.
397 2459 461 2533 13,
494 2462 527 2519 ct
563 2454 617 2529 ἤδη
653 2456 739 2532 ἡλίου
772 2454 948 2529 δύνοντος
984 2453 1061 2521 ibid.
1085 2454 1126 2521 Il.
1151 2477 1185 2522 ιι.
1218 2461 1261 2535 5,
1290 2465 1320 2524 el

140 2561 213 2643 ἅμα
244 2563 286 2643 τῷ
313 2561 386 2640 ἡλίῳ
419 2560 565 2624 δύνοντι
600 2560 720 2626 Hellen.
742 2559 766 2624 1.
791 2580 832 2625 ιι.
859 2562 911 2624 21.
959 2560 1108 2627 Caeteros
1136 2581 1249 2629 omnes
1275 2563 1320 2628 ri·

139 2669 231 2735 dehis
254 2673 438 2731 constanter
460 2663 600 2742 δυομένου
625 2673 657 2729 et
674 2665 805 2747 δυομένῳ
828 2666 858 2729 in
884 2683 921 2731 ea
940 2684 976 2732 re
999 2663 1187 2733 scribentes.
1236 2669 1319 2734 Δύνυ

140 2781 267 2862 praeter
298 2770 476 2857 praesentis
510 2765 645 2834 sormam
677 2777 710 2835 et
744 2769 924 2855 imperfecti
955 2769 1053 2837 ἔδυνον
1085 2769 1148 2837 alia
1180 2780 1321 2859 tempora

139 2900 202 2945 non
233 2876 341 2943 habet:
375 2875 518 2940 dicenter
543 2875 627 2939 enim
654 2885 685 2941 et
709 2876 795 2941 δύνοι
826 2875 986 2942 dicebaut.
1034 2872 1119 2941 Facu
1152 2875 1319 2944 Graeculo·

139 3005 213 3052 rum
238 2982 325 3048 ἔδυνον
350 2990 381 3047 ct
405 2981 496 3053 δύντος
517 2980 621 3065 coepit
644 2978 752 3045 dicere
771 2988 802 3046 et
822 2981 993 3057 κιοτέδυνοι,
1016 2979 1219 3061 κοοτοιδύνοις,
1243 2999 1321 3068 quae

138 3102 174 3158 et
197 3091 264 3176 ipsa
287 3085 422 3153 subinde
446 3086 653 3151 insinuarunt
676 3104 745 3152 sese
767 3087 798 3150 iu
823 3087 1036 3172 Antiquorum
1058 3084 1167 3152 libros.
1217 3085 1321 3153 Etiam

139 3199 268 3276 δύνομοιι
291 3190 634 3277 hicillioconspioilut·
657 3198 688 3256 el
713 3193 911 3272 τυρεδύνοντο
935 3200 968 3257 et
991 3192 1210 3269 κοοτεδύνοντο,
1233 3191 1321 3260 foeda

139 3301 313 3370 barbaries.
368 3296 534 3365 Graeculis
560 3299 657 3362 etiam
680 3335 725 3346 -
748 3296 898 3375 διδύοιιιι,
921 3297 1107 3375 ἐκδιδύοιου,
1129 3299 1323 3366 excentum

139 3410 258 3476 usitata
283 3413 380 3483 sunt,
403 3402 574 3470 Veteribus
599 3401 753 3468 inaudita.
801 3402 908 3469 Etiam
927 3441 974 3455 -
994 3403 1084 3469 δονέοι
1108 3402 1204 3470 finxit
1227 3404 1322 3470 libra·

138 3516 262 3582 riorum
285 3511 392 3586 natio,
417 3507 502 3595 quod
532 3509 566 3573 in
591 3527 655 3574 uno
677 3507 746 3574 loco
769 3507 919 3575 Herodoti
948 3509 1148 3596 conspicitur
1173 3509 1322 3576 inlibris

137 3627 267 3710 praeiet
297 3635 397 3681 uuum
430 3613 589 3680 omnibus.
613 3613 668 3678 lli.
694 3618 758 3680 98:
784 3616 822 3687 ὡς
847 3615 965 3695 deipara
992 3614 1243 3682 ἕνδυνέουτιτ
1268 3636 1322 3703 op·

137 3728 218 3794 time
241 3720 424 3790 liiudorlius
447 3721 594 3788 ἐνδύνουσι
619 3720 770 3805 reposuit.

184 3832 337 3917 Superest
359 3826 497 3913 denique
530 3834 566 3890 ut
589 3824 629 3892 de
652 3826 832 3912 quantitate
854 3825 973 3892 vocalis
995 3851 1013 3892 υ
1035 3824 1154 3892 dicam.
1203 3825 1322 3893 Produ-

137 3941 226 4007 citur
253 3935 286 3998 in
310 3933 451 3997 omuibus
482 3939 706 4018 praeterquam
736 3933 768 3997 in
794 3933 931 4018 passivis
954 3970 1000 3983 —
1017 3933 1165 4012 δέδυμοοι,
1190 3971 1237 3983 -—
1259 3934 1323 4000 εδύ·

136 4050 211 4122 οηο,
238 4077 281 4094 -
303 4040 469 4117 δυύύοομοιι
503 4035 750 4122 nominibusque
780 4037 928 4104 omnibus
961 4036 1060 4104 abeo
1086 4036 1184 4105 uerbo
1208 4037 1322 4105 forma·

138 4153 181 4218 tis
212 4148 327 4221 δύτης,
364 4142 490 4219 ἄδυτον,
526 4141 664 4219 ἔνδυτον,
697 4143 890 4222 κοιτύδυοις,
922 4143 1120 4226 ἆτοδυτύριον
1155 4154 1233 4211 cett.
1267 4142 1323 4212 scd

137 4256 253 4334 ἔνδυμοο
276 4250 379 4318 solum
404 4268 442 4316 ex
467 4255 556 4314 certa
577 4248 702 4333 antiqui
733 4250 890 4316 sermonis
921 4249 1067 4337 analogia
1088 4250 1322 4338 paenultimam

138 4358 306 4449 producit,
331 4361 487 4435 antiopa,
513 4352 705 4435 κοτύλυμοι,
728 4360 844 4439 φῦμα,
869 4361 1005 4440 atoue,
1028 4364 1061 4424 et
1081 4357 1213 4426 omnino
1233 4355 1323 4443 quid·
