2940 5010
630 290 693 351 757

114 468 282 550 γνάσκννσι
312 467 369 547 μὲν
401 469 435 532 nl
460 466 572 532 δίκαιον
602 465 716 537 οὐδενὸς
747 460 835 538 ἧττον
863 469 921 529 τῶν
945 463 1050 530 ἀλλων
1078 469 1257 550 ἀνθράκων,

112 576 131 641 ά
160 577 192 641 δὲ
224 577 279 650 τὴν
313 576 367 638 τοῦ
403 573 533 647 τλάθσνς
571 572 678 636 τενθαν
712 568 945 651 ἀναγκάζεσθαι
980 572 1150 654 ἀδικώτεροι
1182 570 1259 641 εἶναι

112 680 147 761 ιρι
171 681 230 752 τάς
263 679 377 750 πόλεις.
425 677 627 742 Facillimum
652 684 700 740 est
731 677 762 739 in
795 674 846 740 bis
879 676 1055 742 orationem
1089 696 1263 762 agnoscere

112 785 220 850 >minis
243 785 281 850 de
304 806 336 848 so
357 784 422 871 ipso
444 782 618 868 loquentis:
650 781 812 858 γιγνώσκω
836 781 893 858 μὲν
916 782 949 845 τὸ
974 782 1087 847 δίκαιον
1115 786 1259 860 σιἰδενθς

112 913 195 956 croc
223 896 290 955 τῶν
321 888 445 954 ἀλλων
472 887 688 967 ἀνθρώπων,
719 885 942 967 ἀναγκάζομαι
963 887 993 951 δὲ
1018 924 1062 938 --
1083 891 1261 971 ἀδικώτερος

112 1019 169 1060 ναι.
216 995 351 1060 Miratus
377 994 482 1059 nescio
518 993 590 1077 quis
621 994 884 1076 compositionem
909 1000 1039 1075 repente
1074 995 1193 1059 mutari
1223 999 1261 1070 ὡς

112 1100 285 1180 ιγνάσκννσι
309 1101 366 1179 μὲν
390 1138 434 1148 -
455 1097 690 1177 ἀναγκάζεσθαι
715 1098 746 1161 δέ
771 1096 884 1162 inutile
908 1095 1047 1162 fulcrum
1070 1098 1196 1181 ἔφασαν
1224 1100 1264 1166 de

112 1226 144 1271 to
166 1207 334 1291 supposuit
361 1215 395 1271 et
427 1206 473 1269 sic
506 1203 767 1285 compositionem
804 1202 864 1267 loci
900 1221 999 1288 quum
1036 1222 1069 1267 se
1100 1204 1265 1270 sublevare

112 1318 210 1377 ttaret
234 1313 352 1376 misere
376 1310 530 1395 corrupit.
563 1307 702 1391 Apparet
725 1308 811 1372 enim
835 1307 881 1371 rel
906 1327 943 1373 cx
966 1306 1172 1375 collocatione
1193 1330 1265 1395 par·

112 1415 278 1482 cularum:
314 1419 353 1487 ὡς
385 1415 589 1493 γιγνάσκσνσι
624 1414 681 1491 μέν
711 1449 754 1460 -
784 1412 1018 1492 ἀναγκάζεσθαι
1051 1414 1082 1479 δὲ
1118 1416 1163 1480 ita
1195 1436 1265 1482 csse

112 1521 255 1587 iniuncta
290 1530 325 1586 ut
347 1539 385 1585 ex
411 1540 473 1584 uno
495 1527 592 1605 atque
624 1517 733 1582 eodem
763 1517 859 1582 rer-bo
889 1518 996 1595 ἔκεγσν
1019 1538 1174 1605 suspensa
1198 1541 1267 1588 esse

112 1624 229 1693 abeant.
276 1626 373 1691 blouit
400 1627 502 1711 igitur
528 1645 565 1691 ea
599 1644 648 1689 res
676 1622 916 1708 Xenophontem
941 1643 1071 1702 senem,
1108 1633 1143 1690 ut
1173 1646 1268 1712 quae·

112 1741 173 1799 trel
202 1731 273 1813 einp
303 1732 436 1797 δύναιντ’
468 1731 506 1796 ἀν
536 1733 560 1796 ol
596 1736 723 1794 σινλῖται
755 1727 972 1810 διατρέφεσθαι
1001 1731 1036 1796 ἐκ
1067 1739 1123 1806 τῆς
1155 1733 1270 1799 ἑαυτῶν

113 1860 204 1918 consp
228 1836 280 1902 nol
306 1835 508 1902 δικαιότατον.
557 1835 644 1915 Quae
667 1843 775 1899 autem
801 1833 840 1898 ad
871 1833 948 1900 haec
970 1834 1165 1901 Sclmeidero
1193 1837 1268 1904 sub·

112 1950 159 2007 tta
183 1942 323 2028 suspicio
349 1949 397 2007 est
429 1940 514 2004 hunc
546 1938 664 2004 librum
692 1937 941 2025 aXeuopboutc
969 1942 999 2005 in
1032 1940 1150 2006 Eubuli
1181 1944 1268 2007 Ana·

112 2045 217 2134 htysttt
250 2048 387 2131 gratiam
422 2047 641 2131 conscriptum
666 2065 754 2121 esse,
788 2065 882 2131 quem
918 2052 995 2110 tunc
1028 2048 1180 2131 temporis
1200 2068 1268 2114 sus-

112 2159 177 2240 epta
198 2172 277 2218 cura
307 2154 461 2239 pecuniae
484 2151 631 2239 publicae
662 2159 786 2216 coristat
811 2149 934 2215 reditus
957 2151 1099 2235 publicos
1131 2152 1268 2238 pruden-

112 2261 212 2339 saime
237 2258 480 2324 adroinistrasse
504 2267 534 2322 et
567 2257 717 2333 auxisse,
748 2276 783 2321 ea
813 2257 913 2340 igitur
943 2258 1084 2341 suspicio
1114 2258 1271 2324 Boeckbio

112 2361 290 2431 abementer
320 2362 463 2441 arridet,
498 2361 578 2425 mibi
611 2382 670 2426 cor
702 2381 764 2425 non
800 2363 875 2427 item
910 2359 1034 2447 placeat
1070 2365 1180 2448 paucis
1207 2365 1268 2431 elo

112 2487 176 2537 aar.
230 2468 351 2555 Nempe
386 2467 523 2533 credunt
559 2466 705 2532 homines
740 2465 827 2532 docti
860 2466 943 2531 istro
976 2466 1061 2552 apud
1093 2468 1267 2554 Diogenem

112 2583 191 2641 tert.
210 2574 250 2639 ll.
276 2579 329 2640 59.
362 2574 507 2639 narranti
534 2571 775 2658 Xenophontem
807 2580 937 2638 auctora
963 2571 1089 2638 blnhulo
1118 2576 1269 2659 potentis-

113 2700 167 2745 mo
187 2688 313 2745 oratore
335 2678 374 2744 ab
401 2679 495 2744 exilio
518 2677 616 2743 luisse
641 2687 836 2744 reuocatum.
883 2679 1034 2763 Diogenis
1065 2678 1144 2745 baec
1173 2681 1270 2748 rerba

112 2792 183 2851 tut:
218 2786 271 2850 καὶ
297 2789 395 2864 Ἴςρσς
422 2785 516 2865 φησὶν
546 2786 639 2848 αὐτὸν
663 2790 778 2865 φυγεῖν
810 2786 895 2850 κατά
924 2787 1080 2866 ψήφισμα
1108 2789 1270 2866 Εθβνθλνν

112 2890 135 2959 tl
161 2892 322 2956 κατελθεῖν
348 2891 433 2954 κατά
457 2890 613 2970 ψήφισμα
637 2895 690 2953 τσῦ
718 2894 824 2954 αὑτοῦ.
873 2890 970 2955 lleclc
997 2890 1176 2955 Boccltltius
1201 2892 1269 2980 (qui

112 3003 168 3063 otro
200 2994 294 3061 tidem
326 2994 433 3081 babet)
468 2997 575 3079 posuit
608 3014 669 3058 non
702 3003 776 3059 aute
810 2993 1029 3082 Olympiadem
1051 2995 1104 3061 Cll
1128 3017 1167 3061 an
1190 2997 1269 3063 Clll.

112 3110 208 3167 rotam
240 3120 311 3167 esse
339 3100 481 3186 potuisse
512 3099 630 3166 Eubuli
657 3100 687 3163 in
720 3120 787 3185 rep.
822 3101 1070 3178 auctoritatem,
1104 3112 1139 3166 ut
1168 3101 1270 3169 Xeno

112 3206 198 3273 honti
235 3206 349 3272 salutis
384 3215 497 3272 auctor
529 3225 599 3271 esse
631 3207 779 3289 potnerit.
835 3206 899 3270 Fac
929 3206 1016 3271 circa
1049 3204 1269 3294 Olympiadem

112 3311 148 3379 ll.
174 3312 208 3401 (i.
231 3332 258 3378 e,
282 3313 370 3377 circa
396 3332 516 3376 annum
540 3309 631 3398 57⁶2.)
659 3311 722 3374 iam
744 3309 843 3375 luisse
871 3312 949 3375 satis
974 3319 1136 3397 potentem
1155 3321 1190 3379 ut
1211 3313 1272 3381 boc

112 3416 246 3496 liceret,
281 3426 313 3483 et
341 3417 414 3483 uide
450 3416 525 3503 quid
564 3415 663 3482 lacios
691 3415 833 3482 eiusdem
867 3416 941 3481 lstri
975 3419 1269 3507 testimonimum

112 3521 325 3609 anaphontem
350 3531 530 3588 auctorest
555 3528 671 3601 φυγεῖν
702 3542 828 3607 quoque
856 3524 942 3587 κατά
965 3527 1121 3605 ψήφισμα
1151 3529 1272 3607 Εὐβσθ·

112 3650 157 3695 ινε
183 3630 325 3715 itaquel
350 3630 470 3709 τρώσας
495 3628 548 3692 καὶ
568 3626 680 3692 ἰάσατο
701 3635 732 3692 et
755 3627 838 3693 idern
861 3627 922 3694 luit
943 3628 1056 3694 salutis
1079 3640 1192 3697 auctor
1216 3636 1272 3719 qui

112 3733 279 3800 clamitatis
306 3742 420 3800 auctor
448 3731 563 3798 lucrat.
615 3733 672 3800 Sed
708 3733 828 3798 lactum
854 3734 913 3799 hoc
943 3744 990 3800 cst
1020 3754 1104 3801 anno
1128 3742 1215 3815 594,
1241 3740 1273 3806 id

112 3848 133 3905 tt
157 3839 268 3925 aipioti
288 3840 406 3904 duobus
431 3841 523 3904 annis
554 3848 658 3905 antea.
707 3841 809 3904 Fraus
833 3839 982 3926 perpluit.
1031 3841 1092 3921 Qui
1122 3844 1153 3907 in
1174 3844 1275 3911 altera

112 3953 176 4010 arte
198 3946 376 4010 testimonii
405 3947 437 4009 in
467 3955 533 4010 tam
562 3943 732 4009 manifesto
754 3945 922 4010 mendacio
943 3955 1072 4012 tenetur
1089 3950 1160 4015 eine
1182 3958 1217 4016 tu
1243 3953 1274 4016 in

112 4049 219 4138 aliquis
239 4050 413 4137 quidquam
440 4050 634 4116 credendum
662 4070 731 4115 esse
752 4051 940 4116 existimas?
967 4051 1051 4118 Haeo
1074 4074 1200 4140 quoque
1223 4065 1274 4123 est

112 4158 292 4237 ττλασμέννι
314 4157 482 4238 παράδοσις
512 4166 544 4222 et
574 4158 672 4237 ἱςσρθα
698 4158 948 4237 κατεψευσμένιι.
995 4159 1164 4225 Praeterea
1197 4162 1274 4248 quid

112 4281 203 4328 ausae
229 4262 329 4329 fuisse
353 4271 522 4349 putemus,
546 4259 754 4346 quamobrem
780 4261 819 4327 de
846 4282 909 4326 uno
930 4262 1137 4350 Xenophonte
1163 4267 1196 4333 in
1220 4289 1274 4355 pa·

112 4368 181 4434 iam
215 4365 393 4436 revocando
425 4367 628 4455 plebiscitum
654 4366 773 4434 lactum
799 4387 869 4435 esso
891 4368 1088 4436 credamus?
1136 4372 1275 4461 Pericles
