2940 5010
712 288 778 350 teo

153 465 207 530 τὸν
228 469 314 529 σῖτον
345 468 377 526 et
408 459 528 527 similia
550 460 679 538 omnia,
715 468 747 529 et
769 463 893 545 καρπῶν
918 461 968 528 vel
991 464 1078 530 σι’πον
1109 462 1288 545 σνγιιομιδιέ
1305 466 1341 531 is

155 568 211 634 tali
235 587 271 634 rc
295 567 415 632 usitata
436 585 506 633 esse
531 567 604 653 quis
629 565 757 633 tandem
778 565 942 634 docendus
963 567 1036 635 esti

200 674 237 739 ln
262 675 281 757 §
307 676 360 739 20.
397 673 429 738 έν
450 680 514 745 τοῖο
537 669 781 748 πλουσιωτάτοις
810 671 981 754 λεγθμενθν
1003 698 1039 739 σε
1066 672 1252 754 θπισάμεθα
1278 692 1341 743 σοο-

155 779 225 864 rige
250 777 527 857 καταλεγόμενον,
558 777 643 865 quod
667 796 726 866 pro
744 778 962 860 ἀριθμούμενον
986 780 1171 847 rectissimo
1203 779 1270 848 diei
1293 799 1342 870 pu·

153 892 237 963 test,
259 883 429 963 λεγόμενον
450 904 512 950 uon
539 885 629 952 item.

194 990 232 1058 in
258 993 277 1075 §
302 994 357 1057 οἳ.
391 990 480 1056 locus
504 998 554 1056 est
585 991 743 1057 miserum
769 990 802 1056 in
831 988 962 1056 modum
988 997 1163 1077 corruptus
1187 1000 1222 1058 et
1245 990 1341 1058 inter·

152 1097 297 1183 potatus,
333 1094 388 1162 nbi
423 1094 483 1161 hoc
517 1094 622 1162 solum
656 1096 737 1163 satis
771 1093 916 1182 intelligo
948 1098 1179 1175 ἀπολογεῖσθαι
1211 1094 1272 1175 μέν
1304 1114 1341 1164 οι

148 1199 415 1288 praecedentibus
444 1204 477 1268 οὐ
506 1200 570 1282 γὰρ
599 1201 675 1267 δοκῶ
705 1224 750 1266 σοι
774 1219 844 1267 esse
871 1219 1066 1288 suspensum
1086 1208 1121 1269 et
1151 1220 1214 1289 pro
1248 1201 1336 1269 adri

150 1307 498 1373 carcabianensis
521 1312 663 1386 μελετῶν
686 1305 917 1391 corrigendum
941 1324 1012 1373 esse
1035 1307 1131 1395 αὐτοὶ,
1140 1310 1253 1373 ταῦτα
1280 1304 1341 1373 διὸ

149 1410 294 1484 τέλους
325 1417 485 1490 μελετῶν,
509 1410 565 1477 sed
591 1412 749 1497 posterior
771 1429 845 1497 pars
868 1411 1025 1477 orationis
1047 1410 1240 1479 bimembris
1262 1414 1342 1479 οπο-

149 1517 309 1595 λογεῖσθαι
330 1516 389 1597 μέν
410 1554 455 1566 -
474 1525 657 1599 κατηγορεῖν
681 1516 713 1583 δέ
735 1525 801 1582 iam
824 1515 909 1583 male
933 1515 1075 1584 mulctata
1096 1524 1147 1585 est
1169 1526 1207 1584 ut
1229 1516 1274 1585 de
1296 1538 1343 1587 το·

151 1620 313 1687 stituenda
339 1641 414 1688 uera
433 1620 570 1689 lectione
595 1620 831 1709 desperandum
853 1640 924 1688 esse
946 1620 1027 1688 mibi
1048 1621 1208 1689 rideatur.
1257 1623 1342 1691 Nihil

150 1727 221 1793 sani
245 1726 378 1793 extundi
403 1746 496 1814 posse
519 1747 557 1794 ex
589 1726 719 1812 vulgata
748 1726 910 1813 scriptura
943 1736 1127 1810 κατηγορεῖν
1151 1729 1184 1795 δέ
1207 1731 1243 1796 οὗ
1269 1732 1340 1798 δοκεῖ

150 1857 258 1899 sot-
279 1829 364 1899 ebat
387 1837 549 1905 ποιοῦντας
573 1832 697 1909 οὐδένα,
722 1833 820 1898 etiam
844 1832 871 1897 si
896 1839 1024 1900 caetera
1047 1841 1136 1900 recte
1160 1832 1283 1902 habere
1310 1844 1342 1903 et

150 1935 317 2005 commode
339 1938 516 2025 composita
538 1956 607 2004 esse
630 1935 839 2014 viderentur,
865 1938 945 2003 satis
967 1945 1016 2004 est
1040 1939 1279 2028 perspicuum]

203 2040 301 2108 initio
334 2046 432 2128 stt.
468 2040 626 2109 excidisse
658 2041 825 2129 complura
859 2040 982 2108 dudum
1013 2045 1075 2109 viri
1108 2042 1198 2110 docti
1233 2064 1341 2113 sense·

149 2155 237 2216 runi.

193 2250 230 2319 ln
255 2271 324 2339 cap.
346 2249 417 2320 xit.
439 2255 468 2316 2.
491 2253 571 2318 satis
594 2270 755 2339 superque
778 2259 829 2319 est
858 2250 1023 2319 Socratem
1045 2251 1155 2321 dicore
1175 2254 1337 2338 φυλάττει

144 2356 209 2438 γαρ
228 2357 361 2439 ἷσχνρῶο
379 2357 425 2435 μὴ
444 2355 613 2441 θποβθλμς
632 2360 688 2435 τὴν
708 2358 899 2435 ἔπωννμθαν,
923 2364 956 2422 et
981 2364 1091 2423 utrum
1115 2358 1339 2448 Xenophontis

145 2462 253 2548 potius
276 2480 318 2527 an
341 2461 432 2527 scioli
454 2461 622 2528 cuiusdam
650 2463 692 2527 sit
714 2459 972 2529 additamentum
994 2462 1041 2550 [ri
1068 2462 1142 2545 θνίιρ
1163 2467 1265 2541 καλὸς
1285 2468 1339 2533 κθ·

145 2566 241 2644 γαθὸς
266 2567 472 2652 neustriam
495 2566 657 2652 imprimis
669 2573 742 2653 post
764 2586 800 2633 ea
826 2586 908 2652 quae
920 2565 1015 2632 modo
1038 2567 1274 2637 Ischomachus
1292 2570 1338 2637 di·

144 2677 235 2735 xerat
263 2668 318 2736 xi.
351 2675 411 2747 et,
439 2669 572 2738 cuilibet
593 2669 707 2737 lubens
737 2670 895 2737 iudicium
918 2673 1081 2757 permitto.
1137 2673 1237 2740 Aliud
1269 2675 1337 2741 uitii

142 2792 245 2861 genus
268 2783 318 2841 est
338 2776 370 2841 in
397 2776 437 2842 iis
459 2794 541 2862 quae
564 2777 718 2842 continuo
747 2783 947 2863 sequuntur:
979 2783 1101 2844 πολλῶν
1125 2803 1172 2847 σοι
1195 2779 1272 2855 ἴσως
1292 2780 1334 2847 θι-

142 2904 202 2946 των
225 2881 408 2960 ἐπιμελείας
432 2880 596 2960 δεομένων,
630 2880 683 2947 ubi
713 2879 929 2968 supplendum
959 2891 1009 2948 cst
1036 2881 1129 2950 θντων
1160 2884 1247 2975 (τῶν)
1271 2886 1333 2953 ἐπι·

140 2986 272 3064 μελεέαο
299 2985 456 3066 δεομένων.

187 3090 417 3178 Interpolatum
440 3099 490 3157 esi
510 3091 542 3156 in
566 3093 583 3175 §
610 3096 650 3157 10
675 3090 879 3183 [vilencastri
901 3090 1062 3178 ποιῆσαι],
1086 3090 1229 3159 refertur
1247 3094 1330 3162 eni!

142 3197 231 3261 τοῦτο
261 3193 302 3262 ad
331 3194 554 3282 praecedentia
587 3196 791 3275 inspissetur
818 3196 970 3276 διδθσκω,
1000 3204 1034 3263 ci
1063 3205 1191 3282 poterat
1221 3197 1264 3266 ad
1294 3200 1332 3267 δι·

142 3299 255 3365 bascio
275 3296 353 3367 εἶναι
379 3299 521 3386 suppleri
554 3300 762 3389 (quamquam
795 3301 913 3388 frigide
937 3308 970 3367 et
1000 3300 1181 3390 pueriliter)
1207 3305 1245 3370 τὸ
1269 3305 1333 3371 έπι-

141 3413 225 3482 μελῆ
248 3401 374 3480 εἶναι,
399 3403 455 3470 sed
480 3406 614 3473 minime
637 3409 673 3473 τὸ
697 3409 833 3487 ἐπιμελεῖ
857 3411 1035 3480 ποιῆσαι.

188 3507 224 3574 ln
248 3512 266 3593 §
293 3512 332 3574 ib
354 3509 501 3576 οὶδθνατοθ
518 3512 592 3577 εἰσιν
616 3513 824 3590 ἐπιμελεῖς
849 3510 1010 3577 ἔσεσθαι
1034 3510 1261 3596 relinquendum
1283 3520 1329 3581 est

141 3613 172 3678 in
204 3613 352 3681 θδθνατοέ
382 3616 456 3681 εἰσιν
487 3616 707 3696 ἐπιμέλεσθαι,
740 3617 893 3702 quoniam
926 3616 1054 3689 δονατθο
1086 3616 1171 3696 εθμι,
1206 3614 1266 3694 οἶός
1297 3618 1328 3685 τέ

140 3720 203 3797 ειμι
226 3726 260 3785 et
280 3718 432 3793 ιὶδθνατθς
462 3722 525 3800 εἰμι
555 3720 702 3788 futurum
735 3730 895 3808 respuunt
922 3728 955 3786 et
987 3740 1139 3807 praesens
1169 3722 1329 3809 postulant

140 3822 189 3889 vel
213 3824 382 3892 aoristunr.
430 3825 554 3892 Vitium
579 3825 664 3893 nude
690 3835 803 3894 natum
825 3828 869 3894 sit
891 3825 973 3892 mihi
995 3826 1105 3892 videor
1133 3829 1327 3915 perspicere.

141 3927 245 4016 Supra
265 3939 408 3998 veterem
431 3937 464 3995 et
486 3933 660 4015 genuinam
685 3929 820 3997 sormam
843 3931 1064 4012 ἐπιμέλεσθαι,
1088 3952 1153 4018 qua
1176 3932 1245 4000 sola
1273 3933 1328 4001 ilo

140 4032 335 4118 nopbontem
362 4053 456 4101 usum
482 4054 551 4101 essc
573 4036 736 4102 bindortio
766 4036 819 4126 (ad
844 4035 958 4125 Cyrop.
981 4035 1005 4102 l.
1032 4056 1065 4104 u.
1090 4036 1145 4126 10)
1170 4038 1328 4115 concedo,

138 4137 339 4226 adscriptum
364 4149 413 4206 est
435 4166 496 4217 εισ,
522 4149 558 4206 ut
580 4142 794 4219 transnatabat
820 4143 1064 4220 restitueretur,
1088 4142 1144 4209 sed
1166 4153 1328 4212 corrector

137 4244 184 4308 sic
206 4246 345 4322 errant,
372 4254 406 4312 ut
430 4245 528 4313 rides.
577 4246 745 4314 Praeterea
775 4247 934 4314 articulus
965 4247 1164 4335 supplendus
1195 4250 1226 4315 io
1260 4268 1325 4337 sqq.
