2940 5010
716 280 778 341 5:37

147 468 213 517 nott
238 456 344 537 polest
372 449 434 515 nisi
457 448 657 535 suppleveris
676 452 736 517 τῶν
762 451 914 518 τοιοῦτό
945 477 982 520 τι
1007 451 1209 528 ποιησάντων.

192 556 230 623 ln
259 557 277 642 §
299 560 332 623 6.
361 556 387 621 εί
411 555 443 620 δὲ
463 556 501 621 οὺ
521 554 575 619 οίει
598 592 642 605 -
666 557 732 622 οὐδὲ
756 559 838 621 τοῦθ’
866 556 961 632 οὕτως
985 558 1075 641 ἔχει,
1099 558 1284 625 coniuneiie
1307 558 1333 623 εί

145 680 316 749 perperam
341 662 445 748 posita
468 668 531 727 est.
579 658 729 745 nequire
754 680 833 727 nsns
856 662 987 729 Graecis
1008 665 1225 749 Romanisque
1248 682 1335 729 eorn-

145 768 315 833 muniret
338 766 486 852 utrisque
507 773 616 831 certus
637 765 669 830 in
694 765 750 831 tali
776 785 811 831 re
838 787 1034 852 pronomen:
1059 767 1141 854 qnod
1162 776 1272 833 autem
1299 774 1335 832 tu

146 880 244 959 potas
265 908 334 950 -,
365 872 474 957 itaque
502 869 747 956 corrigendum:
772 867 787 937 ί
810 871 842 937 δὲ
870 874 908 938 οὺ
936 874 1001 941 οίει.
1047 872 1201 959 Exempla
1235 872 1268 936 in
1299 890 1336 937 re

146 984 224 1044 nota
246 974 349 1043 multa
372 994 531 1063 apponere
555 975 636 1041 nihil
665 977 793 1044 attinet.
841 976 1003 1045 Proferam
1030 997 1131 1044 nnnm
1157 997 1176 1043 e
1198 977 1336 1052 ricinia,

144 1091 183 1149 ut
207 1081 310 1148 obiter
339 1079 520 1148 emendem.
568 1081 702 1165 Legitur
730 1081 783 1146 vt.
811 1086 866 1147 te.
896 1081 910 1149 ὃ
943 1086 969 1150 δ’
996 1084 1153 1166 ἕζιίλωοος
1181 1085 1266 1160 ἡμᾶς
1290 1119 1336 1130 -

143 1188 213 1255 oter
236 1190 325 1254 τοῦθ’
352 1184 447 1260 οὕτως
477 1185 564 1268 ἔχει,
600 1183 654 1251 sed
684 1187 901 1253 necessarium
928 1197 977 1255 est
1008 1190 1073 1255 οὐδὲ
1105 1190 1209 1254 τοῦθ’
1241 1183 1336 1259 οὕτως

145 1296 230 1379 lxm.
276 1290 441 1375 Quomodo
472 1301 567 1358 natus
596 1294 638 1358 sit
664 1312 756 1359 error
782 1295 966 1382 perspicere
996 1293 1077 1359 mihi
1104 1292 1226 1362 videor.
1272 1290 1336 1357 Lit-

144 1408 218 1469 tera
241 1394 376 1465 initialis
395 1395 461 1465 Oe
489 1396 595 1463 scriba
618 1398 780 1464 omittitur
803 1419 821 1465 a
846 1400 1047 1466 rubricatore
1078 1395 1271 1485 supplendo:
1304 1402 1338 1461 ot

147 1506 204 1573 toti
227 1501 364 1571 subinde
387 1500 537 1588 supplent
566 1503 745 1585 οὐδένπρὸς
768 1505 862 1583 ἔπος,
895 1515 932 1573 ut
955 1504 1081 1571 abunde
1105 1500 1338 1569 demonstreri-

146 1630 222 1679 mtts
242 1610 275 1675 in
297 1605 425 1673 Stohoei
448 1606 632 1694 Appendioe
662 1608 858 1676 Florentino.
905 1611 1018 1697 ltoqne
1042 1628 1141 1696 qunm
1168 1604 1182 1674 ὃ
1206 1604 1338 1673 deberet

147 1714 267 1785 rddere
290 1712 467 1779 oscitanter
487 1714 513 1777 εί
544 1711 678 1780 eddidit.
727 1714 848 1782 Eodem
878 1717 974 1783 modo
997 1726 1109 1781 notmn
1134 1732 1277 1780 errorem
1305 1714 1336 1775 in

146 1820 290 1911 Lycurgi
313 1817 578 1885 Leoeroteamihi
604 1818 852 1905 deprehendisse
869 1821 1001 1898 videor,
1028 1820 1080 1887 uhi
1104 1820 1224 1904 tegitur
1250 1820 1336 1901 §88.

145 1930 308 2009 Ὁρᾶτε,
340 1924 449 2003 ὁμοίως
481 1923 609 2007 ἐφίλουν
632 1927 688 2002 τὴν
714 1927 850 2008 ποιτρίδοι
874 1925 1052 2008 Λεωκράτει
1084 1928 1110 1991 oi
1139 1923 1211 1991 τότε
1242 1923 1336 2001 βοιοι·

145 2034 314 2107 λειίιντεςι
334 2028 390 2095 sed
415 2047 489 2095 rere
520 2030 683 2116 scripturo
707 2039 777 2098 est:
797 2031 883 2113 *Apri
907 2056 947 2111 γε
972 2032 1079 2111 ὁμοίως
1102 2030 1230 2114 ἐφίλουν
1251 2028 1337 2095 eri:

146 2136 269 2223 Nempe
289 2155 392 2224 qnnm
417 2134 434 2166 ⁴
456 2143 746 2204 ΡΛΓΕΟΜΟΙΩΣ
770 2138 801 2201 in
828 2138 962 2224 antiquo
987 2136 1068 2201 libro
1096 2144 1203 2211 esset,
1227 2151 1338 2219 super·

146 2242 237 2311 venit
268 2242 377 2309 neseio
408 2239 482 2326 qnis
514 2240 569 2324 qui
594 2242 747 2308 omissam
783 2240 960 2307 litterulam
986 2240 1068 2308 mole
1095 2239 1233 2328 expierit
1256 2245 1335 2303 etr

145 2348 181 2415 in
202 2356 234 2415 T
258 2347 407 2415 mutavit.
454 2344 490 2411 ln
526 2348 543 2430 §
570 2349 602 2411 9.
633 2348 669 2412 τὸ
693 2347 725 2412 δὲ
754 2349 870 2413 τούτων
903 2348 1080 2426 συντέμνειν
1112 2343 1196 2433 quod
1229 2342 1336 2429 requi·

145 2452 256 2521 rehum
280 2452 396 2519 radron
427 2476 458 2517 τι
486 2452 665 2530 συντέμνειν
689 2450 846 2518 Stoitaeus
875 2451 961 2518 nitro
987 2451 1115 2518 obtulit.
1162 2451 1198 2516 ln
1237 2452 1255 2534 §
1284 2454 1335 2516 10.

144 2576 206 2647 pro
239 2556 353 2641 νομίζοι
377 2555 522 2625 Dindori.
554 2567 650 2625 κολοῖ
670 2559 813 2644 recepit:
838 2565 927 2625 reete
952 2557 1107 2637 fortasse,
1131 2558 1185 2626 sed
1216 2567 1254 2626 nt
1276 2583 1336 2624 ιιιι-

143 2664 211 2741 λοίνι
234 2662 417 2729 roribatnr:
441 2672 550 2738 κοιλοίς
582 2671 614 2729 et
637 2672 732 2729 κιιλοῖ
751 2663 868 2750 populo
891 2664 998 2730 Attico
1031 2683 1094 2729 non
1130 2665 1241 2731 minus
1265 2663 1336 2729 inu-

143 2766 243 2837 ritettt
265 2776 343 2835 eunt
366 2786 465 2854 quem
489 2776 629 2849 κοιλοίμι.
673 2767 767 2834 lones
787 2769 930 2848 κυλίοιμι
951 2767 1123 2849 dieebnnt,
1147 2769 1247 2836 Attiei
1272 2787 1335 2834 non

143 2872 242 2943 aliter
263 2892 362 2960 qnam
394 2873 532 2950 κοιλοίιιν.
580 2870 787 2940 contundunt
822 2875 930 2940 omnia
962 2873 1108 2953 serihoe,
1144 2875 1334 2961 praesertim

142 2980 178 3047 in
202 2978 354 3057 rtatono,
377 2978 433 3045 sed
454 2980 559 3045 nostri
583 2977 680 3045 ossieii
703 2988 754 3046 est
776 2981 855 3045 istos
879 2980 911 3045 in
935 2980 1082 3047 ordinem
1106 2999 1232 3065 eogere.

188 3082 228 3153 In
261 3102 332 3171 ουρ.
359 3082 395 3149 V.
423 3091 453 3151 1.
484 3105 544 3172 pro
565 3086 637 3158 τοὺς
661 3087 805 3164 κοσμίους
828 3083 985 3152 Stobnous
1008 3087 1079 3159 τοὺς
1102 3087 1256 3165 οίλκίμους
1280 3083 1335 3151 ltet-

141 3188 221 3267 hot.
246 3187 332 3277 qnod
354 3208 468 3257 rernm
490 3190 629 3258 ridetur.
677 3189 813 3257 Eosdem
839 3210 913 3257 mox
934 3191 1086 3272 ἀνδρείους
1110 3190 1259 3279 appellat.
1295 3190 1333 3256 ln

143 3298 222 3383 §2-
253 3293 365 3361 malim
387 3296 512 3364 ποίντοιν
535 3295 601 3364 ὅτι
631 3298 777 3378 χοιλεπίν
797 3299 827 3362 ἐν
846 3298 1018 3379 ἀνθρωπίνῳ
1046 3297 1106 3380 βίῳ
1128 3316 1185 3383 pro
1208 3295 1335 3363 ποίντοιν

142 3398 175 3467 εί
197 3424 254 3477 τι,
289 3418 372 3487 qnae
396 3420 460 3467 non
494 3411 582 3469 reete
616 3403 818 3490 oopntontur.
866 3402 979 3469 Ποίντιι
1008 3397 1075 3468 dre
1106 3401 1226 3467 iniuria
1257 3422 1335 3468 non·

142 3524 324 3591 numquam
347 3514 381 3573 et
404 3505 477 3573 aliis
500 3516 533 3575 et
564 3507 645 3573 mihi
676 3506 716 3574 de
747 3506 864 3574 mendo
893 3515 1081 3593 suspectum
1115 3515 1146 3573 et
1178 3505 1255 3572 alibi
1282 3527 1335 3574 oe·

142 3610 252 3677 eurrit
285 3618 319 3677 et
353 3611 438 3699 apud
471 3612 728 3700 Xenophontem.
782 3612 849 3680 Snb
880 3614 977 3680 finem
1014 3615 1032 3698 §
1066 3620 1179 3695 gratus
1211 3612 1335 3699 accipio

140 3714 333 3783 rtWeiskio
356 3718 505 3797 εὐθυμίας
530 3739 587 3805 pro
613 3720 790 3800 ἐπιθυμίαις.
839 3720 978 3805 Egregia
1008 3719 1086 3784 item
1118 3726 1167 3784 est
1198 3717 1331 3783 ieotioa

141 3818 281 3887 Sioltaeo
304 3830 431 3889 servata
463 3827 480 3909 ς
505 3830 537 3891 ὅ.
563 3831 673 3905 ψυχῆς
698 3825 757 3890 ὑπὸ
780 3825 890 3908 φόβων
922 3822 1333 3904 ποιροιπετλιιγμίνκς

140 3946 204 4015 pro
235 3930 573 4007 κιιτιιπετλιιγμένκς,
605 3929 756 3994 dementis
788 3930 875 3995 enim
911 3929 1012 3995 animi
1036 3928 1115 3994 haee
1141 3936 1333 4014 argumente

140 4050 219 4101 esse
240 4032 533 4100 reotissirnedieit.
579 4034 648 4101 Non
682 4043 731 4100 est
763 4032 905 4100 difficilis
927 4036 1015 4122 optio
1045 4036 1076 4100 in
1111 4036 1188 4119 §th
1220 4041 1331 4100 utrum

140 4140 379 4217 παρκεολουίῶν
413 4141 533 4218 λυμεὼν
555 4138 702 4218 γίγνεται
728 4159 765 4205 ao
793 4148 1065 4222 συμπαρομαρτῶν
1087 4141 1249 4219 λυμοιντίιρ
1281 4141 1335 4217 yt-

139 4264 257 4323 yrrrar
278 4244 322 4310 trit
349 4244 568 4330 Xenophontis
599 4264 724 4311 rnonus.
773 4244 862 4310 Hane
895 4245 1065 4312 lectionem
1099 4244 1193 4311 nnioe
1224 4263 1335 4311 reram

141 4346 304 4417 Sioltaetts
327 4350 477 4417 servarit.
527 4352 562 4417 Ιιι
596 4354 672 4435 §e
698 4348 746 4417 οἶοι
770 4351 873 4431 μέντοι
896 4352 939 4418 τοί
973 4352 1055 4419 τίτ’
1081 4347 1115 4425 ἦν
1142 4350 1185 4416 τοὶ
1211 4352 1335 4432 λυπιρρίι
