2940 5010
707 283 770 354 798

152 472 246 533 caute
268 465 375 530 omnia
398 470 430 530 et
450 462 684 548 circumspecte
711 461 864 548 agebant,
888 482 1048 552 namque,
1072 473 1110 531 ut
1141 467 1328 535 suavissime

151 570 241 637 addit
276 568 470 657 Xenophon:
505 569 519 632 ὃ
549 568 650 651 φόβος
681 568 774 642 δεινάς
805 568 889 636 δοκεῖ
907 569 1085 655 τυροφιίλοοξ
1112 567 1212 650 είνοιο,
1248 571 1327 658 quod

150 677 247 742 etiam
275 674 314 741 de
338 673 512 740 fortissimo
534 692 661 760 quoque
685 690 796 739 uerum
820 682 880 739 est.

194 779 331 849 difficile
354 788 404 846 est
429 799 490 844 non
513 778 680 845 subridere
702 778 742 844 ad
764 775 847 845 banc
868 781 1073 867 scripturam,
1099 781 1169 849 vti.
1196 785 1237 848 9:
1262 781 1327 860 ubi,

149 906 249 974 quum
273 885 407 951 dixisset
430 883 625 969 Xenophon:
658 888 784 964 φιλοῦσι
808 885 841 951 δέ
864 909 930 959 πυς
949 888 975 952 οἱ
1008 895 1179 968 τροτιῶτοοι
1201 883 1263 970 ίορ
1291 887 1326 954 dr

149 992 273 1064 πλείους
296 988 349 1055 dcc
373 991 505 1071 τοοοιίτορ
529 989 625 1054 πλείω
656 988 864 1069 άροοορτάνειν,
898 988 994 1056 huius
1023 992 1072 1059 rei
1095 991 1160 1059 duo
1189 992 1326 1080 exempla

149 1099 238 1183 ponit
262 1095 360 1162 haec:
393 1096 496 1176 ἢνάρ
521 1095 570 1160 ἐπὶ
599 1095 642 1160 τά
671 1095 831 1171 ἐπιτήδειον
858 1096 1087 1183 ἐπιμελείᾳ
1111 1096 1325 1165 rabanone

149 1207 166 1280 ἢ
197 1200 400 1284 πορευομένων
432 1198 552 1283 άτοοξίρο
585 1202 611 1265 οί
644 1200 702 1280 μὲν
732 1200 957 1283 προέρχονται,
990 1218 1016 1281 01
1050 1204 1077 1268 δ’
1112 1204 1325 1271 ὑπολείποντει

147 1309 241 1375 πλέον
265 1312 320 1373 τοῦ
341 1311 455 1386 κοοιροῢ.
503 1304 582 1384 Quis
604 1304 690 1371 enim
714 1304 795 1371 uidit
816 1324 971 1392 umquam
992 1306 1176 1387 ἐπιμέλειάν
1200 1309 1326 1375 invidio

145 1412 247 1500 ponii
295 1409 392 1476 Plane
415 1411 615 1476 contrarium
639 1409 835 1497 requiritur:
866 1409 918 1476 ἐπὶ
941 1412 1131 1487 τάποτνίδεοοο
1160 1416 1326 1498 άμελείρ

147 1517 387 1592 ονεδοίννυντοι,
411 1513 495 1602 quod
517 1534 536 1579 a
556 1513 698 1581 Brodaeo
717 1513 794 1582 oiim
821 1524 983 1602 repertum
1008 1518 1117 1584 ncscio
1145 1537 1212 1605 quo
1240 1528 1326 1607 paeto

146 1622 310 1709 spernitur
331 1620 371 1685 ab
398 1619 558 1686 unmibus.
606 1618 755 1698 Scribae,
779 1620 851 1699 ἐπί,
875 1629 911 1686 ut
935 1620 1058 1701 soient,
1082 1621 1211 1690 ἔναυλον
1242 1624 1326 1708 ἔχου-

145 1751 198 1800 τες
230 1726 311 1792 male
337 1725 545 1812 repetierunt.
592 1727 747 1810 Ἀροελείρο
776 1745 834 1814 pru
865 1729 1012 1807 άμελῶς,
1049 1735 1087 1793 ut
1118 1727 1241 1813 άτοξίρ
1271 1750 1325 1819 pro

144 1832 311 1908 άτοίκτυς,
335 1830 453 1896 usitato
477 1849 565 1895 more
591 1828 798 1900 dictumest.

198 1936 309 2004 diuitis
341 1934 584 2001 difficultatibus
613 1935 719 2002 adhuc
758 1937 932 2025 impeditus
962 1936 1052 2003 iocus
1080 1947 1141 2005 est.
1169 1940 1240 2009 Vll.
1267 1945 1326 2008 14:

144 2044 239 2110 κοιλίν
257 2044 301 2110 ἔτι
323 2041 378 2106 σὺν
399 2043 453 2123 θεῷ
473 2041 610 2107 nattum
629 2043 727 2108 ἔλίεΐν
750 2045 792 2118 εἷς
814 2047 870 2121 τὴν
890 2045 1045 2123 πολεμίοιν
1067 2047 1324 2125 μεμεληκίτοο

143 2147 174 2216 οί
187 2174 223 2215 τε
251 2149 411 2229 {monzei
437 2145 489 2212 ιοοο)
519 2151 577 2211 ποῦ
606 2156 662 2222 τῆς
689 2148 793 2230 χοίρους
826 2149 1107 2231 προφυλάττουσιν.
1155 2151 1323 2239 Perperam

143 2274 254 2322 omnes
286 2272 344 2339 pro
367 2250 520 2317 Codicum
551 2254 714 2339 scriptura
743 2254 1001 2334 μεμελετηκότος
1026 2254 1059 2320 οί
1075 2279 1112 2320 τε
1136 2264 1325 2343 receperunt

142 2360 301 2429 infelicem
325 2377 362 2423 ac
387 2356 508 2423 nuliius
539 2358 634 2444 pretii
664 2359 883 2427 coniecturam
914 2359 1192 2440 μεμελνκίτοο
1220 2360 1253 2427 οί
1268 2388 1323 2442 τε,

142 2484 224 2554 quae
255 2462 334 2530 nihii
363 2462 524 2548 significat
555 2471 587 2528 et
620 2483 659 2529 ne
683 2463 804 2532 Graeca
835 2466 965 2552 quidem
996 2474 1056 2532 est.
1112 2466 1256 2552 Cogitavi
1286 2467 1325 2535 de

141 2567 366 2651 μεμοίνκίτοο,
399 2565 483 2653 quod
515 2566 581 2633 iere
606 2567 690 2634 idem
719 2578 769 2636 est
793 2579 889 2656 atque
913 2571 1039 2650 είδότοο,
1063 2568 1117 2637 sed
1152 2572 1234 2638 mihi
1258 2575 1324 2661 ipse

142 2694 204 2740 nou
230 2672 404 2760 persuadeo
428 2691 445 2736 a
470 2672 678 2758 Xenophonte
706 2675 752 2741 sic
775 2673 872 2740 scribi
897 2677 1048 2761 potuisse.
1098 2676 1268 2746 Praeterea
1293 2679 1329 2745 οί

139 2806 238 2848 τε-
262 2778 531 2862 προφυλάττουσιν
556 2798 671 2843 sanum
703 2798 763 2845 non
788 2789 857 2845 est:
884 2779 963 2844 uibii
987 2782 1145 2849 attinebat
1168 2783 1254 2850 scire
1276 2784 1323 2850 τί·

140 2914 187 2962 νες
211 2890 236 2952 οί
260 2884 532 2968 προφυλάττοντες
564 2883 618 2949 sed
644 2884 730 2951 πίονι
760 2882 829 2950 είεν.
877 2884 989 2970 Itaque
1013 2886 1072 2952 hoc
1094 2890 1202 2975 ipsum
1232 2909 1320 2976 repo·

140 2993 282 3059 suerint:
317 2989 434 3055 πίοοι
467 3014 503 3054 τε
541 2991 700 3071 ἑκοοςοοχοῦ
735 2993 787 3056 κοοί
819 2996 877 3055 ποῦ
911 2998 968 3066 τῆς
998 2993 1102 3074 χώρους
1137 2995 1318 3080 προφυλάτ-

139 3122 251 3165 TOUO'W.

186 3203 343 3270 Usitatanr
384 3199 555 3266 admodum
590 3202 706 3267 Atticis
740 3200 890 3287 loquendi
921 3201 1058 3268 formam
1088 3204 1143 3270 sed
1167 3224 1185 3271 a
1209 3207 1325 3274 scribis

139 3309 325 3396 saepissime
354 3306 557 3373 obscuratam
599 3308 745 3392 suspicor
777 3307 808 3371 in
833 3307 915 3372 vlit.
943 3312 994 3372 lb.
1028 3310 1062 3373 in
1096 3309 1202 3377 lucem
1236 3333 1323 3379 nero·

66 3403 68 3407 ,
140 3414 273 3481 condam
294 3432 374 3479 esse.
421 3412 551 3477 Editur:
576 3409 650 3477 ίτοον
674 3414 730 3491 μὲν
752 3411 833 3478 ίωοιν
854 3414 904 3477 ἐπί
929 3415 1098 3488 τούτους
1122 3413 1160 3482 ὧν
1181 3419 1220 3484 άν
1243 3419 1322 3485 οίονν·

139 3544 192 3586 τοοι
212 3520 365 3601 κρείττους
389 3513 486 3591 είνοοι,
512 3527 563 3583 ct:
587 3515 660 3582 ίτοον
682 3520 708 3583 δ’
729 3518 779 3583 sut
804 3519 963 3592 τούτους
988 3516 1026 3586 ὧν
1053 3520 1092 3587 άν
1115 3529 1228 3606 σοφῶς
1256 3526 1324 3592 ἐπί·

139 3650 251 3696 τουτου
276 3623 384 3699 ίίττους
407 3623 500 3695 ὄντες.
548 3623 791 3689 Emendandum
808 3623 980 3712 utrubique
1003 3646 1136 3693 censeo:
1159 3630 1211 3694 ἐπὶ
1235 3634 1323 3705 τοὺς

139 3729 177 3797 ὧν
204 3732 267 3795 uri.
293 3729 331 3794 de
355 3749 418 3816 quo
439 3747 556 3813 genere
588 3727 714 3793 dicendi
736 3748 754 3793 a
780 3729 894 3794 scribis
926 3733 1045 3816 passim
1076 3733 1269 3819 interpolato
1291 3744 1323 3802 et

138 3837 241 3904 deieto
261 3855 363 3921 nuper
386 3833 425 3899 ad
449 3833 619 3922 Hyperidis
639 3834 732 3912 λίνον
755 3835 919 3917 ἐπιτάφιον
942 3836 1045 3903 muita
1066 3842 1232 3908 annotavi.

183 3942 250 4009 Non
275 3951 323 4007 est
358 3941 483 4025 integer
514 3940 602 4005 iocus
626 3938 708 4006 Vili.
737 3944 797 4006 14:
831 3944 857 4006 oi
881 3942 907 4005 δ’
928 3943 1041 4020 opatu
1074 3941 1162 4010 ίπποι
1186 3949 1241 4012 κοί
1271 3950 1321 4013 ἱπ·

138 4057 208 4123 πεῖς
232 4048 351 4113 δυνατοί
382 4046 435 4112 κοοί
464 4043 498 4121 ἐξ
526 4049 625 4112 αὐτῶν
655 4047 848 4129 διαφεύγειν.
895 4049 1061 4117 Excidisse
1085 4051 1240 4118 nonnulla
1271 4074 1321 4119 ar·

138 4154 242 4221 bitror
272 4161 343 4239 post
377 4150 411 4228 ἐξ
442 4154 553 4217 αὐτῶν.
603 4151 703 4218 »Boni
735 4154 806 4239 spui
828 4163 857 4219 ct
880 4157 1018 4240 equites,
1052 4157 1177 4243 inquit,
1210 4158 1259 4224 rei
1283 4178 1323 4225 ex

140 4260 218 4346 ipsis
243 4254 379 4348 effupcre
396 4258 558 4345 possunt.”
582 4256 681 4323 adde:
708 4259 758 4324 vel
776 4281 817 4324 eu
836 4261 911 4348 ι’ριοίε
936 4262 1084 4350 (bostium
1106 4264 1265 4351 mcuiiurs)
1290 4274 1322 4331 ct

138 4365 199 4432 loci
232 4367 388 4433 sententia
424 4363 593 4433 constabit.
648 4365 704 4442 Ἐξ
736 4371 835 4435 αὐτῶν
859 4374 917 4434 τῶν
950 4370 1060 4450 χειρῶν
1085 4370 1118 4435 in
1151 4370 1250 4436 simiii
1287 4391 1323 4436 re
