2940 5010
717 18 782 82 626

285 197 303 272 ἧ
325 190 603 272 διαπινομένη
628 192 797 262 Καλλέςιον
820 190 970 277 οδνδριέσι,
993 196 1104 275 θαῦμα

328 302 381 366 κού
406 298 538 380 ψευδές,
562 305 647 374 νῆςις
670 306 752 380 τρεῖς
776 300 859 382 χέας
883 298 1014 377 ἐξέπιεν.

148 407 298 474 dixerunt
323 405 457 472 Veteres
481 404 629 470 διαπίνειν
654 403 740 493 (uide
758 403 970 472 Valckenaer.
993 404 1035 471 ad
1059 402 1181 476 Herod.
1201 406 1240 474 v.
1264 408 1325 497 lt),

148 513 204 582 scu
228 512 282 578 ille
311 529 517 577 communem
546 508 696 575 omnihus
727 510 907 598 analogiam
935 520 1070 579 secutus
1090 521 1164 589 est,
1191 533 1267 581 cunr
1286 532 1326 581 ιι·

147 619 297 709 qualibus
320 615 490 694 omnihus,
522 624 559 681 ut
588 615 711 701 opinor.
761 616 815 683 Sic
848 617 1036 685 Athenaeus
1063 638 1104 685 ex
1136 620 1251 701 δρισιῑν
1277 618 1328 685 lor·

148 727 249 793 inavit
273 725 465 806 διαριςῖισύαι
490 743 547 809 pro
578 724 621 804 τῷ
645 723 756 804 αριςῖιν
779 725 1007 803 διαμιλλᾶσθαι
1032 744 1063 812 p.
1084 728 1154 791 412
1178 724 1216 792 F.
1262 736 1328 793 Διο·

148 832 364 901 πολιτεύεσθαι
388 829 465 916 quill
490 831 552 905 sit,
579 848 680 915 quum
693 821 927 916 Harpocration
948 829 1031 897 male
1049 830 1270 919 explicuerit,
1290 831 1328 898 iu

148 948 204 1007 rut
239 936 278 1004 ad
302 936 385 1002 hanc
419 936 524 1001 lucem
556 933 673 1001 melius
697 934 879 1021 explicare:
903 936 1104 1023 comparauit
1126 937 1220 1003 cuim
1252 938 1282 1003 is
1304 954 1326 1001 r.

149 1043 345 1125 Διαγορεύων
372 1042 559 1122 διαγορεύειν
582 1078 627 1090 -
650 1042 882 1123 συναγορεύειν,
907 1042 1095 1125 διαφέρομαι
1114 1081 1163 1095 -
1185 1044 1327 1127 συμφέρν

148 1176 230 1231 μαι,
254 1151 419 1230 διαφωνεῖν
444 1188 487 1199 -
508 1153 687 1229 συμφωνεῖν
709 1154 743 1212 el
765 1146 1022 1227 διαπολιτεύομαι
1042 1184 1089 1199 -·
1111 1148 1327 1229 συμπολιτεύι·

146 1280 230 1336 μαι,
263 1274 401 1341 quorum
434 1254 578 1318 omnium
609 1250 742 1318 eandem
768 1253 928 1319 rationem
955 1271 1026 1319 csso
1054 1254 1244 1322 contendit:
1275 1256 1327 1323 διι·

146 1361 278 1443 γορεύων
308 1380 377 1426 esse
400 1359 534 1440 διύφορα
567 1359 619 1424 καὶ
643 1360 677 1425 ού
708 1359 752 1424 τοδ
782 1359 868 1424 αὐτοὶ
900 1359 1026 1439 λέγων,
1057 1361 1171 1447 itaquo
1202 1360 1326 1427 διαπολι-

145 1469 277 1545 τεύομαι
302 1486 370 1532 esse
393 1465 528 1547 διοέφορα
552 1466 604 1530 καὶ
629 1467 662 1531 ού
686 1465 729 1531 acl
761 1464 847 1531 αύτοδ
882 1466 1098 1544 πολιτεύομαι.
1147 1466 1259 1533 Attice
1279 1466 1325 1533 hot

146 1571 269 1640 dicitur
291 1580 347 1648 τῆς
371 1571 531 1643 πολιτείας
555 1570 588 1634 ού
613 1571 669 1645 τὴν
693 1573 791 1646 αὐτην
815 1573 986 1653 προαίρεσιν
1016 1570 1126 1654 ἔχειν,
1152 1571 1211 1639 seul
1234 1574 1325 1658 grati·

147 1686 197 1746 ter
225 1677 465 1745 Grammaticus
497 1674 643 1753 lallitur,
676 1694 791 1761 nempe
818 1677 844 1741 ol
868 1679 923 1752 rhu
954 1678 1053 1753 αὐτην
1085 1685 1144 1753 τῆς
1176 1680 1324 1751 πολιτεέαι

144 1785 316 1867 προαίρεσιν
337 1783 464 1867 ἔχοντες
485 1782 642 1848 licuntur
661 1780 954 1859 διαπολιτεύεσύαι,
980 1782 1037 1868 qui
1053 1782 1246 1851 earumdem
1264 1804 1324 1872 pal·-

144 1892 227 1958 tium
252 1898 329 1955 sunt
361 1891 394 1955 iu
422 1907 488 1974 rep.
519 1885 558 1951 de
585 1884 764 1972 principatu
795 1896 913 1952 certant
934 1888 1017 1953 inter
1045 1911 1078 1955 sc
1101 1888 1247 1957 aemulia
1279 1891 1324 1976 qui

145 1994 289 2062 diversas
326 2003 435 2081 partes
468 1998 651 2078 sequuntur
686 1989 842 2057 dicuutur
876 1993 1179 2061 αντιπιλισεύεσθαι.
1237 1994 1323 2062 hiulto

143 2103 240 2169 etiam
265 2100 397 2185 gravius
430 2098 574 2184 peccavit
597 2097 789 2163 Ammonius
812 2096 852 2163 de
875 2098 912 2164 ll.
934 2097 971 2165 V.
1004 2118 1035 2185 p.
1056 2102 1111 2167 tt.
1146 2099 1203 2187 qul
1228 2101 1322 2168 διατι·

141 2207 317 2273 λισεύεσύαι
344 2203 407 2268 dici
434 2210 545 2268 narrat
574 2203 645 2277 τοὺς
675 2203 710 2269 έα
732 2212 789 2279 τῆς
813 2206 912 2280 αὐτῆς
945 2203 1065 2279 πόλεως
1073 2254 1084 2285 ,
1116 2206 1321 2275 ἀντιπολιτεύ-

142 2315 228 2378 εσύαι
252 2313 283 2377 δέ
307 2311 377 2382 τοὺς
402 2307 437 2385 έξ
460 2307 589 2388 ἑτέρας,
618 2307 702 2394 quod
736 2327 833 2394 quam
866 2307 959 2374 lutilc
988 2320 1211 2378 commentum
1237 2314 1322 2381 silel

143 2417 236 2506 plane
267 2413 444 2481 absurdum
478 2413 701 2499 unusquisque
733 2413 830 2479 vitiet.
879 2414 1109 2482 Demosthenes
1141 2426 1175 2483 et
1200 2418 1321 2508 Hyperi·

142 2524 218 2601 tes,
244 2528 279 2587 ut
310 2519 371 2584 hoc
396 2529 490 2596 utar,
514 2518 775 2596 lucrementum,
806 2518 945 2585 Phocion
968 2529 1000 2586 cl
1026 2522 1259 2591 Demosthenes
1279 2526 1321 2591 ch·

140 2628 384 2698 τεπολιτεύσντο.
432 2623 514 2689 Hinc
539 2624 669 2689 deinum
700 2634 788 2690 recte
823 2624 1018 2712 intelligitur
1041 2628 1131 2695 locus
1162 2630 1320 2697 Aeschinis

143 2738 175 2802 iu
195 2733 335 2820 Ctesiph.
361 2752 391 2818 p.
413 2734 467 2797 81.
492 2731 667 2814 ἐγράφοντο
691 2731 755 2812 γαρ
779 2732 936 2808 ἀλλήλους
961 2735 1148 2816 παρανόμων
1183 2741 1218 2805 ού
1241 2738 1320 2817 μένον

139 2844 165 2910 οἱ
181 2838 463 2918 διαπολιτευόμενοι
483 2837 572 2903 οὶλλοὶ
592 2838 645 2903 καὶ
670 2838 697 2903 οἱ
717 2838 804 2921 φίλοι
828 2838 898 2912 τοὺς
921 2840 1056 2923 φίλους,
1080 2843 1224 2909 aemulos
1245 2844 1319 2911 euim

139 2949 219 3016 olcit
244 2949 277 3013 iu
301 2964 391 3031 rep,
416 2964 477 3010 non
503 2943 708 3010 adversarios.

192 3052 298 3120 Redeo
334 3069 420 3116 nunc
453 3049 493 3115 ad
531 3051 674 3128 οὶπειλῶ,
710 3048 919 3136 quauuohrem
956 3050 1039 3116 hanc
1072 3049 1319 3119 observationem

140 3176 394 3226 commemorare
416 3156 552 3221 institui.
592 3154 746 3222 llicehaut
769 3175 881 3222 omncs
902 3166 1090 3223 constanter
1112 3160 1252 3235 οὶπειλῶ,
1274 3155 1319 3224 nell

140 3263 251 3330 cadem
276 3262 456 3327 constantia
480 3282 591 3327 omncs
615 3262 836 3341 trecenarium
862 3261 1032 3328 dicebaut:
1058 3263 1143 3348 quoti
1168 3284 1270 3350 quum
1293 3269 1319 3329 el

140 3391 179 3436 cx
203 3368 348 3453 annalogia
371 3375 403 3432 ct
422 3368 567 3433 oruuuium
595 3388 655 3432 usu
678 3368 896 3433 certissimum
920 3387 990 3432 csse
1019 3370 1219 3455 compereris
1242 3376 1320 3437 certe

140 3474 365 3544 cnenuaucnc
397 3482 429 3538 et
463 3472 631 3538 Aeschinis
663 3471 768 3538 locum
792 3484 823 3540 et
855 3473 969 3562 Lysiae
1004 3493 1132 3540 mecum
1166 3476 1317 3542 restitues.

138 3579 312 3649 Aeschinis
333 3578 422 3643 locus
445 3586 495 3643 est
518 3576 691 3642 mendosus
724 3579 756 3643 in
789 3579 882 3644 Falsa
911 3580 1020 3664 Legat.
1049 3582 1068 3665 §
1096 3584 1169 3647 156.
1202 3582 1256 3647 καὶ
1278 3604 1317 3647 τι·

138 3694 307 3760 λευτῶντες
331 3684 523 3767 προσέκρουον
556 3687 695 3767 φανερῶς
720 3685 750 3749 ἕν
780 3686 959 3769 Μακεδονία
996 3686 1048 3751 καὶ
1085 3686 1317 3760 διηπείλουν

137 3803 220 3867 τοῖς
244 3800 303 3858 τῶν
336 3792 482 3871 Θηβαίων
511 3789 700 3870 πρέσβεσιν,
727 3788 781 3854 uhi
804 3790 877 3875 quis
900 3802 1056 3877 puuctum
1084 3794 1242 3879 temporis
1269 3790 1316 3857 du·

140 3899 255 3966 bitahit
279 3899 577 3973 διηπειλοῦντο,
597 3904 661 3968 τοῖς
686 3932 729 3944 -
753 3897 921 3977 πρέσβεσιν
952 3897 1133 3984 reponere?
1185 3897 1318 3986 Sequens

137 4014 260 4080 ΤΟΙΣ,
286 4011 321 4069 ut
345 4004 466 4090 passim
489 4000 583 4074 alibi,
611 4000 853 4086 praecedentem
878 4003 1034 4092 syllabam
1064 4014 1125 4070 TO
1155 4004 1317 4093 ahsorpsit.

139 4110 293 4195 Compara
316 4108 422 4176 locutu
448 4126 485 4175 ex
512 4105 702 4175 Timarchea
737 4110 754 4193 §
782 4115 836 4180 45.
872 4111 1269 4191 διαπειλησαμένου
1293 4106 1319 4177 δέ
