<?xml version="1.0" encoding="UTF-8"?>
<!DOCTYPE html PUBLIC "-//W3C//DTD XHTML 1.0 Transitional//EN"
    "http://www.w3.org/TR/xhtml1/DTD/xhtml1-transitional.dtd">
<html xmlns="http://www.w3.org/1999/xhtml" xml:lang="en" lang="en">
 <head>
  <title>
</title>
<meta http-equiv="Content-Type" content="text/html;charset=utf-8" />
  <meta name='ocr-system' content='tesseract 3.04.00' />
  <meta name='ocr-capabilities' content='ocr_page ocr_carea ocr_par ocr_line ocrx_word'/>
</head>
<body>
  <div class='ocr_page' id='page_1' title='image "./novaelectionesq00cobegoog/novaelectionesq00cobegoog_0612.png"; bbox 0 0 2940 5010; ppageno 0'>
   <div class='ocr_carea' id='block_1_1' title="bbox 709 286 771 347">
    <p class='ocr_par' dir='ltr' id='par_1_1' title="bbox 709 286 771 347">
     <span class='ocr_line' id='line_1_1' title="bbox 709 286 771 347; baseline 0 0"><span class='ocrx_word' id='word_1_1' title='bbox 709 286 771 347; x_wconf 79' lang='grc'><strong>577</strong></span> 
     </span>
    </p>
   </div>
   <div class='ocr_carea' id='block_1_2' title="bbox 149 453 1343 1077">
    <p class='ocr_par' dir='ltr' id='par_1_2' title="bbox 149 453 1343 1077">
     <span class='ocr_line' id='line_1_2' title="bbox 149 453 1342 551; baseline -0.002 -22"><span class='ocrx_word' id='word_1_2' title='bbox 149 468 260 551; x_wconf 85' lang='lat' dir='ltr'><strong>potest</strong></span> <span class='ocrx_word' id='word_1_3' title='bbox 282 458 367 549; x_wconf 75' lang='lat' dir='ltr'><strong>opud</strong></span> <span class='ocrx_word' id='word_1_4' title='bbox 393 456 584 525; x_wconf 75' lang='lat' dir='ltr'><strong>Aeschinem</strong></span> <span class='ocrx_word' id='word_1_5' title='bbox 610 457 642 521; x_wconf 91' lang='lat' dir='ltr'><strong>iu</strong></span> <span class='ocrx_word' id='word_1_6' title='bbox 666 455 856 522; x_wconf 80' lang='lat' dir='ltr'><strong>&#39;l&#39;innarchca</strong></span> <span class='ocrx_word' id='word_1_7' title='bbox 887 458 905 541; x_wconf 84' lang='lat'>§</span> <span class='ocrx_word' id='word_1_8' title='bbox 930 460 961 523; x_wconf 82' lang='lat' dir='ltr'><strong>li.</strong></span> <span class='ocrx_word' id='word_1_9' title='bbox 981 453 1056 522; x_wconf 84' lang='grc' dir='ltr'><strong><em>ύταν</em></strong></span> <span class='ocrx_word' id='word_1_10' title='bbox 1076 457 1121 535; x_wconf 66' lang='grc' dir='ltr'><strong><em>μὴ</em></strong></span> <span class='ocrx_word' id='word_1_11' title='bbox 1141 460 1342 535; x_wconf 68' lang='grc' dir='ltr'><strong>καταλύησθε</strong></span> 
     </span>
     <span class='ocr_line' id='line_1_3' title="bbox 149 561 1342 646; baseline -0.003 -10"><span class='ocrx_word' id='word_1_12' title='bbox 149 568 213 635; x_wconf 68' lang='lat' dir='ltr'><strong>orl</strong></span> <span class='ocrx_word' id='word_1_13' title='bbox 235 570 296 635; x_wconf 91' lang='grc' dir='ltr'><strong>τῶν</strong></span> <span class='ocrx_word' id='word_1_14' title='bbox 318 562 574 646; x_wconf 73' lang='grc' dir='ltr'><strong><em>παρανομούντων</em></strong></span> <span class='ocrx_word' id='word_1_15' title='bbox 607 563 660 628; x_wconf 81' lang='grc' dir='ltr'><strong>καὶ</strong></span> <span class='ocrx_word' id='word_1_16' title='bbox 692 565 837 641; x_wconf 82' lang='grc' dir='ltr'><strong><em>ύσελγῶς</em></strong></span> <span class='ocrx_word' id='word_1_17' title='bbox 868 561 1065 640; x_wconf 73' lang='grc' dir='ltr'><strong><em>βιούντων</em></strong></span> <span class='ocrx_word' id='word_1_18' title='bbox 1094 581 1156 629; x_wconf 89' lang='lat' dir='ltr'><strong>non</strong></span> <span class='ocrx_word' id='word_1_19' title='bbox 1190 566 1342 633; x_wconf 87' lang='lat' dir='ltr'><strong>essehoc</strong></span> 
     </span>
     <span class='ocr_line' id='line_1_4' title="bbox 150 665 1343 763; baseline -0.003 -22"><span class='ocrx_word' id='word_1_20' title='bbox 150 672 363 763; x_wconf 76' lang='lat' dir='ltr'><strong>participium</strong></span> <span class='ocrx_word' id='word_1_21' title='bbox 394 670 536 758; x_wconf 92' lang='lat' dir='ltr'><strong>positum</strong></span> <span class='ocrx_word' id='word_1_22' title='bbox 568 688 627 756; x_wconf 90' lang='lat' dir='ltr'><strong>pro</strong></span> <span class='ocrx_word' id='word_1_23' title='bbox 657 668 774 750; x_wconf 78' lang='grc' dir='ltr'><strong><em>ζώντων</em></strong></span> <span class='ocrx_word' id='word_1_24' title='bbox 803 666 859 734; x_wconf 91' lang='lat' dir='ltr'><strong>sed</strong></span> <span class='ocrx_word' id='word_1_25' title='bbox 884 687 941 754; x_wconf 91' lang='lat' dir='ltr'><strong>pro</strong></span> <span class='ocrx_word' id='word_1_26' title='bbox 970 665 1138 750; x_wconf 78' lang='grc' dir='ltr'><strong><em>ζητούντων.</em></strong></span> <span class='ocrx_word' id='word_1_27' title='bbox 1186 668 1265 751; x_wconf 81' lang='lat' dir='ltr'><strong>Quis</strong></span> <span class='ocrx_word' id='word_1_28' title='bbox 1293 679 1343 738; x_wconf 91' lang='lat' dir='ltr'><strong>est</strong></span> 
     </span>
     <span class='ocr_line' id='line_1_5' title="bbox 152 774 1343 863; baseline -0.003 -16"><span class='ocrx_word' id='word_1_29' title='bbox 152 776 271 847; x_wconf 85' lang='lat' dir='ltr'><strong>talium</strong></span> <span class='ocrx_word' id='word_1_30' title='bbox 303 794 414 844; x_wconf 89' lang='lat' dir='ltr'><strong>rerum</strong></span> <span class='ocrx_word' id='word_1_31' title='bbox 446 776 569 863; x_wconf 89' lang='lat' dir='ltr'><strong>peritus</strong></span> <span class='ocrx_word' id='word_1_32' title='bbox 602 775 659 862; x_wconf 88' lang='lat' dir='ltr'><strong>qni</strong></span> <span class='ocrx_word' id='word_1_33' title='bbox 690 775 774 840; x_wconf 90' lang='lat' dir='ltr'><strong>serio</strong></span> <span class='ocrx_word' id='word_1_34' title='bbox 806 774 918 841; x_wconf 90' lang='lat' dir='ltr'><strong>credat</strong></span> <span class='ocrx_word' id='word_1_35' title='bbox 946 776 1091 852; x_wconf 72' lang='grc' dir='ltr'><strong><em>ἀσελγῶς</em></strong></span> <span class='ocrx_word' id='word_1_36' title='bbox 1124 775 1192 854; x_wconf 77' lang='grc' dir='ltr'><strong><em>βιοῖ</em></strong></span> <span class='ocrx_word' id='word_1_37' title='bbox 1220 797 1277 863; x_wconf 91' lang='lat' dir='ltr'><strong>pro</strong></span> <span class='ocrx_word' id='word_1_38' title='bbox 1305 779 1343 863; x_wconf 76' lang='grc' dir='ltr'><strong>ζῇ</strong></span> 
     </span>
     <span class='ocr_line' id='line_1_6' title="bbox 150 878 1342 969; baseline -0.001 -18"><span class='ocrx_word' id='word_1_39' title='bbox 150 882 262 951; x_wconf 76' lang='lat' dir='ltr'><strong>Attice</strong></span> <span class='ocrx_word' id='word_1_40' title='bbox 295 880 360 948; x_wconf 92' lang='lat' dir='ltr'><strong>dici</strong></span> <span class='ocrx_word' id='word_1_41' title='bbox 390 880 506 969; x_wconf 83' lang='lat' dir='ltr'><strong>posse?</strong></span> <span class='ocrx_word' id='word_1_42' title='bbox 555 880 637 947; x_wconf 90' lang='lat' dir='ltr'><strong>llinc</strong></span> <span class='ocrx_word' id='word_1_43' title='bbox 662 878 755 945; x_wconf 90' lang='lat' dir='ltr'><strong>lacile</strong></span> <span class='ocrx_word' id='word_1_44' title='bbox 786 886 920 966; x_wconf 85' lang='lat' dir='ltr'><strong>apparet</strong></span> <span class='ocrx_word' id='word_1_45' title='bbox 950 899 1048 965; x_wconf 86' lang='lat' dir='ltr'><strong>qnam</strong></span> <span class='ocrx_word' id='word_1_46' title='bbox 1072 878 1246 948; x_wconf 74' lang='lat' dir='ltr'><strong>infeliciter</strong></span> <span class='ocrx_word' id='word_1_47' title='bbox 1271 882 1342 950; x_wconf 88' lang='lat' dir='ltr'><strong>Ste-</strong></span> 
     </span>
     <span class='ocr_line' id='line_1_7' title="bbox 151 984 1341 1077; baseline 0.002 -24"><span class='ocrx_word' id='word_1_48' title='bbox 151 986 281 1077; x_wconf 87' lang='lat' dir='ltr'><strong>phanus</strong></span> <span class='ocrx_word' id='word_1_49' title='bbox 303 986 477 1054; x_wconf 83' lang='lat' dir='ltr'><strong>tentaverit</strong></span> <span class='ocrx_word' id='word_1_50' title='bbox 500 984 606 1053; x_wconf 86' lang='lat' dir='ltr'><strong>locum</strong></span> <span class='ocrx_word' id='word_1_51' title='bbox 639 985 753 1074; x_wconf 71' lang='lat' dir='ltr'><strong>Lysiae</strong></span> <span class='ocrx_word' id='word_1_52' title='bbox 776 985 828 1050; x_wconf 90' lang='lat' dir='ltr'><strong>Vl.</strong></span> <span class='ocrx_word' id='word_1_53' title='bbox 854 989 908 1051; x_wconf 86' lang='lat'><strong>51.</strong></span> <span class='ocrx_word' id='word_1_54' title='bbox 939 987 1025 1051; x_wconf 80' lang='grc' dir='ltr'><strong><em>τοῦτ’</em></strong></span> <span class='ocrx_word' id='word_1_55' title='bbox 1055 984 1158 1054; x_wconf 75' lang='grc' dir='ltr'><strong><em>ἔτιτὸ</em></strong></span> <span class='ocrx_word' id='word_1_56' title='bbox 1190 987 1243 1053; x_wconf 76' lang='grc' dir='ltr'><strong>τὸν</strong></span> <span class='ocrx_word' id='word_1_57' title='bbox 1272 989 1341 1068; x_wconf 74' lang='grc' dir='ltr'><strong><em>βίον</em></strong></span> 
     </span>
    </p>
   </div>
   <div class='ocr_carea' id='block_1_3' title="bbox 138 1089 1341 4453">
    <p class='ocr_par' dir='ltr' id='par_1_3' title="bbox 148 1089 1340 1595">
     <span class='ocr_line' id='line_1_8' title="bbox 150 1089 1340 1179; baseline -0.003 -17"><span class='ocrx_word' id='word_1_58' title='bbox 150 1094 311 1175; x_wconf 70' lang='grc' dir='ltr'><strong><em>ἀβίωτον,</em></strong></span> <span class='ocrx_word' id='word_1_59' title='bbox 346 1110 504 1178; x_wconf 91' lang='lat' dir='ltr'><strong>reponens</strong></span> <span class='ocrx_word' id='word_1_60' title='bbox 528 1096 564 1159; x_wconf 85' lang='grc' dir='ltr'><strong>τὸ</strong></span> <span class='ocrx_word' id='word_1_61' title='bbox 586 1093 638 1159; x_wconf 84' lang='grc' dir='ltr'><strong>τὸν</strong></span> <span class='ocrx_word' id='word_1_62' title='bbox 672 1091 740 1172; x_wconf 82' lang='grc' dir='ltr'><strong><em>βίον</em></strong></span> <span class='ocrx_word' id='word_1_63' title='bbox 774 1089 885 1179; x_wconf 82' lang='grc' dir='ltr'><strong><em>(βιοῦν)</em></strong></span> <span class='ocrx_word' id='word_1_64' title='bbox 914 1090 1071 1169; x_wconf 71' lang='grc' dir='ltr'><strong><em>ἀβίωτον,</em></strong></span> <span class='ocrx_word' id='word_1_65' title='bbox 1106 1090 1190 1177; x_wconf 86' lang='lat' dir='ltr'><strong>quod</strong></span> <span class='ocrx_word' id='word_1_66' title='bbox 1224 1092 1340 1159; x_wconf 90' lang='lat' dir='ltr'><strong>nollem</strong></span> 
     </span>
     <span class='ocr_line' id='line_1_9' title="bbox 150 1194 1339 1284; baseline 0 -18"><span class='ocrx_word' id='word_1_67' title='bbox 150 1196 304 1267; x_wconf 79' lang='lat' dir='ltr'><strong>Editores</strong></span> <span class='ocrx_word' id='word_1_68' title='bbox 336 1198 544 1284; x_wconf 79' lang='lat' dir='ltr'><strong>recepissent.</strong></span> <span class='ocrx_word' id='word_1_69' title='bbox 591 1195 705 1265; x_wconf 90' lang='lat' dir='ltr'><strong>hlelius</strong></span> <span class='ocrx_word' id='word_1_70' title='bbox 728 1197 885 1282; x_wconf 82' lang='lat' dir='ltr'><strong>recipient</strong></span> <span class='ocrx_word' id='word_1_71' title='bbox 916 1197 953 1262; x_wconf 78' lang='grc' dir='ltr'><strong>τὸ</strong></span> <span class='ocrx_word' id='word_1_72' title='bbox 987 1194 1053 1278; x_wconf 78' lang='grc' dir='ltr'><strong><em>ζῆν</em></strong></span> <span class='ocrx_word' id='word_1_73' title='bbox 1083 1196 1153 1276; x_wconf 75' lang='grc' dir='ltr'><strong><em>βίον</em></strong></span> <span class='ocrx_word' id='word_1_74' title='bbox 1185 1198 1339 1277; x_wconf 68' lang='grc' dir='ltr'><strong><em>ἀβίωτον,</em></strong></span> 
     </span>
     <span class='ocr_line' id='line_1_10' title="bbox 150 1299 1340 1388; baseline 0 -17"><span class='ocrx_word' id='word_1_75' title='bbox 150 1302 264 1371; x_wconf 79' lang='lat' dir='ltr'><strong>nullus</strong></span> <span class='ocrx_word' id='word_1_76' title='bbox 286 1303 374 1371; x_wconf 89' lang='lat' dir='ltr'><strong>enim</strong></span> <span class='ocrx_word' id='word_1_77' title='bbox 405 1302 543 1369; x_wconf 86' lang='lat' dir='ltr'><strong>artictdo</strong></span> <span class='ocrx_word' id='word_1_78' title='bbox 566 1303 619 1370; x_wconf 85' lang='grc' dir='ltr'><strong>τύν</strong></span> <span class='ocrx_word' id='word_1_79' title='bbox 643 1302 732 1370; x_wconf 92' lang='lat' dir='ltr'><strong>locus</strong></span> <span class='ocrx_word' id='word_1_80' title='bbox 755 1310 815 1369; x_wconf 90' lang='lat' dir='ltr'><strong>est.</strong></span> <span class='ocrx_word' id='word_1_81' title='bbox 863 1299 1028 1369; x_wconf 87' lang='lat' dir='ltr'><strong>Philemon</strong></span> <span class='ocrx_word' id='word_1_82' title='bbox 1052 1300 1138 1388; x_wconf 89' lang='lat' dir='ltr'><strong>apud</strong></span> <span class='ocrx_word' id='word_1_83' title='bbox 1167 1301 1340 1371; x_wconf 89' lang='lat' dir='ltr'><strong>Stohaeum</strong></span> 
     </span>
     <span class='ocr_line' id='line_1_11' title="bbox 148 1408 503 1477; baseline -0.014 0"><span class='ocrx_word' id='word_1_84' title='bbox 148 1408 260 1477; x_wconf 79' lang='lat' dir='ltr'><strong>Ploril.</strong></span> <span class='ocrx_word' id='word_1_85' title='bbox 286 1408 424 1476; x_wconf 79' lang='lat' dir='ltr'><strong>xcvlll.</strong></span> <span class='ocrx_word' id='word_1_86' title='bbox 451 1413 503 1474; x_wconf 83' lang='lat' dir='ltr'><strong>ll.</strong></span> 
     </span>
     <span class='ocr_line' id='line_1_12' title="bbox 336 1510 1041 1595; baseline -0.003 -14"><span class='ocrx_word' id='word_1_87' title='bbox 336 1517 425 1595; x_wconf 72' lang='grc' dir='ltr'><strong><em>ἡμεῖς</em></strong></span> <span class='ocrx_word' id='word_1_88' title='bbox 449 1514 476 1579; x_wconf 76' lang='grc' dir='ltr'><strong>δ’</strong></span> <span class='ocrx_word' id='word_1_89' title='bbox 499 1513 634 1592; x_wconf 79' lang='grc' dir='ltr'><strong><em>ύβύωτον</em></strong></span> <span class='ocrx_word' id='word_1_90' title='bbox 657 1512 757 1595; x_wconf 82' lang='grc' dir='ltr'><strong><em>ζῶμεν</em></strong></span> <span class='ocrx_word' id='word_1_91' title='bbox 782 1510 928 1594; x_wconf 79' lang='grc' dir='ltr'><strong><em>ῶνύρωτοι</em></strong></span> <span class='ocrx_word' id='word_1_92' title='bbox 951 1512 1041 1592; x_wconf 73' lang='grc' dir='ltr'><strong><em>βίον,</em></strong></span> 
     </span>
    </p>

    <p class='ocr_par' dir='ltr' id='par_1_4' title="bbox 141 1616 1341 3499">
     <span class='ocr_line' id='line_1_13' title="bbox 149 1616 1341 1702; baseline 0.001 -15"><span class='ocrx_word' id='word_1_93' title='bbox 149 1620 206 1691; x_wconf 87' lang='lat' dir='ltr'><strong>cni</strong></span> <span class='ocrx_word' id='word_1_94' title='bbox 239 1618 339 1688; x_wconf 82' lang='lat' dir='ltr'><strong>redde</strong></span> <span class='ocrx_word' id='word_1_95' title='bbox 371 1616 539 1701; x_wconf 77' lang='lat' dir='ltr'><strong>o‘c&#39;elponot,</strong></span> <span class='ocrx_word' id='word_1_96' title='bbox 573 1638 646 1684; x_wconf 87' lang='lat' dir='ltr'><strong>nam</strong></span> <span class='ocrx_word' id='word_1_97' title='bbox 679 1618 837 1685; x_wconf 86' lang='lat' dir='ltr'><strong>Graecum</strong></span> <span class='ocrx_word' id='word_1_98' title='bbox 869 1626 918 1684; x_wconf 84' lang='lat' dir='ltr'><strong>est</strong></span> <span class='ocrx_word' id='word_1_99' title='bbox 942 1621 1032 1699; x_wconf 75' lang='grc' dir='ltr'><strong><em>ἡμεῖς</em></strong></span> <span class='ocrx_word' id='word_1_100' title='bbox 1054 1620 1080 1685; x_wconf 86' lang='lat' dir='ltr'><strong>ol</strong></span> <span class='ocrx_word' id='word_1_101' title='bbox 1103 1618 1272 1702; x_wconf 78' lang='grc' dir='ltr'><strong><em>ύνύρωτοι,</em></strong></span> <span class='ocrx_word' id='word_1_102' title='bbox 1303 1630 1341 1688; x_wconf 87' lang='lat' dir='ltr'><strong>ut</strong></span> 
     </span>
     <span class='ocr_line' id='line_1_14' title="bbox 148 1723 1341 1816; baseline -0.001 -21"><span class='ocrx_word' id='word_1_103' title='bbox 148 1724 279 1816; x_wconf 86' lang='lat' dir='ltr'><strong>opinor.</strong></span> <span class='ocrx_word' id='word_1_104' title='bbox 326 1723 436 1793; x_wconf 89' lang='lat' dir='ltr'><strong>Solent</strong></span> <span class='ocrx_word' id='word_1_105' title='bbox 461 1731 570 1790; x_wconf 90' lang='lat' dir='ltr'><strong>autem</strong></span> <span class='ocrx_word' id='word_1_106' title='bbox 603 1724 785 1810; x_wconf 85' lang='lat' dir='ltr'><strong>promiscue</strong></span> <span class='ocrx_word' id='word_1_107' title='bbox 814 1725 890 1811; x_wconf 88' lang='lat' dir='ltr'><strong>poni</strong></span> <span class='ocrx_word' id='word_1_108' title='bbox 913 1723 1001 1802; x_wconf 84' lang='grc' dir='ltr'><strong><em>βιούς</em></strong></span> <span class='ocrx_word' id='word_1_109' title='bbox 1032 1732 1064 1792; x_wconf 88' lang='lat' dir='ltr'><strong>et</strong></span> <span class='ocrx_word' id='word_1_110' title='bbox 1089 1726 1272 1806; x_wconf 75' lang='grc' dir='ltr'><strong><em>βεβιωκώς,</em></strong></span> <span class='ocrx_word' id='word_1_111' title='bbox 1304 1735 1341 1794; x_wconf 92' lang='lat' dir='ltr'><strong>ut</strong></span> 
     </span>
     <span class='ocr_line' id='line_1_15' title="bbox 145 1830 1339 1912; baseline -0.001 -13"><span class='ocrx_word' id='word_1_112' title='bbox 145 1832 344 1909; x_wconf 76' lang='grc' dir='ltr'><strong><em>τελοντύτας</em></strong></span> <span class='ocrx_word' id='word_1_113' title='bbox 372 1837 405 1897; x_wconf 83' lang='lat' dir='ltr'><strong>et</strong></span> <span class='ocrx_word' id='word_1_114' title='bbox 432 1830 672 1906; x_wconf 75' lang='grc' dir='ltr'><strong><em>τετελευτηκώς.</em></strong></span> <span class='ocrx_word' id='word_1_115' title='bbox 719 1832 863 1912; x_wconf 73' lang='grc' dir='ltr'><strong><em>Αἰσχρῶς</em></strong></span> <span class='ocrx_word' id='word_1_116' title='bbox 893 1830 1054 1911; x_wconf 76' lang='grc' dir='ltr'><strong><em>βεβιωκώς</em></strong></span> <span class='ocrx_word' id='word_1_117' title='bbox 1079 1832 1112 1897; x_wconf 89' lang='lat' dir='ltr'><strong>in</strong></span> <span class='ocrx_word' id='word_1_118' title='bbox 1145 1852 1182 1899; x_wconf 82' lang='lat' dir='ltr'><strong>re</strong></span> <span class='ocrx_word' id='word_1_119' title='bbox 1214 1833 1339 1899; x_wconf 82' lang='lat' dir='ltr'><strong>similli-</strong></span> 
     </span>
     <span class='ocr_line' id='line_1_16' title="bbox 146 1934 1338 2026; baseline -0.001 -21"><span class='ocrx_word' id='word_1_120' title='bbox 146 1954 205 2005; x_wconf 83' lang='lat' dir='ltr'><strong>ma</strong></span> <span class='ocrx_word' id='word_1_121' title='bbox 234 1934 317 2003; x_wconf 84' lang='lat' dir='ltr'><strong>dixit</strong></span> <span class='ocrx_word' id='word_1_122' title='bbox 348 1934 524 2003; x_wconf 77' lang='lat' dir='ltr'><strong>Aeschines</strong></span> <span class='ocrx_word' id='word_1_123' title='bbox 556 1936 589 2001; x_wconf 94' lang='lat' dir='ltr'><strong>in</strong></span> <span class='ocrx_word' id='word_1_124' title='bbox 622 1935 812 2002; x_wconf 85' lang='lat' dir='ltr'><strong>Timarchea</strong></span> <span class='ocrx_word' id='word_1_125' title='bbox 843 1939 861 2022; x_wconf 86' lang='lat'>§</span> <span class='ocrx_word' id='word_1_126' title='bbox 889 1940 921 2003; x_wconf 87' lang='grc'><strong>5.</strong></span> <span class='ocrx_word' id='word_1_127' title='bbox 971 1934 1059 2003; x_wconf 87' lang='lat' dir='ltr'><strong>Idem</strong></span> <span class='ocrx_word' id='word_1_128' title='bbox 1089 1936 1121 2002; x_wconf 94' lang='lat' dir='ltr'><strong>iu</strong></span> <span class='ocrx_word' id='word_1_129' title='bbox 1152 1937 1338 2026; x_wconf 85' lang='lat' dir='ltr'><strong>Ctesiphon·</strong></span> 
     </span>
     <span class='ocr_line' id='line_1_17' title="bbox 145 2039 1337 2129; baseline -0.002 -18"><span class='ocrx_word' id='word_1_130' title='bbox 145 2048 203 2111; x_wconf 67' lang='lat' dir='ltr'><strong>hott</strong></span> <span class='ocrx_word' id='word_1_131' title='bbox 232 2043 252 2129; x_wconf 86' lang='lat'><em>§</em></span> <span class='ocrx_word' id='word_1_132' title='bbox 279 2045 354 2109; x_wconf 77' lang='lat' dir='ltr'><strong>l&#39;ld.</strong></span> <span class='ocrx_word' id='word_1_133' title='bbox 388 2040 556 2107; x_wconf 79' lang='lat' dir='ltr'><strong>coniunxit</strong></span> <span class='ocrx_word' id='word_1_134' title='bbox 585 2039 678 2114; x_wconf 74' lang='grc' dir='ltr'><strong><em>δεινὸς</em></strong></span> <span class='ocrx_word' id='word_1_135' title='bbox 710 2041 816 2120; x_wconf 76' lang='grc' dir='ltr'><strong><em>λέγειν</em></strong></span> <span class='ocrx_word' id='word_1_136' title='bbox 846 2048 879 2109; x_wconf 83' lang='lat' dir='ltr'><strong>ct</strong></span> <span class='ocrx_word' id='word_1_137' title='bbox 909 2043 1003 2116; x_wconf 81' lang='grc' dir='ltr'><strong><em>κακὸς</em></strong></span> <span class='ocrx_word' id='word_1_138' title='bbox 1033 2041 1153 2122; x_wconf 88' lang='grc' dir='ltr'><strong><em>βιῶναι.</em></strong></span> <span class='ocrx_word' id='word_1_139' title='bbox 1202 2043 1237 2109; x_wconf 92' lang='lat' dir='ltr'><strong>ln</strong></span> <span class='ocrx_word' id='word_1_140' title='bbox 1270 2042 1337 2109; x_wconf 86' lang='lat' dir='ltr'><strong>dia·</strong></span> 
     </span>
     <span class='ocr_line' id='line_1_18' title="bbox 147 2144 1337 2233; baseline 0.001 -18"><span class='ocrx_word' id='word_1_141' title='bbox 147 2144 223 2233; x_wconf 73' lang='lat' dir='ltr'><strong>logo</strong></span> <span class='ocrx_word' id='word_1_142' title='bbox 247 2146 364 2214; x_wconf 85' lang='lat' dir='ltr'><strong>incerti</strong></span> <span class='ocrx_word' id='word_1_143' title='bbox 388 2146 531 2213; x_wconf 88' lang='lat' dir='ltr'><strong>auctoris</strong></span> <span class='ocrx_word' id='word_1_144' title='bbox 551 2147 619 2228; x_wconf 81' lang='grc' dir='ltr'><strong><em>τερὶ</em></strong></span> <span class='ocrx_word' id='word_1_145' title='bbox 643 2149 755 2229; x_wconf 68' lang='grc' dir='ltr'><strong><em>αρετῆς</em></strong></span> <span class='ocrx_word' id='word_1_146' title='bbox 783 2148 869 2213; x_wconf 89' lang='lat' dir='ltr'><strong>inter</strong></span> <span class='ocrx_word' id='word_1_147' title='bbox 897 2145 1078 2213; x_wconf 83' lang='lat' dir='ltr'><strong>Platonicos</strong></span> <span class='ocrx_word' id='word_1_148' title='bbox 1101 2147 1153 2215; x_wconf 91' lang='lat' dir='ltr'><strong>edi</strong></span> <span class='ocrx_word' id='word_1_149' title='bbox 1176 2147 1270 2215; x_wconf 90' lang='lat' dir='ltr'><strong>solito</strong></span> <span class='ocrx_word' id='word_1_150' title='bbox 1294 2148 1337 2216; x_wconf 90' lang='lat' dir='ltr'><strong>le·</strong></span> 
     </span>
     <span class='ocr_line' id='line_1_19' title="bbox 145 2247 1336 2339; baseline 0.002 -20"><span class='ocrx_word' id='word_1_151' title='bbox 145 2252 239 2339; x_wconf 69' lang='lat' dir='ltr'><strong>gitur</strong></span> <span class='ocrx_word' id='word_1_152' title='bbox 261 2271 293 2339; x_wconf 89' lang='lat' dir='ltr'><strong>p.</strong></span> <span class='ocrx_word' id='word_1_153' title='bbox 314 2255 380 2319; x_wconf 77' lang='lat'><strong>378</strong></span> <span class='ocrx_word' id='word_1_154' title='bbox 404 2252 440 2318; x_wconf 83' lang='grc' dir='ltr'><strong>Α.</strong></span> <span class='ocrx_word' id='word_1_155' title='bbox 464 2251 579 2317; x_wconf 89' lang='grc' dir='ltr'><strong><em>τούτων</em></strong></span> <span class='ocrx_word' id='word_1_156' title='bbox 599 2247 686 2316; x_wconf 72' lang='lat' dir='ltr'><strong>oleta</strong></span> <span class='ocrx_word' id='word_1_157' title='bbox 706 2252 757 2317; x_wconf 82' lang='grc' dir='ltr'><strong>τὸν</strong></span> <span class='ocrx_word' id='word_1_158' title='bbox 780 2249 880 2335; x_wconf 81' lang='grc' dir='ltr'><strong><em>ἕτερον</em></strong></span> <span class='ocrx_word' id='word_1_159' title='bbox 895 2253 992 2336; x_wconf 78' lang='grc' dir='ltr'><strong><em>μέχρι</em></strong></span> <span class='ocrx_word' id='word_1_160' title='bbox 1011 2254 1111 2335; x_wconf 76' lang='grc' dir='ltr'><strong><em>γύρως</em></strong></span> <span class='ocrx_word' id='word_1_161' title='bbox 1142 2254 1336 2335; x_wconf 79' lang='grc' dir='ltr'><strong><em>βιοῦντα,</em></strong></span> 
     </span>
     <span class='ocr_line' id='line_1_20' title="bbox 146 2353 1337 2447; baseline 0.003 -24"><span class='ocrx_word' id='word_1_162' title='bbox 146 2353 183 2424; x_wconf 91' lang='lat' dir='ltr'><strong>id</strong></span> <span class='ocrx_word' id='word_1_163' title='bbox 206 2364 258 2425; x_wconf 86' lang='lat' dir='ltr'><strong>cst</strong></span> <span class='ocrx_word' id='word_1_164' title='bbox 280 2356 398 2423; x_wconf 78' lang='lat' dir='ltr'><strong>vicisse</strong></span> <span class='ocrx_word' id='word_1_165' title='bbox 421 2355 585 2443; x_wconf 89' lang='lat' dir='ltr'><strong>usquead</strong></span> <span class='ocrx_word' id='word_1_166' title='bbox 606 2365 816 2424; x_wconf 87' lang='lat' dir='ltr'><strong>seneclutem.</strong></span> <span class='ocrx_word' id='word_1_167' title='bbox 865 2358 969 2424; x_wconf 91' lang='lat' dir='ltr'><strong>Semel</strong></span> <span class='ocrx_word' id='word_1_168' title='bbox 993 2357 1085 2426; x_wconf 83' lang='lat' dir='ltr'><strong>video</strong></span> <span class='ocrx_word' id='word_1_169' title='bbox 1107 2361 1255 2439; x_wconf 74' lang='grc' dir='ltr'><strong><em>βιοῦντας</em></strong></span> <span class='ocrx_word' id='word_1_170' title='bbox 1279 2381 1337 2447; x_wconf 92' lang='lat' dir='ltr'><strong>pro</strong></span> 
     </span>
     <span class='ocr_line' id='line_1_21' title="bbox 145 2462 1332 2553; baseline 0.004 -25"><span class='ocrx_word' id='word_1_171' title='bbox 145 2462 264 2547; x_wconf 71' lang='grc' dir='ltr'><strong><em>ζῶντας</em></strong></span> <span class='ocrx_word' id='word_1_172' title='bbox 294 2463 435 2550; x_wconf 88' lang='lat' dir='ltr'><strong>positum</strong></span> <span class='ocrx_word' id='word_1_173' title='bbox 465 2462 551 2549; x_wconf 88' lang='lat' dir='ltr'><strong>apud</strong></span> <span class='ocrx_word' id='word_1_174' title='bbox 583 2464 745 2530; x_wconf 89' lang='lat' dir='ltr'><strong>incertum</strong></span> <span class='ocrx_word' id='word_1_175' title='bbox 781 2472 947 2531; x_wconf 82' lang='lat' dir='ltr'><strong>auctorem</strong></span> <span class='ocrx_word' id='word_1_176' title='bbox 982 2464 1116 2533; x_wconf 87' lang='lat' dir='ltr'><strong>llxiochi</strong></span> <span class='ocrx_word' id='word_1_177' title='bbox 1149 2486 1179 2553; x_wconf 91' lang='lat' dir='ltr'><strong>p.</strong></span> <span class='ocrx_word' id='word_1_178' title='bbox 1200 2470 1265 2533; x_wconf 81' lang='lat'><strong>368</strong></span> <span class='ocrx_word' id='word_1_179' title='bbox 1297 2466 1332 2534; x_wconf 92' lang='lat' dir='ltr'><strong>B.</strong></span> 
     </span>
     <span class='ocr_line' id='line_1_22' title="bbox 144 2570 1332 2653; baseline 0.003 -18"><span class='ocrx_word' id='word_1_180' title='bbox 144 2570 250 2651; x_wconf 70' lang='lat' dir='ltr'><strong>petire,</strong></span> <span class='ocrx_word' id='word_1_181' title='bbox 281 2571 320 2644; x_wconf 82' lang='grc' dir='ltr'><strong>ύς</strong></span> <span class='ocrx_word' id='word_1_182' title='bbox 347 2571 535 2653; x_wconf 79' lang='grc' dir='ltr'><strong><em>ύτεφύνατο</em></strong></span> <span class='ocrx_word' id='word_1_183' title='bbox 558 2571 653 2648; x_wconf 84' lang='grc' dir='ltr'><strong><em>Βίας,</em></strong></span> <span class='ocrx_word' id='word_1_184' title='bbox 677 2570 708 2635; x_wconf 81' lang='grc' dir='ltr'><strong><em>ἐν</em></strong></span> <span class='ocrx_word' id='word_1_185' title='bbox 731 2576 796 2645; x_wconf 81' lang='grc' dir='ltr'><strong><em>τοῖς</em></strong></span> <span class='ocrx_word' id='word_1_186' title='bbox 817 2570 1085 2647; x_wconf 67' lang='lat' dir='ltr'><strong>retractandam</strong></span> <span class='ocrx_word' id='word_1_187' title='bbox 1107 2573 1189 2652; x_wconf 74' lang='grc' dir='ltr'><strong><em>μήτε</em></strong></span> <span class='ocrx_word' id='word_1_188' title='bbox 1213 2574 1245 2637; x_wconf 86' lang='grc' dir='ltr'><strong><em>ἕν</em></strong></span> <span class='ocrx_word' id='word_1_189' title='bbox 1267 2582 1332 2647; x_wconf 83' lang='grc' dir='ltr'><strong><em>τοῖς</em></strong></span> 
     </span>
     <span class='ocr_line' id='line_1_23' title="bbox 143 2673 1334 2755; baseline 0.003 -14"><span class='ocrx_word' id='word_1_190' title='bbox 143 2674 327 2755; x_wconf 77' lang='grc' dir='ltr'><strong><em>βιοντιν,</em></strong></span> <span class='ocrx_word' id='word_1_191' title='bbox 357 2673 413 2741; x_wconf 94' lang='lat' dir='ltr'><strong>sed</strong></span> <span class='ocrx_word' id='word_1_192' title='bbox 447 2676 570 2741; x_wconf 84' lang='lat' dir='ltr'><strong>Biantis</strong></span> <span class='ocrx_word' id='word_1_193' title='bbox 606 2676 789 2741; x_wconf 90' lang='lat' dir='ltr'><strong>Prienensis</strong></span> <span class='ocrx_word' id='word_1_194' title='bbox 812 2675 872 2742; x_wconf 90' lang='lat' dir='ltr'><strong>hoc</strong></span> <span class='ocrx_word' id='word_1_195' title='bbox 903 2676 1037 2743; x_wconf 84' lang='lat' dir='ltr'><strong>verbum</strong></span> <span class='ocrx_word' id='word_1_196' title='bbox 1073 2684 1123 2743; x_wconf 90' lang='lat' dir='ltr'><strong>est</strong></span> <span class='ocrx_word' id='word_1_197' title='bbox 1153 2677 1261 2744; x_wconf 92' lang='lat' dir='ltr'><strong>lonice</strong></span> <span class='ocrx_word' id='word_1_198' title='bbox 1290 2677 1334 2744; x_wconf 93' lang='lat' dir='ltr'><strong>lo·</strong></span> 
     </span>
     <span class='ocr_line' id='line_1_24' title="bbox 144 2779 1331 2871; baseline 0.003 -24"><span class='ocrx_word' id='word_1_199' title='bbox 144 2779 289 2867; x_wconf 75' lang='lat' dir='ltr'><strong>quentis.</strong></span> <span class='ocrx_word' id='word_1_200' title='bbox 333 2779 458 2867; x_wconf 81' lang='lat' dir='ltr'><strong>Ecquid</strong></span> <span class='ocrx_word' id='word_1_201' title='bbox 493 2800 579 2847; x_wconf 92' lang='lat' dir='ltr'><strong>nunc</strong></span> <span class='ocrx_word' id='word_1_202' title='bbox 610 2780 692 2847; x_wconf 91' lang='lat' dir='ltr'><strong>mihi</strong></span> <span class='ocrx_word' id='word_1_203' title='bbox 723 2780 871 2848; x_wconf 89' lang='lat' dir='ltr'><strong>credes</strong></span> <span class='ocrx_word' id='word_1_204' title='bbox 862 2803 894 2848; x_wconf 80' lang='lat' dir='ltr'><strong>in</strong></span> <span class='ocrx_word' id='word_1_205' title='bbox 927 2781 1070 2849; x_wconf 83' lang='lat' dir='ltr'><strong>Platonis</strong></span> <span class='ocrx_word' id='word_1_206' title='bbox 1101 2782 1270 2850; x_wconf 82' lang='lat' dir='ltr'><strong>Phaedone</strong></span> <span class='ocrx_word' id='word_1_207' title='bbox 1298 2806 1331 2871; x_wconf 91' lang='lat' dir='ltr'><strong>p.</strong></span> 
     </span>
     <span class='ocr_line' id='line_1_25' title="bbox 145 2882 1330 2973; baseline 0.004 -22"><span class='ocrx_word' id='word_1_208' title='bbox 145 2884 273 2953; x_wconf 78' lang='lat'>1131).</span> <span class='ocrx_word' id='word_1_209' title='bbox 303 2882 482 2973; x_wconf 86' lang='lat' dir='ltr'><strong>philosophi</strong></span> <span class='ocrx_word' id='word_1_210' title='bbox 513 2906 646 2953; x_wconf 86' lang='lat' dir='ltr'><strong>manum</strong></span> <span class='ocrx_word' id='word_1_211' title='bbox 667 2906 737 2955; x_wconf 89' lang='lat' dir='ltr'><strong>esse</strong></span> <span class='ocrx_word' id='word_1_212' title='bbox 764 2886 796 2953; x_wconf 76' lang='grc' dir='ltr'><strong>οἵ</strong></span> <span class='ocrx_word' id='word_1_213' title='bbox 812 2912 848 2953; x_wconf 86' lang='grc' dir='ltr'><strong>τε</strong></span> <span class='ocrx_word' id='word_1_214' title='bbox 879 2893 983 2961; x_wconf 80' lang='grc' dir='ltr'><strong><em>καλῶς</em></strong></span> <span class='ocrx_word' id='word_1_215' title='bbox 1014 2890 1200 2969; x_wconf 82' lang='grc' dir='ltr'><strong><em>βιοῦντες</em></strong></span> <span class='ocrx_word' id='word_1_216' title='bbox 1223 2890 1276 2956; x_wconf 78' lang='grc' dir='ltr'><strong>καὶ</strong></span> <span class='ocrx_word' id='word_1_217' title='bbox 1303 2892 1330 2956; x_wconf 83' lang='grc' dir='ltr'><strong>οἱ</strong></span> 
     </span>
     <span class='ocr_line' id='line_1_26' title="bbox 141 2990 1328 3079; baseline 0.005 -23"><span class='ocrx_word' id='word_1_218' title='bbox 141 2992 209 3073; x_wconf 64' lang='grc' dir='ltr'><strong><em>μή,</em></strong></span> <span class='ocrx_word' id='word_1_219' title='bbox 231 3010 291 3077; x_wconf 82' lang='lat' dir='ltr'><strong>pro</strong></span> <span class='ocrx_word' id='word_1_220' title='bbox 313 2990 512 3070; x_wconf 71' lang='grc' dir='ltr'><strong><em>βιῶσαντεςύ</em></strong></span> <span class='ocrx_word' id='word_1_221' title='bbox 535 2991 705 3071; x_wconf 82' lang='lat' dir='ltr'><strong>Graeculi,</strong></span> <span class='ocrx_word' id='word_1_222' title='bbox 729 2991 998 3079; x_wconf 67' lang='grc' dir='ltr'><strong><em>(ρυίἰνυεβιοῦντες</em></strong></span> <span class='ocrx_word' id='word_1_223' title='bbox 1024 2992 1194 3060; x_wconf 83' lang='lat' dir='ltr'><strong>videbatur</strong></span> <span class='ocrx_word' id='word_1_224' title='bbox 1217 2994 1328 3077; x_wconf 87' lang='grc' dir='ltr'><strong><em>ζῶντες</em></strong></span> 
     </span>
     <span class='ocr_line' id='line_1_27' title="bbox 141 3094 1330 3185; baseline 0.003 -20"><span class='ocrx_word' id='word_1_225' title='bbox 141 3094 350 3183; x_wconf 74' lang='lat' dir='ltr'><strong>signinenre,</strong></span> <span class='ocrx_word' id='word_1_226' title='bbox 373 3094 412 3161; x_wconf 88' lang='lat' dir='ltr'><strong>do</strong></span> <span class='ocrx_word' id='word_1_227' title='bbox 435 3116 494 3161; x_wconf 88' lang='lat' dir='ltr'><strong>suo</strong></span> <span class='ocrx_word' id='word_1_228' title='bbox 516 3097 667 3163; x_wconf 84' lang='lat' dir='ltr'><strong>noristum</strong></span> <span class='ocrx_word' id='word_1_229' title='bbox 688 3098 864 3177; x_wconf 89' lang='lat' dir='ltr'><strong>dederunt,</strong></span> <span class='ocrx_word' id='word_1_230' title='bbox 888 3118 952 3185; x_wconf 90' lang='lat' dir='ltr'><strong>qun</strong></span> <span class='ocrx_word' id='word_1_231' title='bbox 985 3098 1159 3166; x_wconf 87' lang='lat' dir='ltr'><strong>utebantur</strong></span> <span class='ocrx_word' id='word_1_232' title='bbox 1183 3100 1263 3185; x_wconf 90' lang='lat' dir='ltr'><strong>ipsi,</strong></span> <span class='ocrx_word' id='word_1_233' title='bbox 1297 3110 1330 3168; x_wconf 90' lang='lat' dir='ltr'><strong>et</strong></span> 
     </span>
     <span class='ocr_line' id='line_1_28' title="bbox 141 3201 1328 3292; baseline 0.005 -25"><span class='ocrx_word' id='word_1_234' title='bbox 141 3218 208 3267; x_wconf 91' lang='lat' dir='ltr'><strong>non</strong></span> <span class='ocrx_word' id='word_1_235' title='bbox 230 3201 335 3287; x_wconf 79' lang='lat' dir='ltr'><strong>magis</strong></span> <span class='ocrx_word' id='word_1_236' title='bbox 367 3202 488 3281; x_wconf 75' lang='grc' dir='ltr'><strong><em>βιώσας</em></strong></span> <span class='ocrx_word' id='word_1_237' title='bbox 511 3222 569 3289; x_wconf 93' lang='lat' dir='ltr'><strong>pro</strong></span> <span class='ocrx_word' id='word_1_238' title='bbox 603 3203 689 3281; x_wconf 89' lang='grc' dir='ltr'><strong><em>βιούς</em></strong></span> <span class='ocrx_word' id='word_1_239' title='bbox 715 3204 820 3290; x_wconf 89' lang='lat' dir='ltr'><strong>potuit</strong></span> <span class='ocrx_word' id='word_1_240' title='bbox 853 3202 942 3269; x_wconf 87' lang='lat' dir='ltr'><strong>Plato</strong></span> <span class='ocrx_word' id='word_1_241' title='bbox 969 3206 1037 3292; x_wconf 89' lang='lat' dir='ltr'><strong>ipse</strong></span> <span class='ocrx_word' id='word_1_242' title='bbox 1061 3201 1203 3271; x_wconf 89' lang='lat' dir='ltr'><strong>scrihere</strong></span> <span class='ocrx_word' id='word_1_243' title='bbox 1230 3225 1328 3291; x_wconf 87' lang='lat' dir='ltr'><strong>quarn</strong></span> 
     </span>
     <span class='ocr_line' id='line_1_29' title="bbox 141 3302 1328 3394; baseline 0.003 -21"><span class='ocrx_word' id='word_1_244' title='bbox 141 3302 324 3389; x_wconf 71' lang='grc' dir='ltr'><strong><em>ύτοδρύσνις</em></strong></span> <span class='ocrx_word' id='word_1_245' title='bbox 348 3326 407 3394; x_wconf 91' lang='lat' dir='ltr'><strong>pro</strong></span> <span class='ocrx_word' id='word_1_246' title='bbox 429 3309 576 3391; x_wconf 75' lang='grc' dir='ltr'><strong><em>ατοδρύς.</em></strong></span> <span class='ocrx_word' id='word_1_247' title='bbox 625 3307 687 3374; x_wconf 94' lang='lat' dir='ltr'><strong>Sed</strong></span> <span class='ocrx_word' id='word_1_248' title='bbox 712 3308 750 3374; x_wconf 88' lang='lat' dir='ltr'><strong>ad</strong></span> <span class='ocrx_word' id='word_1_249' title='bbox 777 3307 1023 3375; x_wconf 84' lang='lat' dir='ltr'><strong>Oeconomicurn</strong></span> <span class='ocrx_word' id='word_1_250' title='bbox 1057 3309 1240 3377; x_wconf 90' lang='lat' dir='ltr'><strong>revertendi</strong></span> <span class='ocrx_word' id='word_1_251' title='bbox 1263 3312 1328 3377; x_wconf 89' lang='lat' dir='ltr'><strong>iam</strong></span> 
     </span>
     <span class='ocr_line' id='line_1_30' title="bbox 141 3418 353 3499; baseline -0.009 -20"><span class='ocrx_word' id='word_1_252' title='bbox 141 3418 274 3499; x_wconf 86' lang='lat' dir='ltr'><strong>tempus</strong></span> <span class='ocrx_word' id='word_1_253' title='bbox 293 3420 353 3478; x_wconf 87' lang='lat' dir='ltr'><strong>est.</strong></span> 
     </span>
    </p>

    <p class='ocr_par' dir='ltr' id='par_1_5' title="bbox 138 3516 1327 3816">
     <span class='ocr_line' id='line_1_31' title="bbox 184 3516 1327 3609; baseline 0.007 -26"><span class='ocrx_word' id='word_1_254' title='bbox 184 3516 225 3583; x_wconf 92' lang='lat' dir='ltr'><strong>ln</strong></span> <span class='ocrx_word' id='word_1_255' title='bbox 245 3516 300 3585; x_wconf 89' lang='lat' dir='ltr'><strong>lV.</strong></span> <span class='ocrx_word' id='word_1_256' title='bbox 327 3522 359 3585; x_wconf 82' lang='lat'><strong>8.</strong></span> <span class='ocrx_word' id='word_1_257' title='bbox 396 3520 614 3585; x_wconf 87' lang='lat' dir='ltr'><strong>necessarium</strong></span> <span class='ocrx_word' id='word_1_258' title='bbox 633 3520 698 3600; x_wconf 78' lang='grc' dir='ltr'><strong>γύρ</strong></span> <span class='ocrx_word' id='word_1_259' title='bbox 722 3518 841 3585; x_wconf 83' lang='lat' dir='ltr'><strong>excidit</strong></span> <span class='ocrx_word' id='word_1_260' title='bbox 866 3517 1146 3609; x_wconf 86' lang='lat' dir='ltr'><strong>supplendumque</strong></span> <span class='ocrx_word' id='word_1_261' title='bbox 1167 3531 1216 3589; x_wconf 89' lang='lat' dir='ltr'><strong>est</strong></span> <span class='ocrx_word' id='word_1_262' title='bbox 1239 3527 1327 3606; x_wconf 71' lang='grc' dir='ltr'><strong><em>ταρύι</em></strong></span> 
     </span>
     <span class='ocr_line' id='line_1_32' title="bbox 138 3620 1326 3713; baseline 0.008 -25"><span class='ocrx_word' id='word_1_263' title='bbox 138 3622 198 3705; x_wconf 64' lang='grc' dir='ltr'><strong>μὲν</strong></span> <span class='ocrx_word' id='word_1_264' title='bbox 224 3620 312 3713; x_wconf 74' lang='grc' dir='ltr'><strong><em>(γὰρ)</em></strong></span> <span class='ocrx_word' id='word_1_265' title='bbox 347 3623 442 3706; x_wconf 83' lang='grc' dir='ltr'><strong><em>Κύρου</em></strong></span> <span class='ocrx_word' id='word_1_266' title='bbox 464 3626 560 3698; x_wconf 75' lang='grc' dir='ltr'><strong><em>οὐδεὶς</em></strong></span> <span class='ocrx_word' id='word_1_267' title='bbox 590 3626 723 3704; x_wconf 83' lang='grc' dir='ltr'><strong><em>λέγεται</em></strong></span> <span class='ocrx_word' id='word_1_268' title='bbox 752 3629 966 3704; x_wconf 74' lang='grc' dir='ltr'><strong><em>αὐτομολῆσαι</em></strong></span> <span class='ocrx_word' id='word_1_269' title='bbox 998 3628 1071 3707; x_wconf 78' lang='grc' dir='ltr'><strong><em>πρὸς</em></strong></span> <span class='ocrx_word' id='word_1_270' title='bbox 1097 3627 1149 3693; x_wconf 82' lang='grc' dir='ltr'><strong>τὸν</strong></span> <span class='ocrx_word' id='word_1_271' title='bbox 1174 3629 1326 3708; x_wconf 78' lang='grc' dir='ltr'><strong><em>βασιλέα.</em></strong></span> 
     </span>
     <span class='ocr_line' id='line_1_33' title="bbox 139 3728 958 3816; baseline -0.004 -19"><span class='ocrx_word' id='word_1_272' title='bbox 139 3728 291 3797; x_wconf 82' lang='lat' dir='ltr'><strong>llixirnus</strong></span> <span class='ocrx_word' id='word_1_273' title='bbox 313 3728 354 3795; x_wconf 92' lang='lat' dir='ltr'><strong>de</strong></span> <span class='ocrx_word' id='word_1_274' title='bbox 375 3749 410 3796; x_wconf 89' lang='lat' dir='ltr'><strong>ea</strong></span> <span class='ocrx_word' id='word_1_275' title='bbox 436 3751 470 3797; x_wconf 92' lang='lat' dir='ltr'><strong>re</strong></span> <span class='ocrx_word' id='word_1_276' title='bbox 494 3731 648 3798; x_wconf 89' lang='lat' dir='ltr'><strong>nonnulla</strong></span> <span class='ocrx_word' id='word_1_277' title='bbox 672 3732 703 3795; x_wconf 93' lang='lat' dir='ltr'><strong>in</strong></span> <span class='ocrx_word' id='word_1_278' title='bbox 728 3730 958 3816; x_wconf 82' lang='lat' dir='ltr'><strong>superioribus.</strong></span> 
     </span>
    </p>

    <p class='ocr_par' dir='ltr' id='par_1_6' title="bbox 139 3832 1326 4239">
     <span class='ocr_line' id='line_1_34' title="bbox 184 3832 1326 3920; baseline 0.004 -17"><span class='ocrx_word' id='word_1_279' title='bbox 184 3832 297 3903; x_wconf 88' lang='lat' dir='ltr'><strong>Sensit</strong></span> <span class='ocrx_word' id='word_1_280' title='bbox 319 3834 351 3900; x_wconf 95' lang='lat' dir='ltr'><strong>in</strong></span> <span class='ocrx_word' id='word_1_281' title='bbox 378 3838 396 3920; x_wconf 86' lang='lat'>§</span> <span class='ocrx_word' id='word_1_282' title='bbox 424 3840 475 3903; x_wconf 84' lang='lat'><strong>19.</strong></span> <span class='ocrx_word' id='word_1_283' title='bbox 508 3835 711 3902; x_wconf 87' lang='lat' dir='ltr'><strong>lloindorllus</strong></span> <span class='ocrx_word' id='word_1_284' title='bbox 734 3835 891 3902; x_wconf 82' lang='lat' dir='ltr'><strong>eniblerna</strong></span> <span class='ocrx_word' id='word_1_285' title='bbox 912 3856 981 3904; x_wconf 85' lang='lat' dir='ltr'><strong>esse</strong></span> <span class='ocrx_word' id='word_1_286' title='bbox 1007 3858 1045 3904; x_wconf 87' lang='lat' dir='ltr'><strong>ex</strong></span> <span class='ocrx_word' id='word_1_287' title='bbox 1064 3838 1203 3905; x_wconf 78' lang='lat' dir='ltr'><strong>hnahasi</strong></span> <span class='ocrx_word' id='word_1_288' title='bbox 1227 3841 1326 3908; x_wconf 90' lang='lat' dir='ltr'><strong>inser·</strong></span> 
     </span>
     <span class='ocr_line' id='line_1_35' title="bbox 139 3940 1326 4029; baseline 0.005 -22"><span class='ocrx_word' id='word_1_289' title='bbox 139 3947 211 4007; x_wconf 82' lang='lat' dir='ltr'><strong>tttnt</strong></span> <span class='ocrx_word' id='word_1_290' title='bbox 237 3940 336 4027; x_wconf 71' lang='grc' dir='ltr'><strong><em>[πλήν</em></strong></span> <span class='ocrx_word' id='word_1_291' title='bbox 356 3964 396 4019; x_wconf 87' lang='grc' dir='ltr'><strong>γε</strong></span> <span class='ocrx_word' id='word_1_292' title='bbox 419 3942 568 4022; x_wconf 83' lang='grc' dir='ltr'><strong>Ἀριαίου.</strong></span> <span class='ocrx_word' id='word_1_293' title='bbox 616 3946 749 4023; x_wconf 79' lang='grc' dir='ltr'><strong><em>Ἀριαῖος</em></strong></span> <span class='ocrx_word' id='word_1_294' title='bbox 774 3944 800 4008; x_wconf 79' lang='grc' dir='ltr'><strong>δ’</strong></span> <span class='ocrx_word' id='word_1_295' title='bbox 825 3940 939 4025; x_wconf 82' lang='grc' dir='ltr'><strong><em>ἔτυχεν</em></strong></span> <span class='ocrx_word' id='word_1_296' title='bbox 961 3944 1012 4009; x_wconf 81' lang='grc' dir='ltr'><strong>ἐπὶ</strong></span> <span class='ocrx_word' id='word_1_297' title='bbox 1046 3948 1088 4026; x_wconf 82' lang='grc' dir='ltr'><strong>τῷ</strong></span> <span class='ocrx_word' id='word_1_298' title='bbox 1114 3946 1256 4029; x_wconf 76' lang='grc' dir='ltr'><strong><em>εὐωνύμῳ</em></strong></span> <span class='ocrx_word' id='word_1_299' title='bbox 1279 3948 1326 4013; x_wconf 86' lang='grc' dir='ltr'><strong>κε’·</strong></span> 
     </span>
     <span class='ocr_line' id='line_1_36' title="bbox 139 4046 1326 4137; baseline 0.007 -26"><span class='ocrx_word' id='word_1_300' title='bbox 139 4066 210 4127; x_wconf 82' lang='grc' dir='ltr'><strong><em>ρατι</em></strong></span> <span class='ocrx_word' id='word_1_301' title='bbox 240 4046 465 4131; x_wconf 56' lang='grc' dir='ltr'><strong><em>τεταγμένος]</em></strong></span> <span class='ocrx_word' id='word_1_302' title='bbox 513 4046 592 4127; x_wconf 81' lang='lat' dir='ltr'><strong>Quis</strong></span> <span class='ocrx_word' id='word_1_303' title='bbox 628 4055 773 4113; x_wconf 87' lang='lat' dir='ltr'><strong>nostrum</strong></span> <span class='ocrx_word' id='word_1_304' title='bbox 800 4068 862 4113; x_wconf 92' lang='lat' dir='ltr'><strong>non</strong></span> <span class='ocrx_word' id='word_1_305' title='bbox 896 4047 1078 4114; x_wconf 84' lang='lat' dir='ltr'><strong>subrideret</strong></span> <span class='ocrx_word' id='word_1_306' title='bbox 1109 4051 1136 4116; x_wconf 90' lang='lat' dir='ltr'><strong>si</strong></span> <span class='ocrx_word' id='word_1_307' title='bbox 1165 4070 1261 4137; x_wconf 89' lang='lat' dir='ltr'><strong>quem</strong></span> <span class='ocrx_word' id='word_1_308' title='bbox 1292 4053 1326 4118; x_wconf 94' lang='lat' dir='ltr'><strong>in</strong></span> 
     </span>
     <span class='ocr_line' id='line_1_37' title="bbox 140 4148 1131 4239; baseline 0.004 -22"><span class='ocrx_word' id='word_1_309' title='bbox 140 4148 240 4217; x_wconf 79' lang='lat' dir='ltr'><strong>unilt</strong></span> <span class='ocrx_word' id='word_1_310' title='bbox 263 4170 300 4219; x_wconf 88' lang='lat' dir='ltr'><strong>re</strong></span> <span class='ocrx_word' id='word_1_311' title='bbox 321 4150 509 4219; x_wconf 91' lang='lat' dir='ltr'><strong>huiusmodi</strong></span> <span class='ocrx_word' id='word_1_312' title='bbox 533 4151 610 4237; x_wconf 85' lang='lat' dir='ltr'><strong>quid</strong></span> <span class='ocrx_word' id='word_1_313' title='bbox 637 4153 892 4239; x_wconf 86' lang='lat' dir='ltr'><strong>interponentem</strong></span> <span class='ocrx_word' id='word_1_314' title='bbox 917 4151 1131 4221; x_wconf 84' lang='lat' dir='ltr'><strong>audiremus?</strong></span> 
     </span>
    </p>

    <p class='ocr_par' dir='ltr' id='par_1_7' title="bbox 142 4252 1325 4453">
     <span class='ocr_line' id='line_1_38' title="bbox 185 4252 1324 4341; baseline 0.006 -18"><span class='ocrx_word' id='word_1_315' title='bbox 185 4252 223 4323; x_wconf 86' lang='lat' dir='ltr'><strong>ln</strong></span> <span class='ocrx_word' id='word_1_316' title='bbox 255 4258 274 4341; x_wconf 73' lang='lat' dir='ltr'><strong>S</strong></span> <span class='ocrx_word' id='word_1_317' title='bbox 301 4258 353 4322; x_wconf 75' lang='lat'><strong>23.</strong></span> <span class='ocrx_word' id='word_1_318' title='bbox 391 4258 572 4325; x_wconf 86' lang='lat' dir='ltr'><strong>rectissimo</strong></span> <span class='ocrx_word' id='word_1_319' title='bbox 595 4257 717 4323; x_wconf 85' lang='lat' dir='ltr'><strong>dicturo</strong></span> <span class='ocrx_word' id='word_1_320' title='bbox 744 4268 792 4325; x_wconf 87' lang='lat' dir='ltr'><strong>cst</strong></span> <span class='ocrx_word' id='word_1_321' title='bbox 821 4260 888 4327; x_wconf 75' lang='grc' dir='ltr'><strong><em>ἰδὼν</em></strong></span> <span class='ocrx_word' id='word_1_322' title='bbox 912 4265 971 4325; x_wconf 83' lang='grc' dir='ltr'><strong>τῶν</strong></span> <span class='ocrx_word' id='word_1_323' title='bbox 994 4261 1127 4339; x_wconf 80' lang='grc' dir='ltr'><strong><em>ἱματίων</em></strong></span> <span class='ocrx_word' id='word_1_324' title='bbox 1150 4264 1185 4329; x_wconf 82' lang='grc' dir='ltr'><strong>τὸ</strong></span> <span class='ocrx_word' id='word_1_325' title='bbox 1207 4264 1324 4337; x_wconf 74' lang='grc' dir='ltr'><strong><em>μύλλος</em></strong></span> 
     </span>
     <span class='ocr_line' id='line_1_39' title="bbox 142 4356 1325 4453; baseline 0.007 -27"><span class='ocrx_word' id='word_1_326' title='bbox 142 4356 178 4426; x_wconf 83' lang='grc' dir='ltr'><strong><em>ῶν</em></strong></span> <span class='ocrx_word' id='word_1_327' title='bbox 208 4358 295 4445; x_wconf 80' lang='grc' dir='ltr'><strong><em>εἶχεν</em></strong></span> <span class='ocrx_word' id='word_1_328' title='bbox 315 4362 374 4431; x_wconf 87' lang='lat' dir='ltr'><strong>sed</strong></span> <span class='ocrx_word' id='word_1_329' title='bbox 410 4364 593 4451; x_wconf 80' lang='lat' dir='ltr'><strong>importuno</strong></span> <span class='ocrx_word' id='word_1_330' title='bbox 620 4366 654 4430; x_wconf 80' lang='grc' dir='ltr'><strong>τὸ</strong></span> <span class='ocrx_word' id='word_1_331' title='bbox 686 4366 802 4441; x_wconf 63' lang='lat' dir='ltr'><strong>althea</strong></span> <span class='ocrx_word' id='word_1_332' title='bbox 835 4366 910 4433; x_wconf 84' lang='lat' dir='ltr'><strong>hinc</strong></span> <span class='ocrx_word' id='word_1_333' title='bbox 944 4366 1116 4453; x_wconf 77' lang='lat' dir='ltr'><strong>repetitum</strong></span> <span class='ocrx_word' id='word_1_334' title='bbox 1151 4369 1325 4436; x_wconf 84' lang='lat' dir='ltr'><strong>insinuavit</strong></span> 
     </span>
    </p>
   </div>
   <div class='ocr_carea' id='block_1_4' title="bbox 0 0 1474 5010">
    <p class='ocr_par' dir='ltr' id='par_1_8' title="bbox 0 0 1474 5010">
     <span class='ocr_line' id='line_1_40' title="bbox 0 0 1474 5010; baseline 0 0"><span class='ocrx_word' id='word_1_335' title='bbox 0 0 1474 5010; x_wconf 95' lang='lat' dir='ltr'><strong> </strong></span> 
     </span>
    </p>
   </div>
  </div>
 </body>
</html>
