2940 5010
704 272 766 335 291

172 460 229 513 cam
246 444 352 535 priora
380 445 573 513 coniunctus
600 444 657 519 risu
688 442 835 524 Θηβαίων
858 444 948 511 πόλιν
974 447 1105 514 διοικιεῖν
1135 450 1214 515 satis
1245 452 1326 519 talc·

171 546 226 631 ht,
251 559 285 619 ut
306 550 481 641 llloapsiua
511 569 571 637 pro
592 550 686 617 urbes
715 560 794 617 totos
815 548 965 639 dispersis
989 552 1098 618 iaculis
1126 565 1249 623 aostcre
1278 556 1324 623 di·

172 674 227 723 m
243 644 348 745 pinu
370 657 478 733 πόλεις
499 654 575 730 iace
598 653 759 738 διοικίζειν.

203 760 267 831 tot
286 760 369 831 baec
391 763 500 829 omnia
522 761 602 828 satis
621 768 671 827 est
692 759 794 845 digito
812 769 993 827 monstrare
1015 759 1122 829 locum
1150 764 1328 834 Pausaniae

172 864 357 937 irtioeicis
376 866 416 935 X.
441 871 472 934 ὅ.
503 870 576 957 ςΞ.
608 864 858 949 ιιιιτεσιιιίφιισιιν
891 866 937 957 (si
964 874 1024 933 τῶν
1049 869 1175 937 Φωκέων
1206 870 1327 959 πόλεις)

173 970 257 1049 atu
277 970 388 1055 ιιῶμιις
407 974 489 1049 πλὴν
508 973 618 1053 “Ades
639 971 809 1055 ᾠκίσθησαν
839 974 873 1039 ei
902 970 1014 1039 ἄλλιιι.
1060 974 1140 1055 Quis
1173 996 1237 1043 non
1264 985 1329 1043 sta-

174 1076 218 1147 ΓΙ
234 1076 318 1147 ridet
339 1076 549 1146 scribendum
570 1096 641 1145 case
662 1078 745 1153 πλὴν
760 1079 865 1159 ”Atius
888 1079 1085 1161 διῳκίσθιισιιν
1104 1084 1139 1147 si
1160 1079 1271 1148 ἄλλαι.

124 1206 126 1213 ·
214 1182 311 1267 Qum
344 1183 533 1271 saepissime
555 1183 589 1248 in
622 1182 713 1249 libris
746 1184 865 1259 ιικιῑσιιι
896 1203 953 1270 pro
974 1186 1087 1251 oisiaci
1117 1184 1262 1273 legatur,
1295 1198 1329 1254 et

176 1286 318 1369 ἶνιὶιιιι,
341 1297 518 1365 συνοικῆσαι
534 1297 724 1375 caeteraque
743 1288 918 1375 composita
937 1308 996 1375 pro
1019 1289 1181 1370 διιικισιιι,
1202 1296 1329 1361 sussexi-

176 1414 215 1463 ms
230 1404 287 1463 cat.
310 1414 414 1463 unum
438 1403 566 1463 tantum
589 1394 697 1461 nomui
718 1393 825 1461 locum
852 1393 907 1461 ubi
926 1402 1038 1462 contra
1063 1407 1231 1483 peccatum
1261 1407 1329 1477 est,

176 1494 217 1567 ttl
238 1498 421 1569 Editoribns
453 1498 534 1567 nibil
568 1498 731 1578 suboluit,
766 1500 800 1566 iu
836 1499 1000 1567 Plutarchi
1035 1501 1140 1568 libello
1171 1502 1240 1587 περὶ
1273 1510 1328 1571 τοῦ

176 1602 258 1673 tub
272 1606 410 1675 Ιηινιῖν
435 1604 645 1689 ἀνεπιφθόνως
668 1624 740 1691 pag.
762 1609 828 1673 libo
850 1604 888 1672 b.
911 1606 1148 1687 trecassenus
1173 1615 1232 1675 ssia
1253 1634 1328 1693 epa-

176 1716 254 1789 wia
279 1709 442 1801 (Pelopida
473 1718 507 1778 cl
533 1709 766 1798 Epaminonda)
790 1709 837 1778 irs
859 1744 906 1761 -
926 1713 969 1785 εἷς
990 1715 1047 1789 τὴν
1064 1717 1245 1791 Assuescit
1268 1716 1329 1783 ε’νὲ·

177 1810 251 1891 flflitt
268 1815 322 1886 ul
344 1816 390 1885 sat
411 1816 480 1899 recl
500 1813 846 1897 necessarissimas,
870 1815 964 1883 viden
994 1816 1129 1887 ridicule
1149 1821 1198 1887 sic
1228 1820 1328 1888 scribi

178 1932 220 2003 tn
240 1920 411 2007 Musas?
458 1919 616 1989 Similiter
647 1917 774 1987 locutus
795 1929 846 1988 ost
867 1920 1024 1990 Isocrates
1047 1923 1085 1992 V.
1108 1930 1127 2013 ς
1148 1929 1201 1992 74.
1223 1924 1263 1992 ἂν
1284 1928 1327 1993 τὰ

176 2024 226 2105 'til
242 2026 361 2105 buche
382 2027 553 2111 διιιιιιίσιιι,
574 2034 608 2093 et
627 2042 721 2112 saepe
739 2024 806 2093 alii.

602 2234 762 2303 CAPUT
802 2234 857 2301 Ν.

206 2444 463 2531 Quemadmodum
486 2446 612 2534 reliqna
629 2446 737 2513 omnia
759 2444 954 2516 Graecorum
984 2450 1104 2537 scripta
1126 2450 1328 2521 emblematis

175 2552 426 2626 *altimontis
445 2572 540 2621 omne
557 2570 659 2639 genus
677 2551 914 2639 deturpantur,
938 2556 985 2621 sic
998 2557 1185 2643 saepissime
1203 2556 1326 2625 iactum

136 2722 140 2727 .
175 2660 226 2737 1,
240 2670 272 2731 nt
293 2664 327 2731 in
352 2660 562 2749 Tragicorum
581 2659 725 2725 carmina
746 2677 860 2725 versus
882 2661 986 2747 spurii
1010 2663 1208 2748 irreperent,
1233 2664 1327 2731 cuius

174 2750 287 2849 Νι,
309 2786 394 2857 qnae
417 2774 567 2854 peruems
589 2771 660 2842 est,
683 2763 804 2831 multae
827 2772 860 2832 et
880 2764 1025 2834 diuersae
1043 2786 1161 2834 causae
1183 2766 1326 2837 luerunt.

175 2860 238 2939 Hb
261 2880 391 2943 emetat
417 2892 459 2939 ex
479 2878 625 2939 ueterum
660 2868 854 2936 criticorum
885 2873 1128 2940 commentariis
1161 2874 1246 2959 ipsos
1281 2874 1327 2941 bi·

121 3011 124 3069 3
174 2972 281 3049 *hta
301 2980 342 3048 da
363 2998 424 3045 sno
446 2974 598 3044 nonnulla
621 2976 700 3041 satis
719 2984 839 3042 temere
861 2984 894 3042 ot
923 2977 1128 3064 impudenter
1148 2977 1326 3049 addidisse:

178 3068 264 3155 linia
285 3082 398 3162 acioli,
433 3092 470 3150 ut
492 3080 617 3159 solent,
645 3088 678 3147 et
700 3082 848 3167 magistri
871 3090 904 3148 et
933 3080 1068 3149 lectores
1096 3085 1263 3172 complura
1293 3088 1327 3154 iu

172 3172 300 3259 ¹¹libratu
328 3186 530 3275 marginibus
554 3185 796 3274 adscripserunt
817 3196 874 3253 aut
907 3186 948 3255 ab
975 3186 1047 3253 aliis
1070 3192 1173 3275 poetis
1203 3200 1260 3257 aut
1287 3194 1327 3259 ab

172 3286 254 3363 ‘th
275 3294 353 3363 alibi
378 3292 530 3361 similiter
552 3291 661 3370 dicta,
683 3300 740 3359 aut
763 3291 920 3379 quidquid
951 3294 1030 3381 ipsis
1050 3295 1135 3361 intcr
1156 3296 1327 3383 legendum

170 3406 274 3469 Mt
300 3402 334 3467 in
357 3406 523 3477 mentem,
548 3396 641 3463 modo
660 3397 912 3476 admirantibus,
936 3399 1030 3467 modo
1053 3401 1327 3488 improbantibus,

166 3502 240 3575 lala
266 3503 521 3595 explicantibus:
552 3522 634 3589 quae
658 3524 808 3591 magnam
830 3515 954 3592 partem
978 3508 1053 3593 quia
1077 3505 1157 3572 nibil
1180 3518 1230 3575 cst
1252 3509 1329 3577 faci·

160 3600 212 3679 liu
231 3630 327 3701 quam
348 3610 493 3679 senarios
514 3605 648 3675 fundere
668 3610 722 3698 (iis
745 3611 857 3697 utiquc
881 3613 935 3697 qui
960 3613 1122 3698 ingentem
1147 3614 1328 3684 iamborum

155 3732 316 3787 auarum
339 3714 500 3803 legarunt)
532 3723 645 3801 sponte
668 3717 701 3781 in
728 3735 879 3782 numeros
902 3717 1056 3785 iambicos
1074 3728 1216 3796 coeunt,
1251 3740 1329 3787 non-

151 3840 322 3911 numquam
346 3842 409 3889 non
436 3819 560 3895 malos,
591 3838 684 3906 saepe
716 3829 823 3887 tamen
843 3822 986 3890 elumbes
1015 3834 1046 3891 et
1080 3844 1143 3889 uon
1174 3826 1327 3910 antiquae

144 3928 234 3997 arlia
279 3927 401 3997 liudem
432 3923 586 3994 iacilitate
608 3924 693 3993 leues
716 3934 748 3993 et
773 3926 892 3994 indocti
915 3937 1112 3995 correctores
1133 3928 1218 3994 locos
1245 3929 1329 3997 malo

141 4032 271 4105 lafita!
289 4042 324 4103 ct
343 4032 469 4101 lacunis
491 4032 638 4108 hiantes,
662 4038 696 4097 et
717 4032 745 4097 si
772 4032 849 4117 quid
879 4032 1043 4100 commode
1071 4033 1133 4119 logi
1155 4042 1213 4100 aut
1236 4034 1329 4102 intel-

134 4140 198 4231 ῌ
219 4160 287 4209 non
310 4146 437 4229 posset,
460 4135 689 4224 suppleverunt
711 4136 835 4204 scilicet
857 4147 890 4204 et
919 4137 1053 4205 arbitrio
1075 4160 1133 4205 suo
1155 4140 1328 4207 coustitue-

132 4254 246 4323 rnnt,
281 4248 316 4315 in
347 4264 411 4333 qua
444 4262 480 4311 rc
511 4243 700 4329 plenumque
730 4244 764 4309 in
792 4244 933 4333 aliquem
962 4253 1088 4332 turpem
1121 4263 1263 4312 errorem
1295 4266 1330 4313 sc

132 4352 336 4445 implicant,
373 4348 458 4417 tunde
490 4346 577 4417 lraus
611 4349 770 4436 arguitur.
826 4352 968 4431 Deinde,
1001 4352 1050 4419 uti
1081 4352 1139 4431 tit,
1170 4372 1210 4418 ex
1239 4351 1330 4420 libris
