2940 5010
697 246 760 309 120

140 438 279 506 natuque
299 438 360 486 non
383 412 504 485 solebat
527 419 554 484 is
576 419 658 502 θεοὺς
682 416 894 500 προπέμπειν,
920 413 1006 507 quod
1029 420 1141 487 sciam.
1157 374 1160 379 Ι
1178 423 1235 489 Ser

140 525 217 592 dum
235 534 284 592 est
299 532 406 607 νεκρῶν
423 523 605 607 τροπομπί,
630 522 715 611 quod
733 542 751 591 a
767 522 953 591 dasaubooo
970 523 1047 593 olim
1066 527 1238 598 animadve:

139 651 210 698 esse
231 652 318 699 nunc
340 629 442 697 rideo.

186 735 327 804 Alexidis
346 733 565 823 fragmentum
588 743 638 802 est
659 734 692 801 in
718 733 804 802 Stob.
825 734 933 803 llloril.
958 734 1037 804 bill.
1063 740 1094 803 Ξ.

365 837 430 916 iser
450 842 581 909 διαπλεῖ
601 839 765 909 ίοίλαττιιν
785 841 803 918 ἢ
826 848 1026 927 μελαγχολρῖ

367 947 385 1024 ἢ
408 944 539 1030 πτωχίς
560 948 624 1017 ἕπον
644 946 662 1024 ἢ
685 950 825 1032 ίανατᾷ.
848 945 963 1013 τούτων
986 950 1073 1029 τριῶν

366 1050 431 1126 ἓνίς
454 1055 488 1132 γ’
510 1055 685 1136 ἀποτυχεῖν
707 1050 1054 1135 recuperaveritis,

139 1158 174 1222 iu
197 1175 261 1243 quo
290 1155 434 1223 διαπλεῖν
463 1155 637 1225 ridiculum
661 1165 722 1225 est.
769 1157 805 1225 lu
837 1157 897 1224 boc
927 1176 1045 1245 genere
1073 1155 1237 1235 iocorum,

140 1259 293 1349 permulti
317 1259 509 1340 utebantur,
532 1269 624 1329 πλεῖν
643 1260 746 1329 solum
770 1270 857 1330 recte
877 1261 1014 1338 dicitur.
1040 1279 1145 1349 oeque
1165 1262 1223 1328 ulli

141 1368 244 1454 posito
267 1365 358 1434 locus
379 1374 438 1433 cst.
485 1367 521 1435 ln
545 1366 657 1435 eodem
682 1365 845 1455 Florilegii
864 1368 971 1455 capite
994 1365 1019 1457 S
1041 1371 1074 1434 6.
1096 1368 1129 1433 iu
1153 1366 1237 1434 libris

372 1473 503 1550 πλείςιρν
525 1472 689 1541 ίοίλατταν
707 1461 853 1556 Ισχοινίων
878 1473 1097 1554 πωλουμένωνς

142 1575 320 1645 Salmasius
347 1577 473 1665 primus
493 1577 575 1646 vidit
606 1585 699 1654 πλεῖς
722 1579 777 1657 τίν
803 1597 914 1649 verum
938 1597 1019 1646 esso.
1066 1576 1233 1646 Philemon

140 1683 210 1750 baci
236 1682 344 1760 llloril.
369 1681 505 1751 thlllll.
532 1687 586 1752 20.

367 1793 400 1857 οὐ
424 1797 488 1865 τοῖς
511 1789 639 1857 πλέουσι
661 1789 717 1865 rico
739 1788 902 1857 ίιίλατταν
926 1788 1075 1870 γίγνεται

369 1894 484 1975 μίνοισι
506 1899 645 1980 χειμιίν,
669 1896 709 1971 νίς
730 1894 835 1963 ίοιιιεν.

78 2090 81 2095 Ι
141 2000 247 2066 etsie
275 1998 395 2085 passim
426 1999 520 2068 olibi:
552 1999 762 2089 quemobrem
791 1999 855 2076 ὅτις
879 2001 911 2068 δὲ
933 2007 1013 2067 πλοῖ
1033 1999 1198 2067 ίοίλοιτταν
1224 2020 1236 2066 1

141 2105 338 2193 scripturam
369 2125 439 2174 esse
468 2106 618 2174 arbitror.
674 2105 785 2174 Obiter
819 2105 954 2174 verbum
985 2106 1130 2175 διαπλεῖν
1162 2105 1237 2173 redd

141 2210 276 2279 Isocrati
312 2211 345 2276 in
374 2209 574 2301 Panegyrico
597 2210 621 2301 S
646 2214 700 2279 96.
732 2211 768 2277 bc
797 2220 854 2288 τοῖς
885 2210 1005 2286 πίλεως·
1036 2212 1081 2286 είς
1103 2214 1160 2288 τίρν
1184 2213 1236 2295 dxc

144 2325 231 2394 νῆσον
250 2316 452 2394 ἐξέπλευσαν.
502 2316 629 2398 Quanto
651 2317 773 2384 rectius
796 2316 829 2382 in
853 2317 1040 2404 Aeginetico
1059 2316 1214 2383 scribitur

145 2423 243 2505 δρῶσα
261 2423 332 2495 τοὺς
348 2422 482 2495 πολίτας
503 2422 574 2496 τοδε
591 2421 776 2504 ιίμετίρους,
799 2419 918 2504 ίσοιτερ
942 2420 1021 2500 ἦσαν
1040 2422 1071 2487 ἐν
1090 2421 1231 2504 Τροιζῆνι

146 2527 301 2601 πλέοντας
325 2527 369 2601 είς
388 2525 538 2605 styriae,
562 2533 595 2593 et
619 2527 751 2592 omnino
770 2526 914 2594 διαπλεῖν
921 2577 931 2608 ,
954 2528 1186 2611 διαπορθμεύειν
1209 2537 1236 2596 et

148 2634 182 2699 io
206 2651 269 2698 usu
294 2637 370 2698 suut
392 2630 512 2710 dedis,
535 2631 591 2719 qui
615 2631 648 2697 io
669 2632 809 2700 vicinam
838 2631 977 2700 insulam
1008 2633 1188 2700 traiiciunt.

149 2738 233 2828 apud
255 2739 428 2806 Isocratem
449 2755 576 2824 quoque
597 2736 633 2815 εξ
650 2744 684 2804 et
702 2738 729 2804 δι
750 2734 884 2806 contusa
902 2746 995 2806 suot:
1019 2756 1120 2826 quare
1138 2737 1236 2806 contii

150 2843 293 2912 rescribe
314 2843 514 2913 διέπλευσαν.

196 2949 471 3040 Pythagoreorum
499 2947 610 3016 sordes
632 2955 665 3015 et
693 2947 841 3016 miserias
871 2945 1057 3017 describens
1085 2944 1194 3017 Alexis
1223 2953 1236 3018 l

154 3060 227 3142 161.
252 3057 286 3124 B.
308 3056 354 3124 ita
377 3054 545 3143 scripsisse
568 3060 718 3143 putatur:

280 3215 290 3240 .
314 3178 318 3187 ’
377 3158 469 3244 ἄρτος
492 3162 625 3244 ιιαίαρδς
644 3155 688 3235 είς
709 3160 859 3244 ίιιατέρῳ,
883 3158 1022 3242 ποτιίριον

378 3264 507 3342 ὕδατος.
531 3271 674 3334 τοσαῦτα
697 3271 814 3334 ταῦτα.
838 3277 873 3332 Β.
896 3266 1103 3348 δεσμωτηρίου

379 3371 484 3450 λίνοις
508 3371 640 3438 δίαιταν.
664 3380 704 3437 Α.
728 3368 846 3443 πιίντες
868 3367 962 3445 οἷίτως
986 3370 1013 3436 oi
1036 3374 1128 3456 σοφοί

378 3467 520 3554 διαίνουσι
543 3475 596 3542 καί
620 3479 753 3543 τοιαῦτα
774 3475 986 3543 κακοπαίοῦσί
1004 3498 1082 3543 που.

380 3585 535 3665 τρυφῶσιν
557 3578 651 3664 ἕτερον
674 3582 747 3665 πρδς
771 3578 907 3662 ἑτέρους.
932 3576 981 3664 ἄρ’
1003 3578 1077 3649 οίσί’
1100 3576 1146 3649 ίτι

380 3686 622 3762 Μελανιππίδης
645 3684 764 3768 ἑταῖρός
785 3686 831 3757 ἔτι
853 3685 905 3751 καὶ
929 3685 1035 3765 Φάων,

382 3792 434 3858 καί
459 3790 644 3876 Φυρόμαχος
668 3792 720 3860 καί
745 3796 860 3869 Φιῖνος,
883 3787 910 3858 οἳ
933 3791 971 3858 δι’
994 3791 1110 3877 ἡμέρας

382 3897 534 3967 δειπνοῦσι
558 3899 707 3979 πέμπτης
730 3898 875 3982 ἀλφίτων
899 3897 1030 3974 κωτίλην
1052 3900 1147 3979 μίανς

157 4005 240 4074 ιιιιιίο
268 4004 370 4072 divisa
397 4003 476 4072 baec
507 4014 584 4072 suut
614 4012 646 4071 et
676 4005 708 4070 in
739 4022 803 4070 ιιιιο
832 4002 985 4071 vocabulo
1007 4005 1151 4092 graviter
1174 4027 1234 4073 cori

155 4122 192 4202 ut
217 4109 543 4199 perspicoezintetligt
568 4130 630 4176 nou
661 4112 793 4198 possint.
843 4109 1000 4198 Equidem
1025 4110 1131 4179 locum
1156 4114 1203 4180 sic
1228 4135 1234 4177 ι

153 4221 286 4286 tumim:
