2940 5010
717 271 758 333 44

146 448 242 526 solet,
266 453 303 511 ut
329 442 510 530 legentibus
535 460 688 509 nauscam
718 448 756 509 ct'
778 440 942 508 fastidium
973 445 1112 531 pariant.
1163 445 1268 514 Huius
1293 447 1340 516 ia·-

145 556 237 620 rinac
256 559 306 617 cst
325 548 482 637 quidquid
502 568 541 616 cx
558 549 797 636 comparatione
816 547 982 615 Menandri
999 557 1033 616 et
1045 548 1246 620 Philistionis
1264 555 1335 622 dici·

146 660 263 727 nclrius
282 655 409 731 attulit,
429 674 510 741 quas
527 654 637 721 sordes
655 653 771 720 nollem
795 672 950 740 umquam
968 654 1171 723 Menandrcis
1191 659 1337 747 reliquiis

148 763 324 841 admixtas,
348 763 381 827 in
412 760 529 847 quibus
558 778 621 825 nou
653 758 724 826 dico
755 759 955 845 corrigendis
983 760 1039 826 sed
1071 760 1216 847 legendis
1245 785 1339 832 nemo

147 888 301 957 umquam
328 865 441 933 feccrit
464 884 579 951 operae
602 867 763 951 pretium,
787 864 865 931 adeo
891 865 1000 931 omnia
1023 876 1099 933 sunt
1126 868 1270 949 insulsa,
1294 872 1341 936 ia·

149 985 241 1062 epta,
266 971 412 1039 barbara.
444 971 481 1037 ln
504 990 579 1038 eum
604 971 731 1058 ipsum,
754 971 950 1057 quicumque
970 971 1049 1038 haec
1072 974 1341 1054 conscribiltavit,

151 1078 306 1148 utendum
330 1087 380 1144 cst
402 1076 556 1151 consilio,
577 1074 662 1163 quod
684 1075 724 1143 ab
743 1096 780 1143 co
800 1075 897 1142 datur
917 1077 949 1141 in
963 1074 1078 1162 fragm.
1094 1083 1157 1145 lt?
1171 1079 1341 1147 dicinckii:

328 1181 473 1267 Φρίνιισιν
496 1183 600 1248 οίσκῶν
622 1181 753 1266 ἄφροσιν
776 1184 821 1261 μίι
841 1188 906 1264 χρῶ
929 1181 1036 1265 Φίλοις

331 1287 398 1354 ἐπεί
423 1290 560 1371 κεκλήσῃ
582 1288 634 1354 καί
659 1289 697 1354 σὺ
721 1294 883 1362 παντελῶς
906 1286 1024 1371 ἄΦρων.

151 1395 198 1462 Ne
228 1393 288 1461 hoc
311 1393 422 1460 videar
445 1394 479 1460 iu
503 1394 602 1459 istum
632 1391 752 1459 dixisse
779 1391 1007 1459 inclementius
1037 1410 1140 1478 pauca
1166 1391 1345 1480 producam

153 1502 260 1587 ipsum
283 1499 454 1567 dicentem.
501 1499 631 1584 dragm.
656 1499 770 1565 incert.
794 1497 929 1565 Meinck.
953 1501 1008 1562 tt.

413 1601 489 1671 ίταν
511 1608 638 1685 τονιιροῦ
662 1603 799 1682 γείτονος
823 1604 936 1682 γείτων
959 1602 1032 1686 inp.

336 1715 391 1777 40.
415 1707 451 1775 ἵν’
475 1708 573 1784 ἄλλος
596 1710 689 1775 ἐλίὼν
710 1707 885 1792 μεταλάβῃ
904 1710 958 1775 καί
982 1709 1160 1785 κτήσηται.

316 1821 391 1882 146.
415 1814 527 1881 οίτίντι
550 1818 677 1894 μᾶλλον
699 1814 883 1896 εὐχαριςίαν
906 1814 1001 1880 ποίει.

316 1924 390 1986 148.
415 1927 469 1988 τοῦ
490 1921 637 2002 δνςνχεῒν
659 1917 762 2000 νόμιζέ
782 1921 812 1985 σ’
831 1919 985 2000 ἁρραβῶν
1008 1917 1112 2000 ἔχειν.

317 2030 393 2092 152.
415 2027 460 2105 μίι
483 2023 596 2107 τοίσχε
615 2031 731 2105 πρῶτον
754 2025 807 2090 τίν
826 2022 915 2103 νόμον
939 2025 992 2090 καί
1016 2023 1176 2103 μοίνίανε.

318 2134 392 2197 162.
415 2128 490 2197 ὅταν
513 2154 544 2196 τι
567 2131 688 2212 μέλλρς
708 2131 760 2195 τὸν
784 2129 886 2204 τίλας
909 2137 1115 2212 κατηγορεῖν.

319 2241 392 2302 16ίί.
417 2234 492 2302 ὅταν
515 2236 611 2318 γέρων
634 2236 752 2318 γέροντι
776 2234 992 2324 (σνγ)γνωἰμιιν
1015 2234 1110 2301 διδοῖ.

321 2345 395 2407 176.
420 2339 479 2406 κᾶν
502 2343 615 2424 μυρίων
637 2350 698 2420 γῆο
721 2340 857 2423 ιινριειίιος
881 2341 1028 2421 πήχεων.

160 2453 257 2532 atque
280 2445 313 2509 in
339 2445 410 2511 istis
433 2444 658 2520 emendandis,
684 2448 711 2511 si
733 2447 834 2513 Musis
856 2444 979 2531 placet,
1002 2443 1094 2511 vidco
1122 2444 1269 2525 Grotios,
1294 2447 1356 2515 lio-

160 2550 289 2627 braeos‚
315 2550 489 2616 Meinakios
510 2571 639 2637 oporam
662 2549 789 2618 luderet
835 2551 935 2617 Estne
955 2570 1070 2637 operae
1095 2552 1235 2638 pretium
1261 2552 1360 2639 ingo-

162 2657 255 2723 nium
275 2656 414 2744 experiri
434 2657 469 2721 ia
492 2655 608 2743 fragm.
632 2662 706 2724 atu.

338 2764 436 2849 ,καιρῷ
454 2762 506 2828 τὸν
523 2765 719 2845 εὐτυχοῦντα
736 2762 911 2830 κολακεύων
933 2765 1027 2846 Φίλος

344 2872 448 2950 καιροῦ
467 2868 561 2951 Φίλος
581 2870 722 2951 τέΦνκεν
745 2870 816 2950 οὐχί
839 2874 894 2934 τοῦ
916 2869 1031 2951 Φίλοω.

166 2974 200 3038 ia
223 2971 427 3059 praecedenti
451 2970 632 3060 fragmento
655 2975 742 3061 prior
762 2975 910 3040 senarius

346 3084 426 3157 μισῶ
449 3079 570 3155 τένοντα
593 3081 730 3163 τλονσίῳ
749 3078 951 3163 δωρούμενον.
1372 3136 1377 3141 .

166 3184 246 3250 satis
262 3182 364 3250 bonus
382 3192 452 3263 est,
475 3204 671 3272 quamquam
694 3187 850 3268 δωρεῖσθαι
868 3205 887 3251 a
904 3187 1059 3272 magistro
1077 3186 1260 3257 subtectum
1278 3190 1354 3261 tm
1372 3188 1386 3281 ;’

167 3290 240 3376 gico
258 3298 307 3357 est
324 3296 357 3355 ct
373 3309 466 3356 socco
485 3290 703 3367 disconvenit,
728 3299 762 3358 at
780 3290 859 3377 quid
880 3290 979 3357 iacias
1003 3291 1213 3378 mouentibus
1231 3294 1354 3369 vorbis:
1372 3294 1386 3371 ².

396 3394 533 3475 ἔλεγχός
555 3398 600 3466 ἔτι
620 3406 676 3473 τῆς
700 3398 879 3480 οίχορτιίτον
903 3397 1025 3478 τύχοις.
1376 3452 1386 3461 .

170 3518 252 3585 quae
286 3518 379 3565 nemo
406 3499 557 3586 intelligit
584 3509 641 3567 aut
666 3511 759 3569 curat
788 3502 977 3588 inrettigere.
1025 3503 1067 3569 Et
1091 3504 1139 3570 sic
1161 3504 1265 3573 multa
1295 3490 1380 3575 aiia'

172 3612 229 3669 aut
253 3623 350 3671 sensu
374 3624 476 3671 vacua
495 3614 571 3672 sunt
593 3606 625 3671 ia
646 3606 717 3672 istis
735 3616 792 3675 aut
817 3609 1016 3695 ineptissime
1035 3607 1134 3678 dicta.
1186 3610 1247 3688 Oai
1264 3610 1386 3687 altori:

172 3709 291 3775 modom
310 3720 420 3796 porat,
446 3712 550 3797 inquit
562 3762 572 3801 p
597 3710 723 3799 (fragm.
740 3713 839 3802 147).
1383 3696 1386 3703 ¹

351 3817 447 3891 αὐτὸς
465 3815 645 3900 τροτοίσχει
666 3823 721 3885 τοῦ
741 3824 838 3886 κακοῦ
858 3820 913 3894 τίον
928 3817 1079 3898 ἔκβασιν.

174 3918 259 4009 quod
281 3927 348 3986 tarn
369 3940 485 3988 sanum
509 3932 557 3990 cst
576 3931 672 4011 atque
692 3923 772 3992 illud
795 3925 925 4015 (inagna.
944 3924 1040 4015 tto),

354 4030 455 4105 καλίιν
476 4032 601 4109 γυναῖκ’
619 4030 674 4095 ἐὰν
690 4030 753 4115 tipo
777 4034 823 4112 μίι
841 4029 1003 4116 ίανμοίσγς

354 4135 389 4201 τί
406 4135 470 4217 γὰρ
489 4138 570 4202 πολὺ
592 4134 710 4211 κιίλλος
731 4136 784 4202 καί
802 4137 911 4218 ψόγων
929 4143 1053 4204 πολλῶν
1071 4136 1183 4219 γίμει.
1370 4192 1386 4209 .

176 4236 231 4303 ubi
249 4238 423 4307 bellissime
440 4241 476 4308 τί
496 4241 592 4307 πολὺ
613 4242 733 4317 κιίλλος
749 4243 922 4330 opponitur
937 4243 1049 4326 ψίγοις
1068 4252 1207 4324 πολλοῖς.
1255 4242 1360 4330 Quam

172 4345 315 4415 suaviter
337 4344 418 4415 dixit
439 4352 472 4414 et
494 4346 659 4433 βιωΦελῶς
680 4349 712 4417 ia
736 4346 851 4435 fragm.
876 4353 950 4417 tto.
