2940 5010
704 269 768 331 614

143 449 175 514 in
200 465 239 514 ea
256 464 293 512 re
311 441 448 511 verbum
467 441 631 520 ε’γκοίπτω.
679 442 811 531 hepone
832 444 1083 524 σωκεκέκαμπτο.
1132 442 1222 511 Idem
1245 464 1326 512 men

144 553 221 621 dum
245 571 276 639 p.
295 554 315 617 4
339 551 372 615 in
400 546 507 614 verbis
530 545 589 614 ἅτε
612 548 1007 634 percussoresque
1032 551 1156 629 inerat,
1180 548 1237 617 ubi
1255 553 1327 639 opti·

144 680 197 726 me
218 653 484 738 συγγεγραφότος
515 661 566 720 est
596 656 783 742 repositum.
831 653 987 722 iocularis
1015 675 1143 743 quoque
1168 667 1330 725 errorent

143 763 336 830 commissus
360 760 445 847 apud
469 759 679 826 Plutarchum
703 761 742 827 de
760 755 892 827 Sollert.
924 760 1063 827 Animal.
1089 781 1120 848 p.
1135 765 1203 829 970
1220 761 1258 829 b.
1280 761 1329 829 ubi

143 870 267 938 editur:
291 866 403 939 τοῖσδ’
425 862 534 940 ἄλλοις
557 864 585 954 (ὅ
605 865 826 955 Βουκεφάλας)
850 866 988 940 έναντέος
1008 866 1182 950 ἐπιτρέχων
1206 869 1329 951 έχρεμέ·

141 977 207 1059 τιζε
230 971 395 1055 μέγακαὶ
420 972 648 1048 συνήλλετο
671 972 725 1038 καὶ
749 971 925 1040 κατεπάτει
949 972 1021 1045 τοὺς
1040 975 1086 1052 μέγ
1112 972 1217 1055 πρέποι
1239 972 1328 1041 ierim

141 1080 353 1166 Φέοέσαντας,
377 1084 411 1143 at
435 1085 471 1142 tu
494 1077 587 1143 sodes
603 1077 750 1153 ἐνήλλετο
773 1077 927 1145 rescribe.

186 1183 342 1253 Notabilis
364 1191 413 1248 est
445 1182 593 1249 lectionis
616 1184 756 1249 varietas
784 1185 818 1248 in
845 1183 946 1250 dnah.
966 1183 991 1248 l.
1017 1203 1064 1250 ιιι.
1089 1188 1127 1249 11
1160 1184 1196 1251 in
1227 1183 1328 1252 verbis

142 1291 292 1359 σκεπτέον
319 1326 366 1339 -
392 1285 473 1362 ὅπως
507 1289 893 1372 indesinentissime
924 1331 969 1346 -
998 1285 1081 1363 ὅπως
1111 1289 1329 1373 οὕσφαλέςατα

140 1398 296 1476 ἄπιμεν
329 1394 382 1460 καὶ
413 1391 494 1468 ὅπως
525 1386 572 1459 τέο
600 1394 760 1472 ἐπιτήδεια
787 1392 918 1475 ἕξομεν,
949 1414 1008 1482 pro
1032 1393 1153 1475 ἄπιμεν
1176 1395 1269 1463 enim
1299 1396 1328 1461 in

141 1500 292 1570 omnibus
320 1508 545 1587 praeterquam
572 1501 606 1565 in
634 1500 778 1586 quinque
809 1500 998 1568 melioribus
1027 1500 1150 1588 legitur
1177 1502 1328 1581 ἀπέσομαι.

140 1608 261 1694 Nempe
278 1605 425 1673 Graeculi
447 1625 547 1692 quum
567 1607 730 1672 nescirent
748 1605 880 1689 ἔρχομαι
901 1605 987 1694 apud
1007 1606 1140 1675 Veteres
1160 1626 1226 1673 non
1245 1605 1329 1674 aliud

140 1715 288 1781 futurum
310 1710 427 1777 babere
444 1730 541 1797 quam
559 1707 641 1791 εἶμι,
663 1711 846 1792 ἀπέρχομαι
866 1709 997 1792 ἄπειμι,
1024 1710 1195 1795 ἐξέρχομαι
1216 1710 1327 1792 ἔξειμι,

141 1819 352 1904 ἐπεξέρχομαι
377 1815 519 1896 ἐπέξειμι
551 1824 585 1883 et
613 1815 725 1883 eadem
754 1817 881 1884 ratione
910 1819 943 1884 in
975 1819 1115 1885 caeteris
1146 1818 1330 1905 compositis

140 1926 181 1995 ad
198 1946 299 1993 unum
319 1923 489 2000 omnihus,
511 1920 677 1988 etsormas
699 1918 780 2002 εἶμι,
802 1921 937 2004 ἄπειμι,
963 1923 1081 2005 ἔξειμι,
1106 1923 1249 2006 ἐπέξειμι
1270 1933 1327 1993 ool.

140 2050 320 2118 numquam
343 2029 429 2117 apud
454 2028 585 2094 Veteres
609 2026 713 2093 futuri
729 2027 1001 2113 significationem
1026 2029 1204 2116 deponere,
1229 2049 1328 2117 neque

139 2141 172 2205 in
194 2137 330 2227 Syntnxi
355 2154 509 2221 umquam
532 2133 634 2199 loturi
647 2141 798 2199 naturam
818 2153 959 2211 exuere,
982 2134 1133 2202 Graeculi
1146 2135 1252 2222 igitur
1274 2134 1327 2201 hu·

138 2247 190 2311 ius
222 2242 270 2309 rei
300 2259 435 2329 prorsus
459 2240 565 2325 ignari
592 2240 620 2304 si
643 2238 771 2324 quando
794 2238 943 2307 futurum
968 2239 1155 2307 huiusmodi
1188 2242 1327 2309 occurrit

136 2352 294 2416 mirantes
317 2346 350 2412 id
369 2345 454 2432 quod
475 2364 538 2410 non
561 2342 747 2430 intelligunt
769 2346 869 2412 variis
893 2345 997 2412 modis
1017 2345 1194 2433 depravare
1218 2367 1325 2434 aggrc

136 2454 284 2520 diuntur.
331 2452 491 2518 llirentur
521 2451 575 2516 isti
606 2458 640 2515 et
668 2450 782 2516 turbas
812 2451 889 2519 dare
920 2453 1025 2520 solent
1049 2453 1078 2519 si
1102 2451 1235 2539 quando
1264 2450 1323 2527 ὅσα

137 2557 186 2625 vel
215 2555 321 2630 οἵτινες
354 2556 404 2623 vel
436 2555 517 2629 ὅπως
536 2553 684 2621 futurum
708 2557 894 2641 postulans,
923 2557 972 2624 vel
995 2560 1030 2625 od
1052 2559 1097 2638 μέ
1123 2557 1173 2624 vel
1196 2560 1231 2624 mi
1256 2577 1326 2625 cunr

138 2663 250 2731 futuro
280 2662 400 2730 acriter
424 2669 480 2727 aut
504 2661 678 2746 imperiose
701 2659 843 2729 iubentis
871 2666 1083 2731 coniunctum
1104 2670 1154 2730 est
1178 2682 1255 2729 cum
1281 2661 1326 2729 iu·

138 2781 213 2838 turo
236 2766 282 2845 εἶ,
314 2765 405 2842 ἄπει,
430 2764 512 2842 έξει,
536 2765 660 2845 έπέξει,
696 2765 830 2848 ἄπιμεν,
853 2770 1002 2847 antean,
1026 2779 1083 2835 aut
1104 2767 1169 2834 alio
1191 2767 1328 2855 quodam

138 2871 382 2942 eiusdemmodi.
419 2871 477 2937 Est
497 2880 606 2937 autem
628 2875 903 2959 operaepretium
926 2873 1036 2940 videre
1055 2873 1326 2960 quemadmodum

137 2980 236 3068 proha
260 2985 292 3044 et
320 2977 454 3063 antiqua
478 2976 573 3043 lectio
596 2977 636 3043 ab
659 2976 931 3045 homuncionibus
952 2980 1026 3045 istis
1049 2980 1151 3047 soleat
1179 2979 1326 3047 mulcari.

137 3084 225 3153 Dabo
246 3102 348 3171 pauca
364 3082 522 3169 quaedum
538 3083 693 3170 exempla.
742 3083 778 3149 ln
798 3083 1024 3151 Demosthenis
1041 3085 1182 3152 llidiana
1201 3107 1233 3172 p.
1247 3090 1325 3164 583,

138 3197 180 3259 23
207 3189 344 3277 populus
367 3206 441 3254 eum
464 3189 504 3255 ad
524 3209 616 3256 reum
640 3189 860 3276 peragendum
883 3189 934 3256 bis
957 3188 1154 3257 clamoribus
1175 3192 1327 3258 incitasse

137 3297 273 3363 dicitur:
305 3291 386 3367 ὅπως
411 3292 544 3370 ἐπέξει
575 3298 618 3378 τῷ
641 3298 741 3377 μιαρῷ
765 3297 818 3362 καὶ
842 3299 887 3375 μὴ
909 3296 1071 3374 διαλύσει,
1104 3296 1273 3364 έεοέσονσαέ
1292 3319 1326 3363 σι

137 3402 170 3469 τέ
191 3401 327 3476 ποιήσεις
355 3401 529 3473 Μιναῖοι.
564 3420 657 3468 nemo
688 3400 862 3468 mirabitur
890 3400 995 3478 ἐπέξει
1028 3404 1062 3468 in
1091 3402 1207 3469 multis
1236 3400 1328 3469 libris

136 3507 251 3572 vitiose
279 3506 438 3591 scripturn
468 3526 539 3573 esse
572 3505 698 3585 επεξκι,
733 3506 846 3586 ἐπέξκ,
881 3506 994 3586 ε’πεξῆ,
1025 3508 1082 3575 sed
1116 3526 1330 3594 agnoscemus

138 3610 311 3681 Graeculos
333 3621 487 3681 ΕΠΕΞΕΙ
509 3611 593 3698 quod
615 3632 678 3678 uon
703 3612 944 3698 concoquebnnt
970 3614 1153 3680 temerariis
1176 3611 1331 3680 manibus

136 3725 383 3785 contrectantes.
440 3716 532 3803 Apud
556 3717 682 3783 Isaeum
704 3718 771 3800 περὶ
794 3722 849 3784 τοῦ
872 3719 998 3798 Κέρωνος
1026 3721 1139 3800 κλήρου
1162 3717 1249 3784 Vlll.
1273 3722 1329 3785 24.

136 3825 217 3892 baec
242 3822 339 3890 verba
360 3831 437 3888 sunt
463 3821 603 3907 aliquem
628 3821 751 3890 loribus
775 3823 994 3891 excludentis:
1018 3826 1057 3891 σὺ
1082 3826 1114 3891 δὲ
1137 3824 1187 3899 τίς
1208 3820 1257 3903 εέε
1281 3822 1329 3890 σοὶ

134 3932 166 3997 δὲ
197 3932 230 3998 τέ
252 3933 396 4012 προσήκει
418 3926 564 4002 ictorum
586 3931 620 3994 οὐ
643 3932 807 4008 γιγνώσκω
832 3954 885 3995 σε.
910 3932 951 3995 οὐ
975 3932 1029 4011 μέρ
1053 3932 1183 4015 εἶσέμς
1206 3932 1265 4005 τὴν
1286 3931 1331 3999 οἰ-

136 4037 217 4104 κίαν.
255 4035 375 4103 Ultima
392 4032 490 4101 vcrha
509 4032 630 4119 duplici
648 4034 765 4103 mendo
782 4033 954 4102 manifesto
970 4035 1089 4104 insecta
1109 4042 1198 4102 sunt.
1231 4035 1332 4105 Grae·

136 4162 213 4210 eum
237 4149 286 4208 est
310 4141 491 4223 εἰσέρχομαι
515 4142 559 4212 εἰς
581 4141 638 4215 πέρι
661 4143 776 4221 οἱκέαν,
799 4162 863 4208 non
882 4142 1064 4224 εἰσέρχομαι
1085 4143 1272 4222 eburicius,
1296 4151 1333 4210 et

135 4249 237 4327 οὑμοί
261 4249 442 4314 necessario
463 4246 611 4312 futurum
635 4248 817 4334 requirunt.
865 4247 993 4314 Emicat
1021 4251 1123 4337 igitur
1146 4267 1223 4314 vera
1247 4249 1332 4314 scri·

136 4364 232 4443 ptura
255 4358 293 4421 οὐ
318 4357 371 4433 μὴ
396 4352 500 4420 εἴσει
529 4355 570 4427 εἱς
595 4354 650 4427 τὴν
672 4354 788 4433 οἰκίαν,
812 4354 898 4441 quod
920 4355 996 4425 olim
1022 4354 1209 4422 emendasse
1234 4352 1332 4421 video
