2940 5010
715 268 757 329 78

139 441 314 513 Menander
334 440 411 508 ibid.
435 440 516 507 lllV.
543 443 621 507 661.
644 440 679 509 ll.

319 546 373 614 θάι
405 547 411 637 Ι
442 546 637 623 ἡοιιευαοθα
661 543 801 627 καθάριος
825 542 844 628 ᾖ
868 544 920 611 καὶ
944 543 1091 621 ποικίλα.

139 657 173 722 iu
193 653 244 721 bis
266 654 373 721 critici
396 654 561 737 καθάρειος
582 651 797 719 restituerunt
822 656 925 718 metra
943 651 1048 719 abacti
1068 650 1104 717 in
1121 648 1230 721 tribus
1248 653 1320 741 urie

139 760 251 828 ribus:
280 760 312 829 iu
335 758 460 827 duobus
486 758 609 826 ultimis
632 757 783 839 teleptae
804 764 837 824 et
860 754 1001 840 καθάριος
1024 774 1129 845 aequo
1156 758 1268 826 auimo
1287 756 1322 827 ie·

137 875 226 935 runt.
273 864 431 953 Equidem
453 871 487 933 et
508 862 572 931 illie
597 869 629 931 et
654 861 851 949 ubieunque
872 860 1032 946 καθάριος,
1053 863 1205 947 καθάριος
1229 870 1262 932 et
1276 888 1323 933 ιιι·

139 970 276 1055 θαριθοις
305 970 425 1057 legitur
453 969 609 1038 utendum
636 968 777 1036 arbitror
805 967 925 1036 iudicio
955 969 1101 1056 primum
1130 967 1323 1039 lunarumul

140 1078 297 1161 καθάρειος
321 1085 382 1144 ete.
403 1075 657 1144 rescribendum.
705 1074 804 1141 llirur
823 1073 907 1149 baua
925 1072 1030 1141 labem
1049 1074 1250 1143 lleiuekiuru
1269 1094 1323 1143 aar

141 1183 278 1263 eluisse,
301 1183 358 1270 qui
382 1182 415 1248 iu
436 1182 602 1249 Menandri
628 1178 809 1267 fragmento
828 1178 914 1267 apud
930 1178 1075 1265 ¹Suidnm
1099 1183 1307 1263 arripuerim

323 1291 366 1363 εἷς
390 1289 434 1355 τά
457 1288 579 1371 καθαρά
601 1287 692 1368 λιμὸς
716 1286 932 1369 εθιοιιιθζιται.

142 1393 223 1461 bane
245 1393 429 1461 emendavit
454 1395 497 1468 εἰς
518 1393 563 1460 τά
585 1390 753 1475 καθάριια,
785 1410 868 1480 quae
891 1390 1052 1459 sententia
1070 1410 1172 1480 quam
1194 1412 1272 1461 uera
1289 1388 1344 1461 ιιι1

143 1506 302 1565 noverunt
322 1501 378 1585 qui
404 1499 436 1565 in
461 1500 589 1586 maguis
610 1498 744 1566 urbibus
765 1496 959 1567 munditiem
985 1496 1165 1565 multarunt
1189 1496 1325 1567 animul-

145 1603 315 1681 rerterint,
340 1603 456 1691 quibus
480 1605 552 1693 plus
573 1614 622 1672 est
642 1603 820 1690 elegantiae
843 1620 941 1689 quam
963 1620 1184 1670 nummorum.
1231 1602 1326 1673 nata

146 1716 231 1775 esset
251 1710 330 1777 haee
354 1710 502 1798 plurimis
526 1730 665 1797 augere,
690 1707 747 1776 sed
770 1707 820 1774 uel
844 1705 922 1775 baee
945 1708 1014 1794 ipsa
1036 1707 1118 1774 satis
1136 1706 1325 1777 demonstra·

147 1813 228 1880 bunt
248 1813 402 1882 (ludieum
427 1816 460 1882 iu
484 1815 536 1882 his
562 1815 684 1882 nullam
708 1814 840 1880 omniuo
861 1832 931 1881 esse
958 1813 1208 1883 auctoritatem:
1232 1814 1325 1884 auda

147 1921 234 2007 giam
249 1929 281 1988 et
298 1940 394 1988 usuna
405 1922 598 1989 Graecitatis
613 1918 830 2007 indagandum
846 1936 918 1986 esse
933 1925 967 1986 et
980 1919 1118 1987 metriae
1132 1921 1324 1999 testimonia,

151 2024 205 2092 ubi
235 2025 313 2113 quid
342 2025 392 2093 bis
413 2026 563 2094 omnibus
585 2028 665 2094 satis
690 2033 891 2111 compertum
912 2024 957 2091 sit
983 2024 1103 2112 aprelis
1126 2023 1326 2093 lutilibrrsli·

148 2130 264 2198 brariis
293 2131 413 2220 ubique
442 2132 573 2201 Graecis
598 2152 694 2201 suum
724 2129 935 2197 reddendum.
980 2130 1018 2196 Iu
1047 2128 1189 2198 Aristide
1216 2129 1325 2220 placuit

145 2234 311 2304 llindorlio
333 2236 452 2324 ubique
471 2238 622 2322 άιαζοιθα
644 2234 801 2314 seribere,
825 2235 918 2321 quasi
939 2254 979 2303 ex
996 2234 1123 2319 άλοιζθι
1143 2236 1323 2326 praduenu

147 2360 264 2407 numen
296 2351 392 2412 esset.
441 2345 554 2411 Facile.
579 2339 809 2429 indagantibus
833 2339 1000 2428 apparebit
1025 2340 1197 2425 άιιιιζοιιθοι
1222 2360 1325 2411 aaran!

148 2466 239 2524 esse,
263 2445 438 2515 formatum
462 2457 497 2515 ul
520 2448 669 2532 ιθριοιεθα,
692 2446 842 2525 οιαιδεθα,
865 2446 1007 2523 δουλεία,
1030 2446 1193 2516 κολαιιιθα.
1240 2448 1325 2517 Petu

63 2618 67 2626 ,
145 2551 281 2638 quilibet
314 2552 534 2647 demonstrare
567 2552 627 2620 boe
655 2552 794 2641 poterit,
826 2559 864 2619 ut
896 2550 1071 2619 blenauder
1103 2555 1136 2620 iu
1168 2554 1325 2623 rarissima

148 2659 324 2725 sententia:

694 2768 758 2838 πῖος
780 2766 796 2831 θ
816 2763 861 2842 μὴ
883 2768 999 2846 Φροιθι

417 2869 586 2955 άλαζοιεθρι
605 2869 658 2936 καὶ
681 2870 796 2953 ψάφοις
817 2868 995 2939 datuurus.

145 2973 304 3039 contrarii
318 2974 438 3040 erroris
450 2975 632 3063 exemplum
645 2994 747 3042 uuum
761 2971 891 3053 notabo,
912 2973 1064 3061 quoniam
1076 2976 1225 3045 munium
1235 2974 1331 3045 llditi·

147 3097 224 3145 aues
238 3078 352 3147 inlicit.
387 3079 453 3147 Nou
471 3089 547 3148 sunl
560 3082 680 3148 Graeca
696 3078 909 3158 λιιιιοοάξιοι,
928 3078 1157 3163 brumarium,
1168 3096 1331 3165 λειαιριιιρ·

147 3184 246 3267 κθριοι
264 3192 297 3251 et
313 3184 436 3273 reliqua
459 3186 693 3254 eiusdemmodi
711 3186 835 3263 emnia,
861 3184 917 3252 sed
937 3183 1118 3264 ιικοοάξιοι
1141 3195 1205 3255 ete.
1239 3188 1331 3257 lirae·

148 3288 231 3356 aulis
254 3289 350 3356 aliter
372 3291 493 3369 uisum,
516 3294 571 3379 qui
595 3294 627 3359 in
649 3309 784 3361 ιιιιιο-
806 3292 1031 3360 coniuraruut.
1077 3290 1337 3380 lleprebeutlilur

147 3392 238 3460 lraus
261 3395 295 3461 iu
328 3394 465 3475 talibus,
497 3399 591 3486 quale
621 3407 670 3465 est
699 3397 759 3464 boe
786 3397 981 3485 Antiphanis
1006 3396 1093 3485 apud
1119 3396 1238 3469 dtben.
1266 3396 1335 3467 vll.-

148 3502 224 3566 305.
244 3499 280 3565 F.
302 3499 356 3566 ubi
381 3502 415 3568 iu
437 3501 552 3571 Codice
575 3511 640 3571 est:
664 3503 708 3569 τά
732 3504 759 3570 θ’
781 3502 922 3586 inxit-ra
942 3502 1111 3588 γράφομαι
1133 3504 1336 3585 maxentiae

149 3622 207 3690 pre
229 3606 373 3677 senario:

328 3711 372 3778 τά
394 3712 420 3778 θ’
444 3715 597 3797 ἐγχέλεια
621 3714 787 3796 γράψομαι
811 3712 1014 3791 λιποταξίου.

148 3824 181 3882 et
206 3816 366 3884 Xenarchi
392 3817 497 3885 Athen
520 3819 573 3889 Vl.
593 3823 668 3885 bib.
694 3819 730 3887 l).

329 3922 419 4001 δόξας
443 3927 638 3992 καταπίπτει
655 3928 708 3992 καὶ
733 3930 927 4008 λιποψυχεῖν
952 3925 1064 3990 δοκῶν.

148 4035 180 4093 et
211 4027 313 4095 ntulta
343 4037 419 4096 suut
450 4030 567 4098 similia
599 4030 718 4098 iudieia
750 4032 940 4108 Poetarum,
970 4028 1088 4116 quibus
1111 4040 1203 4101 reete
1231 4034 1343 4103 ulitur

148 4131 331 4200 lliudorsrus
360 4133 400 4200 ad
424 4134 535 4223 Stepb.
561 4136 655 4203 l'bes.
679 4157 707 4202 ι.
728 4152 886 4213 ιειοιο-,
915 4153 1012 4223 quem
1048 4137 1150 4205 mirer
1171 4140 1344 4219 λικοθιιθο,

146 4239 334 4322 λιποδραιεῖι
354 4248 387 4307 el
408 4242 590 4324 λιποδραιής
612 4262 810 4329 corneoquetu
829 4242 970 4329 poluisse
993 4259 1051 4328 pru
1069 4222 1251 4327 θλιγοδειθς,
1271 4248 1344 4315 du·

148 4345 305 4427 ροδραοεῖι
332 4353 364 4414 et
391 4349 587 4431 οἰιοοδραοθς
615 4348 785 4419 manifesta
813 4367 922 4421 errore
950 4347 1081 4437 scripta.
1136 4348 1228 4423 ldem
1254 4352 1344 4425 leue
