2940 5010
730 302 749 365 t

342 530 347 543 .
367 473 438 556 φέρ’
462 476 488 541 εἰ
508 472 759 553 Λακεδαιμονίων
780 497 828 545 τις
851 473 1029 548 ἐκπλεύσας
1053 473 1173 559 οκοίφει

368 579 500 647 οἰπέδοτο
525 581 629 661 φήνας
652 578 779 645 κυνίδιον
801 579 963 662 Σεριφίοιν.

143 681 190 748 sic
214 680 447 770 sycophantam
471 684 537 751 iilic
559 683 721 751 dicentem
744 681 880 752 fecerat:

279 789 341 867 ε’γόι
361 789 393 856 δί
415 794 499 857 τοῦτ’
522 791 627 868 όλίγον
650 788 757 871 χρόνον
776 791 880 873 φήνας
900 787 1080 871 οἰφειλόμην
1101 789 1152 858 οἰν.

144 893 183 962 tu
207 892 348 962 secundo
371 914 463 962 verso
485 894 635 963 lacunam
659 896 706 961 sic
730 894 961 982 suppleverim:

276 998 432 1083 ςεφοίνους
452 1000 502 1066 ίονν
520 1000 627 1088 ’[ρόδονν
648 999 785 1088 κρίναν],
808 1000 954 1081 κονιορτὸν
973 1001 1209 1082 ἐκτυφλοῦντα,

143 1107 218 1191 quia
243 1125 338 1193 saepe
366 1107 399 1170 in
428 1124 620 1172 coronarum
654 1106 816 1172 mentione
836 1104 953 1183 niolae,
976 1127 1081 1183 roone,
1105 1104 1176 1173 nea
1200 1109 1344 1177 coniun-

142 1219 284 1295 guntur,
309 1218 346 1277 ut
369 1209 456 1297 apud
476 1209 644 1279 cratinum
672 1209 787 1277 Athen.
812 1209 879 1277 XV.
902 1230 932 1297 p.
958 1213 1033 1276 685.
1056 1210 1093 1278 n.

322 1316 477 1390 παντοίοις
499 1340 539 1393 χε
562 1316 623 1394 μην
645 1318 789 1398 κεφαλην
810 1315 952 1396 οἰνόέμοις
975 1315 1145 1397 ἐρέπτομαι

322 1422 441 1504 λειρίοις
461 1420 551 1504 ῥόδοις
575 1420 703 1500 κρίνεσιν
724 1420 986 1501 κοομοοανδοίλοις
1013 1423 1084 1494 ίοις.

142 1523 233 1604 Quod
255 1526 287 1591 in
309 1526 473 1597 hemonici
495 1524 675 1610 fragmento
695 1534 969 1594 commemoratur
987 1526 1022 1593 τί
1043 1527 1129 1594 κατὰ
1150 1527 1256 1611 χειρίς
1278 1538 1340 1596 ant

142 1627 216 1711 ὕδωρ
237 1633 323 1698 κατοί
346 1629 450 1714 χειρίς
474 1631 661 1717 saepissime
684 1630 769 1718 apud
793 1631 937 1699 Comicus
958 1633 1014 1715 πρό
1037 1638 1091 1700 τοῦ
1112 1634 1234 1701 δείπνου
1262 1655 1342 1704 eon·

141 1734 224 1799 nivis
244 1733 434 1803 affunditur.
482 1735 679 1803 Suarissime
703 1735 879 1803 Telectides
902 1736 1058 1806 Athenaei
1082 1739 1136 1806 vt.
1162 1744 1239 1807 268.
1265 1742 1305 1809 A.

231 1841 342 1922 Εἰρήνη
366 1843 424 1921 μέν
446 1848 562 1923 πρῶτον
584 1841 734 1908 οίποίντονν
754 1839 789 1919 ἦν
812 1840 912 1925 οἰοπερ
936 1841 1009 1926 ὕδωρ
1032 1845 1119 1910 κατόν
1141 1845 1265 1928 χειρίς.

142 1953 213 2031 post
233 1964 367 2012 coenam
390 1947 564 2029 οἰπονίφαι,
587 1947 819 2028 οἰπονίψαοόαι,
841 1948 963 2030 νίπτρον
988 1958 1146 2030 παραχεΐν
1167 1950 1341 2034 dicebant,

141 2059 173 2116 et
195 2070 438 2139 nonnumquam
469 2053 555 2120 κατοί
574 2059 683 2136 χειρῶν
713 2053 815 2120 δοῦναι
839 2053 887 2120 vel
913 2054 1093 2137 εἰληφέναι,
1125 2053 1191 2124 vid.
1216 2055 1338 2125 Athen.

140 2156 185 2223 ll.
213 2162 266 2224 49.
294 2156 327 2226 C.
359 2157 413 2225 IV.
443 2162 518 2225 147.
548 2159 584 2226 Ε.
616 2158 830 2226 ePhitoxeno
861 2158 973 2227 ἔπειτα
1005 2160 1036 2225 δέ
1066 2160 1177 2236 παίδες
1202 2159 1209 2251 Ι
1233 2164 1340 2247 νίπτρ’

142 2262 249 2328 ἔδοσαν
279 2263 365 2329 κατόν
393 2270 503 2346 χειρῶν
535 2263 588 2330 ΙΧ.
621 2269 698 2332 408.
726 2264 761 2330 F.
798 2264 972 2350 Coniungit
1003 2273 1180 2354 utrumque
1211 2269 1340 2337 Aristo·

144 2367 265 2455 phanes
287 2369 322 2435 in
343 2367 457 2456 Vespis
481 2390 527 2435 vs.
553 2372 652 2435 1216.

326 2471 400 2556 ὕδωρ
424 2474 510 2541 κατοί
533 2473 656 2557 χειρός.
682 2474 742 2548 τοίς
766 2473 924 2556 τραπέζας
949 2476 1117 2559 εἰσφέρειν.

326 2578 525 2659 δειπνοῦμεν.
548 2579 784 2658 ἀπονενίμμεθ’.
810 2580 863 2656 ἤδη
887 2579 1073 2661 σπένδομεν.

144 2684 235 2767 Quod
261 2692 336 2752 ante
364 2705 496 2752 coenam
528 2685 625 2753 datur
655 2685 782 2770 saepius
812 2685 860 2751 sic
891 2687 977 2752 κατὰ
1001 2688 1105 2771 χειρίς
1129 2688 1272 2770 dicitur,
1300 2700 1343 2765 ut

143 2789 227 2877 apud
251 2789 497 2877 Aristophanem
522 2789 637 2857 Athen.
662 2789 716 2856 tx.
740 2795 817 2857 410.
841 2790 875 2857 B.

367 2895 443 2981 φέρε
468 2905 531 2962 παί
551 2894 676 2978 ταχέας
699 2894 785 2961 κατόν
807 2897 911 2978 χειρός
933 2895 1029 2980 ὕδωρ.

144 3010 176 3069 et
201 2999 365 3068 Atcuidem
387 3000 462 3067 ibid.
488 3001 530 3068 Ιί.
555 3004 608 3067 60.
633 3002 670 3066 A.

322 3108 408 3174 κατόν
428 3107 531 3191 χειρός
556 3106 656 3182 έδόόη.
679 3107 735 3182 την
759 3104 919 3189 τροίπεζαν
943 3107 990 3187 ἦκ’
1013 3109 1114 3193 ἔχειν.

141 3221 174 3280 et
197 3212 412 3281 Archedicum
438 3212 554 3281 Athen.
582 3211 650 3278 vlt.
677 3215 752 3278 292.
772 3211 816 3287 Ε;

323 3318 463 3399 ποίρειοιν
486 3321 512 3385 οἰ
534 3317 716 3397 κεκλημένοι
745 3317 750 3408 Ι
776 3318 856 3386 δίδου
879 3319 965 3385 κατοί
987 3321 1113 3403 χειρίς.

143 3431 175 3490 ct
196 3422 290 3489 alibi:
315 3421 434 3506 legitur
457 3431 565 3489 tamen
590 3421 758 3509 aliquoties
780 3424 918 3490 οἱκατὰ
940 3432 1070 3508 χειρῶν,
1095 3429 1183 3496 utin
1206 3429 1342 3505 Menan·

143 3529 200 3595 dro
224 3527 341 3596 Athen.
365 3527 419 3597 tx.
442 3531 519 3596 408.
543 3527 579 3595 F.

282 3635 308 3701 οί
331 3635 363 3700 δὲ
386 3633 472 3700 κατόν
495 3641 605 3716 χειρῶν
629 3632 785 3712 λαβόντες
806 3634 997 3715 περιμένουσι
1021 3639 1195 3721 φίλτατοι.

144 3747 177 3806 et
201 3739 277 3806 hinc
293 3758 406 3805 scurra
423 3738 509 3825 apud
529 3738 643 3805 Athen.
665 3738 720 3807 tv.
743 3743 819 3805 rae.
839 3739 876 3805 Ε.
896 3760 997 3826 quum
1019 3753 1229 3829 quaereretur
1248 3758 1341 3821 ποῖον

145 3848 204 3912 τῶν
229 3842 347 3911 εἰδότων
375 3843 474 3924 ηδιςόν
501 3847 565 3921 ἕεις
598 3844 764 3932 respondit
792 3846 827 3912 τί
856 3847 942 3913 κατὰ
964 3856 1085 3930 χειρῶν.
1131 3851 1341 3927 Nicostratus

145 3950 229 4038 apud
256 3949 370 4019 Athen.
390 3949 456 4020 XV.
476 3964 508 4037 p.
531 3954 607 4020 685.
626 3951 663 4018 Ε.
685 3951 772 4018 κατοί
794 3952 898 4033 χειρός
921 3953 1083 4037 εἰληφέναι
1105 3965 1177 4045 post
1200 3978 1339 4034 coenam

142 4057 235 4124 dixit:
355 4122 359 4127 ,
736 4057 1025 4141 κατελαμβάνομεν
1065 4126 1069 4133 ,
1302 4042 1308 4052 ’

368 4161 485 4244 ἑτέρους
506 4161 592 4227 κατοί
612 4163 714 4249 χειρίς
735 4165 845 4247 οἰρτίως
869 4165 1040 4250 εἰληφότας
1132 4192 1135 4199 ’

368 4253 430 4336 καί
446 4267 592 4353 ςίφανον.
