<?xml version="1.0" encoding="UTF-8"?>
<!DOCTYPE html PUBLIC "-//W3C//DTD XHTML 1.0 Transitional//EN"
    "http://www.w3.org/TR/xhtml1/DTD/xhtml1-transitional.dtd">
<html xmlns="http://www.w3.org/1999/xhtml" xml:lang="en" lang="en">
 <head>
  <title>
</title>
<meta http-equiv="Content-Type" content="text/html;charset=utf-8" />
  <meta name='ocr-system' content='tesseract 3.04.00' />
  <meta name='ocr-capabilities' content='ocr_page ocr_carea ocr_par ocr_line ocrx_word'/>
</head>
<body>
  <div class='ocr_page' id='page_1' title='image "./novaelectionesq00cobegoog/novaelectionesq00cobegoog_0321.png"; bbox 0 0 2940 5010; ppageno 0'>
   <div class='ocr_carea' id='block_1_1' title="bbox 701 255 763 319">
    <p class='ocr_par' dir='ltr' id='par_1_1' title="bbox 701 255 763 319">
     <span class='ocr_line' id='line_1_1' title="bbox 701 255 763 319; baseline 0.065 -4"><span class='ocrx_word' id='word_1_1' title='bbox 701 255 763 319; x_wconf 74' lang='lat' dir='ltr'><strong>aad</strong></span> 
     </span>
    </p>
   </div>
   <div class='ocr_carea' id='block_1_2' title="bbox 97 425 1374 4415">
    <p class='ocr_par' dir='ltr' id='par_1_2' title="bbox 97 425 1374 4415">
     <span class='ocr_line' id='line_1_2' title="bbox 137 425 1321 515; baseline 0.003 -22"><span class='ocrx_word' id='word_1_2' title='bbox 137 430 200 495; x_wconf 87' lang='lat' dir='ltr'><strong>mis</strong></span> <span class='ocrx_word' id='word_1_3' title='bbox 224 426 365 515; x_wconf 88' lang='lat' dir='ltr'><strong>lepidum</strong></span> <span class='ocrx_word' id='word_1_4' title='bbox 390 436 438 494; x_wconf 90' lang='lat' dir='ltr'><strong>est</strong></span> <span class='ocrx_word' id='word_1_5' title='bbox 460 432 549 506; x_wconf 81' lang='grc' dir='ltr'><strong><em>ναῦν,</em></strong></span> <span class='ocrx_word' id='word_1_6' title='bbox 581 438 616 495; x_wconf 86' lang='lat' dir='ltr'><strong>lu</strong></span> <span class='ocrx_word' id='word_1_7' title='bbox 639 430 766 514; x_wconf 90' lang='lat' dir='ltr'><strong>corrige</strong></span> <span class='ocrx_word' id='word_1_8' title='bbox 797 428 891 495; x_wconf 78' lang='grc' dir='ltr'><strong><em>νόσον.</em></strong></span> <span class='ocrx_word' id='word_1_9' title='bbox 938 425 1130 495; x_wconf 82' lang='lat' dir='ltr'>Incredibile</span> <span class='ocrx_word' id='word_1_10' title='bbox 1153 427 1246 495; x_wconf 83' lang='lat' dir='ltr'><strong>dictu</strong></span> <span class='ocrx_word' id='word_1_11' title='bbox 1270 437 1321 496; x_wconf 88' lang='lat' dir='ltr'><strong>est</strong></span> 
     </span>
     <span class='ocr_line' id='line_1_3' title="bbox 97 532 1322 627; baseline 0.001 -28"><span class='ocrx_word' id='word_1_12' title='bbox 97 608 100 613; x_wconf 37' lang='grc'>,</span> <span class='ocrx_word' id='word_1_13' title='bbox 138 540 293 620; x_wconf 71' lang='lat' dir='ltr'><strong>(guantum</strong></span> <span class='ocrx_word' id='word_1_14' title='bbox 318 535 513 619; x_wconf 83' lang='lat' dir='ltr'><strong>ineptiarum</strong></span> <span class='ocrx_word' id='word_1_15' title='bbox 537 537 571 599; x_wconf 88' lang='lat' dir='ltr'><strong>in</strong></span> <span class='ocrx_word' id='word_1_16' title='bbox 594 533 689 601; x_wconf 87' lang='lat' dir='ltr'><strong>Cedd.</strong></span> <span class='ocrx_word' id='word_1_17' title='bbox 715 534 851 627; x_wconf 84' lang='lat' dir='ltr'><strong>legatur.</strong></span> <span class='ocrx_word' id='word_1_18' title='bbox 901 532 965 599; x_wconf 82' lang='lat' dir='ltr'><strong>Ova</strong></span> <span class='ocrx_word' id='word_1_19' title='bbox 989 533 1073 620; x_wconf 91' lang='lat' dir='ltr'><strong>apud</strong></span> <span class='ocrx_word' id='word_1_20' title='bbox 1102 532 1200 601; x_wconf 78' lang='lat' dir='ltr'><strong>Clam.</strong></span> <span class='ocrx_word' id='word_1_21' title='bbox 1226 534 1322 603; x_wconf 75' lang='lat' dir='ltr'><strong>Alex.</strong></span> 
     </span>
     <span class='ocr_line' id='line_1_4' title="bbox 141 638 1325 729; baseline 0.002 -24"><span class='ocrx_word' id='word_1_22' title='bbox 141 640 258 706; x_wconf 88' lang='lat' dir='ltr'><strong>Strom.</strong></span> <span class='ocrx_word' id='word_1_23' title='bbox 281 638 347 706; x_wconf 90' lang='lat' dir='ltr'><strong>v11.</strong></span> <span class='ocrx_word' id='word_1_24' title='bbox 380 659 411 725; x_wconf 87' lang='lat' dir='ltr'><strong>p.</strong></span> <span class='ocrx_word' id='word_1_25' title='bbox 438 644 512 705; x_wconf 82' lang='lat'><strong>715.</strong></span> <span class='ocrx_word' id='word_1_26' title='bbox 546 638 632 728; x_wconf 78' lang='lat' dir='ltr'><strong>Syll.</strong></span> <span class='ocrx_word' id='word_1_27' title='bbox 657 641 690 705; x_wconf 92' lang='lat' dir='ltr'><strong>iu</strong></span> <span class='ocrx_word' id='word_1_28' title='bbox 715 661 807 706; x_wconf 82' lang='lat' dir='ltr'><strong>aures</strong></span> <span class='ocrx_word' id='word_1_29' title='bbox 837 646 961 705; x_wconf 86' lang='lat' dir='ltr'><strong>mutata</strong></span> <span class='ocrx_word' id='word_1_30' title='bbox 988 646 1085 705; x_wconf 89' lang='lat' dir='ltr'><strong>suut:</strong></span> <span class='ocrx_word' id='word_1_31' title='bbox 1121 650 1204 707; x_wconf 79' lang='grc' dir='ltr'><strong>ΩΙΛ</strong></span> <span class='ocrx_word' id='word_1_32' title='bbox 1229 638 1325 729; x_wconf 87' lang='lat' dir='ltr'><strong>(haec</strong></span> 
     </span>
     <span class='ocr_line' id='line_1_5' title="bbox 142 742 1327 832; baseline 0.003 -23"><span class='ocrx_word' id='word_1_33' title='bbox 142 763 217 809; x_wconf 81' lang='lat' dir='ltr'><strong>vera</strong></span> <span class='ocrx_word' id='word_1_34' title='bbox 241 742 343 810; x_wconf 77' lang='lat' dir='ltr'><strong>lerina</strong></span> <span class='ocrx_word' id='word_1_35' title='bbox 367 752 438 817; x_wconf 83' lang='lat' dir='ltr'><strong>est,</strong></span> <span class='ocrx_word' id='word_1_36' title='bbox 464 752 501 808; x_wconf 89' lang='lat' dir='ltr'><strong>ut</strong></span> <span class='ocrx_word' id='word_1_37' title='bbox 524 743 599 832; x_wconf 75' lang='grc' dir='ltr'><strong><em>ζῷα)</em></strong></span> <span class='ocrx_word' id='word_1_38' title='bbox 625 746 659 809; x_wconf 94' lang='lat' dir='ltr'><strong>in</strong></span> <span class='ocrx_word' id='word_1_39' title='bbox 682 742 765 824; x_wconf 80' lang='grc' dir='ltr'><strong><em>ὦτα,</em></strong></span> <span class='ocrx_word' id='word_1_40' title='bbox 792 752 825 810; x_wconf 86' lang='lat' dir='ltr'><strong>et</strong></span> <span class='ocrx_word' id='word_1_41' title='bbox 851 764 891 810; x_wconf 85' lang='lat' dir='ltr'><strong>ex</strong></span> <span class='ocrx_word' id='word_1_42' title='bbox 909 743 1061 822; x_wconf 53' lang='grc' dir='ltr'><strong><em>ανιίὺιισρ</em></strong></span> <span class='ocrx_word' id='word_1_43' title='bbox 1087 747 1115 811; x_wconf 90' lang='lat' dir='ltr'><strong>si</strong></span> <span class='ocrx_word' id='word_1_44' title='bbox 1140 746 1215 832; x_wconf 86' lang='lat' dir='ltr'><strong>quis</strong></span> <span class='ocrx_word' id='word_1_45' title='bbox 1238 745 1327 812; x_wconf 84' lang='lat' dir='ltr'><strong>leve-</strong></span> 
     </span>
     <span class='ocr_line' id='line_1_6' title="bbox 141 847 1330 935; baseline 0.003 -23"><span class='ocrx_word' id='word_1_46' title='bbox 141 850 186 914; x_wconf 89' lang='lat' dir='ltr'><strong>rit</strong></span> <span class='ocrx_word' id='word_1_47' title='bbox 201 850 322 926; x_wconf 77' lang='lat' dir='ltr'><strong>,rivos</strong></span> <span class='ocrx_word' id='word_1_48' title='bbox 345 847 449 935; x_wconf 89' lang='lat' dir='ltr'><strong>pullos</strong></span> <span class='ocrx_word' id='word_1_49' title='bbox 471 847 597 914; x_wconf 77' lang='lat' dir='ltr'><strong>excludi</strong></span> <span class='ocrx_word' id='word_1_50' title='bbox 627 848 822 918; x_wconf 77' lang='lat' dir='ltr'><strong>Clementem</strong></span> <span class='ocrx_word' id='word_1_51' title='bbox 850 848 1009 915; x_wconf 87' lang='lat' dir='ltr'><strong>inducunt</strong></span> <span class='ocrx_word' id='word_1_52' title='bbox 1032 848 1204 919; x_wconf 80' lang='lat' dir='ltr'><strong>dicentem.</strong></span> <span class='ocrx_word' id='word_1_53' title='bbox 1251 849 1330 917; x_wconf 72' lang='lat' dir='ltr'><strong>ulio</strong></span> 
     </span>
     <span class='ocr_line' id='line_1_7' title="bbox 140 952 1330 1041; baseline 0.003 -23"><span class='ocrx_word' id='word_1_54' title='bbox 140 953 210 1019; x_wconf 87' lang='lat' dir='ltr'><strong>lnce</strong></span> <span class='ocrx_word' id='word_1_55' title='bbox 232 952 378 1020; x_wconf 80' lang='lat' dir='ltr'><strong>Clemens</strong></span> <span class='ocrx_word' id='word_1_56' title='bbox 410 954 444 1019; x_wconf 92' lang='lat' dir='ltr'><strong>in</strong></span> <span class='ocrx_word' id='word_1_57' title='bbox 478 952 663 1040; x_wconf 88' lang='lat' dir='ltr'><strong>Paedagcgn</strong></span> <span class='ocrx_word' id='word_1_58' title='bbox 684 954 738 1020; x_wconf 92' lang='lat' dir='ltr'><strong>Ill.</strong></span> <span class='ocrx_word' id='word_1_59' title='bbox 771 975 801 1041; x_wconf 89' lang='lat' dir='ltr'><strong>p.</strong></span> <span class='ocrx_word' id='word_1_60' title='bbox 834 958 909 1022; x_wconf 79' lang='lat'><strong>205.</strong></span> <span class='ocrx_word' id='word_1_61' title='bbox 934 953 1120 1040; x_wconf 81' lang='lat' dir='ltr'><strong>eleganter,</strong></span> <span class='ocrx_word' id='word_1_62' title='bbox 1155 964 1193 1023; x_wconf 90' lang='lat' dir='ltr'><strong>ut</strong></span> <span class='ocrx_word' id='word_1_63' title='bbox 1221 954 1330 1033; x_wconf 87' lang='lat' dir='ltr'><strong>solet,</strong></span> 
     </span>
     <span class='ocr_line' id='line_1_8' title="bbox 141 1058 1329 1145; baseline 0.003 -22"><span class='ocrx_word' id='word_1_64' title='bbox 141 1059 282 1145; x_wconf 89' lang='lat' dir='ltr'><strong>lepidum</strong></span> <span class='ocrx_word' id='word_1_65' title='bbox 307 1058 413 1125; x_wconf 87' lang='lat' dir='ltr'><strong>lucum</strong></span> <span class='ocrx_word' id='word_1_66' title='bbox 436 1066 548 1145; x_wconf 79' lang='lat' dir='ltr'><strong>poetae</strong></span> <span class='ocrx_word' id='word_1_67' title='bbox 578 1060 695 1127; x_wconf 88' lang='lat' dir='ltr'><strong>comici</strong></span> <span class='ocrx_word' id='word_1_68' title='bbox 718 1061 857 1126; x_wconf 86' lang='lat' dir='ltr'><strong>arationi</strong></span> <span class='ocrx_word' id='word_1_69' title='bbox 881 1078 958 1127; x_wconf 91' lang='lat' dir='ltr'><strong>suae</strong></span> <span class='ocrx_word' id='word_1_70' title='bbox 980 1060 1171 1127; x_wconf 81' lang='lat' dir='ltr'><strong>intexuerat.</strong></span> <span class='ocrx_word' id='word_1_71' title='bbox 1219 1059 1329 1127; x_wconf 84' lang='lat' dir='ltr'><strong>Lucus</strong></span> 
     </span>
     <span class='ocr_line' id='line_1_9' title="bbox 141 1163 812 1250; baseline 0.004 -22"><span class='ocrx_word' id='word_1_72' title='bbox 141 1175 190 1230; x_wconf 83' lang='lat' dir='ltr'><strong>est</strong></span> <span class='ocrx_word' id='word_1_73' title='bbox 213 1163 419 1250; x_wconf 82' lang='lat' dir='ltr'><strong>Cephisodori</strong></span> <span class='ocrx_word' id='word_1_74' title='bbox 444 1163 527 1250; x_wconf 85' lang='lat' dir='ltr'><strong>apud</strong></span> <span class='ocrx_word' id='word_1_75' title='bbox 554 1164 630 1231; x_wconf 88' lang='lat' dir='ltr'><strong>Pell.</strong></span> <span class='ocrx_word' id='word_1_76' title='bbox 655 1165 726 1235; x_wconf 88' lang='lat' dir='ltr'><strong>Vll.</strong></span> <span class='ocrx_word' id='word_1_77' title='bbox 752 1170 812 1231; x_wconf 60' lang='grc' dir='ltr'><strong><em>νας</em></strong></span> 
     </span>
     <span class='ocr_line' id='line_1_10' title="bbox 502 1269 1033 1354; baseline 0 -18"><span class='ocrx_word' id='word_1_78' title='bbox 502 1269 658 1338; x_wconf 69' lang='grc' dir='ltr'><strong><em>σανδάλια</em></strong></span> <span class='ocrx_word' id='word_1_79' title='bbox 679 1295 715 1337; x_wconf 90' lang='grc' dir='ltr'><strong>τε</strong></span> <span class='ocrx_word' id='word_1_80' title='bbox 737 1278 797 1337; x_wconf 80' lang='grc' dir='ltr'><strong>τῶν</strong></span> <span class='ocrx_word' id='word_1_81' title='bbox 820 1271 1033 1354; x_wconf 77' lang='grc' dir='ltr'><strong><em>λεττασχιδῶν</em></strong></span> 
     </span>
     <span class='ocr_line' id='line_1_11' title="bbox 321 1372 1029 1460; baseline 0 -18"><span class='ocrx_word' id='word_1_82' title='bbox 321 1378 375 1460; x_wconf 79' lang='grc' dir='ltr'><strong>ἐφ’</strong></span> <span class='ocrx_word' id='word_1_83' title='bbox 399 1372 442 1450; x_wconf 72' lang='grc' dir='ltr'><strong>οἷς</strong></span> <span class='ocrx_word' id='word_1_84' title='bbox 463 1375 507 1441; x_wconf 69' lang='grc' dir='ltr'><strong>τὰ</strong></span> <span class='ocrx_word' id='word_1_85' title='bbox 529 1379 635 1458; x_wconf 79' lang='grc' dir='ltr'><strong><em>χρνσῖα</em></strong></span> <span class='ocrx_word' id='word_1_86' title='bbox 655 1379 749 1443; x_wconf 79' lang='grc' dir='ltr'><strong><em>ταῦτ’</em></strong></span> <span class='ocrx_word' id='word_1_87' title='bbox 771 1376 876 1447; x_wconf 76' lang='grc' dir='ltr'><strong><em>ἔτεςιν</em></strong></span> <span class='ocrx_word' id='word_1_88' title='bbox 899 1374 1029 1455; x_wconf 70' lang='grc' dir='ltr'><strong><em>ἄνθεμα.</em></strong></span> 
     </span>
     <span class='ocr_line' id='line_1_12' title="bbox 142 1480 1330 1568; baseline 0.003 -22"><span class='ocrx_word' id='word_1_89' title='bbox 142 1482 214 1548; x_wconf 71' lang='lat' dir='ltr'><strong>virle</strong></span> <span class='ocrx_word' id='word_1_90' title='bbox 242 1503 328 1549; x_wconf 89' lang='lat' dir='ltr'><strong>nnnc</strong></span> <span class='ocrx_word' id='word_1_91' title='bbox 357 1482 435 1568; x_wconf 88' lang='lat' dir='ltr'><strong>qnid</strong></span> <span class='ocrx_word' id='word_1_92' title='bbox 459 1480 583 1548; x_wconf 86' lang='lat' dir='ltr'><strong>scribae</strong></span> <span class='ocrx_word' id='word_1_93' title='bbox 607 1480 857 1567; x_wconf 74' lang='lat' dir='ltr'><strong>designaverint</strong></span> <span class='ocrx_word' id='word_1_94' title='bbox 903 1481 940 1548; x_wconf 94' lang='lat' dir='ltr'><strong>ln</strong></span> <span class='ocrx_word' id='word_1_95' title='bbox 964 1480 1060 1548; x_wconf 81' lang='lat' dir='ltr'><strong>Cndd.</strong></span> <span class='ocrx_word' id='word_1_96' title='bbox 1083 1482 1239 1549; x_wconf 83' lang='lat' dir='ltr'><strong>omnibns</strong></span> <span class='ocrx_word' id='word_1_97' title='bbox 1258 1480 1330 1550; x_wconf 81' lang='lat' dir='ltr'><strong>Cle·</strong></span> 
     </span>
     <span class='ocr_line' id='line_1_13' title="bbox 141 1584 1329 1672; baseline -0.001 -18"><span class='ocrx_word' id='word_1_98' title='bbox 141 1589 261 1654; x_wconf 84' lang='lat' dir='ltr'><strong>urentis</strong></span> <span class='ocrx_word' id='word_1_99' title='bbox 297 1588 343 1653; x_wconf 88' lang='lat' dir='ltr'><strong>sic</strong></span> <span class='ocrx_word' id='word_1_100' title='bbox 368 1586 511 1672; x_wconf 85' lang='lat' dir='ltr'><strong>legitur:</strong></span> <span class='ocrx_word' id='word_1_101' title='bbox 529 1586 585 1654; x_wconf 75' lang='grc' dir='ltr'><strong><em>,τα</em></strong></span> <span class='ocrx_word' id='word_1_102' title='bbox 614 1587 769 1654; x_wconf 69' lang='grc' dir='ltr'><strong><em>σανδάλια</em></strong></span> <span class='ocrx_word' id='word_1_103' title='bbox 792 1588 894 1654; x_wconf 77' lang='grc' dir='ltr'><strong><em>ἐκεῖνα</em></strong></span> <span class='ocrx_word' id='word_1_104' title='bbox 926 1588 979 1669; x_wconf 77' lang='grc' dir='ltr'><strong>ἐφ’</strong></span> <span class='ocrx_word' id='word_1_105' title='bbox 1001 1584 1044 1661; x_wconf 72' lang='grc' dir='ltr'><strong>οἷς</strong></span> <span class='ocrx_word' id='word_1_106' title='bbox 1076 1588 1122 1656; x_wconf 74' lang='lat' dir='ltr'><strong>lsi</strong></span> <span class='ocrx_word' id='word_1_107' title='bbox 1145 1588 1190 1656; x_wconf 78' lang='lat' dir='ltr'><strong>rol</strong></span> <span class='ocrx_word' id='word_1_108' title='bbox 1218 1590 1329 1671; x_wconf 77' lang='grc' dir='ltr'><strong><em>χρυσαῖν</em></strong></span> 
     </span>
     <span class='ocr_line' id='line_1_14' title="bbox 140 1691 1329 1778; baseline 0.001 -19"><span class='ocrx_word' id='word_1_109' title='bbox 140 1695 407 1771; x_wconf 65' lang='lat' dir='ltr'><strong>avellanae,</strong></span> <span class='ocrx_word' id='word_1_110' title='bbox 448 1692 638 1776; x_wconf 77' lang='lat' dir='ltr'><strong>agnoscisne</strong></span> <span class='ocrx_word' id='word_1_111' title='bbox 678 1692 844 1778; x_wconf 87' lang='lat' dir='ltr'><strong>stupidum</strong></span> <span class='ocrx_word' id='word_1_112' title='bbox 887 1691 1106 1759; x_wconf 79' lang='lat' dir='ltr'><strong>monachum?</strong></span> <span class='ocrx_word' id='word_1_113' title='bbox 1162 1692 1329 1761; x_wconf 81' lang='lat' dir='ltr'><strong>Tenemus</strong></span> 
     </span>
     <span class='ocr_line' id='line_1_15' title="bbox 143 1796 1330 1883; baseline 0 -20"><span class='ocrx_word' id='word_1_114' title='bbox 143 1800 288 1865; x_wconf 81' lang='lat' dir='ltr'><strong>fraudem</strong></span> <span class='ocrx_word' id='word_1_115' title='bbox 320 1796 468 1864; x_wconf 87' lang='lat' dir='ltr'><strong>manibus</strong></span> <span class='ocrx_word' id='word_1_116' title='bbox 503 1797 536 1861; x_wconf 94' lang='lat' dir='ltr'><strong>in</strong></span> <span class='ocrx_word' id='word_1_117' title='bbox 569 1796 648 1864; x_wconf 89' lang='lat' dir='ltr'><strong>lucis</strong></span> <span class='ocrx_word' id='word_1_118' title='bbox 672 1799 844 1865; x_wconf 77' lang='lat' dir='ltr'><strong>Poetarum</strong></span> <span class='ocrx_word' id='word_1_119' title='bbox 877 1806 909 1865; x_wconf 88' lang='lat' dir='ltr'><strong>et</strong></span> <span class='ocrx_word' id='word_1_120' title='bbox 932 1797 1090 1875; x_wconf 88' lang='lat' dir='ltr'><strong>alierum,</strong></span> <span class='ocrx_word' id='word_1_121' title='bbox 1120 1796 1161 1863; x_wconf 91' lang='lat' dir='ltr'><strong>de</strong></span> <span class='ocrx_word' id='word_1_122' title='bbox 1183 1816 1330 1883; x_wconf 86' lang='lat' dir='ltr'><strong>querum</strong></span> 
     </span>
     <span class='ocr_line' id='line_1_16' title="bbox 141 1900 1329 1989; baseline 0.001 -20"><span class='ocrx_word' id='word_1_123' title='bbox 141 1905 311 1971; x_wconf 71' lang='lat' dir='ltr'><strong>‹innundata</strong></span> <span class='ocrx_word' id='word_1_124' title='bbox 334 1905 497 1989; x_wconf 87' lang='lat' dir='ltr'><strong>scriptura</strong></span> <span class='ocrx_word' id='word_1_125' title='bbox 520 1900 649 1969; x_wconf 88' lang='lat' dir='ltr'><strong>aliunde</strong></span> <span class='ocrx_word' id='word_1_126' title='bbox 668 1910 756 1969; x_wconf 88' lang='lat' dir='ltr'><strong>certe</strong></span> <span class='ocrx_word' id='word_1_127' title='bbox 779 1912 915 1970; x_wconf 83' lang='lat' dir='ltr'><strong>constat.</strong></span> <span class='ocrx_word' id='word_1_128' title='bbox 939 1902 1031 1989; x_wconf 77' lang='lat' dir='ltr'><strong>Apud</strong></span> <span class='ocrx_word' id='word_1_129' title='bbox 1055 1901 1212 1971; x_wconf 81' lang='lat' dir='ltr'><strong>Galenum</strong></span> <span class='ocrx_word' id='word_1_130' title='bbox 1234 1902 1274 1972; x_wconf 84' lang='grc' dir='ltr'><strong>Τ.</strong></span> <span class='ocrx_word' id='word_1_131' title='bbox 1288 1902 1329 1970; x_wconf 87' lang='lat' dir='ltr'><strong>V.</strong></span> 
     </span>
     <span class='ocr_line' id='line_1_17' title="bbox 142 2001 1117 2098; baseline -0.012 -21"><span class='ocrx_word' id='word_1_132' title='bbox 142 2032 174 2098; x_wconf 88' lang='lat' dir='ltr'><strong>p.</strong></span> <span class='ocrx_word' id='word_1_133' title='bbox 193 2015 270 2078; x_wconf 69' lang='lat'><strong>⁶399.</strong></span> <span class='ocrx_word' id='word_1_134' title='bbox 295 2009 402 2076; x_wconf 86' lang='lat' dir='ltr'><strong>llnlrn.</strong></span> <span class='ocrx_word' id='word_1_135' title='bbox 428 2006 583 2074; x_wconf 81' lang='lat' dir='ltr'><strong>affertur:</strong></span> <span class='ocrx_word' id='word_1_136' title='bbox 1113 2001 1117 2008; x_wconf 84' lang='lat'>&#39;</span> 
     </span>
     <span class='ocr_line' id='line_1_18' title="bbox 277 2112 1115 2198; baseline -0.001 -17"><span class='ocrx_word' id='word_1_137' title='bbox 277 2116 353 2198; x_wconf 73' lang='grc' dir='ltr'><strong><em>τῷδε</em></strong></span> <span class='ocrx_word' id='word_1_138' title='bbox 378 2116 457 2195; x_wconf 69' lang='grc' dir='ltr'><strong><em>μαλ’</em></strong></span> <span class='ocrx_word' id='word_1_139' title='bbox 480 2115 510 2178; x_wconf 86' lang='grc' dir='ltr'><strong><em>ἕν</em></strong></span> <span class='ocrx_word' id='word_1_140' title='bbox 534 2113 626 2197; x_wconf 65' lang='lat' dir='ltr'><strong>calep</strong></span> <span class='ocrx_word' id='word_1_141' title='bbox 647 2112 757 2193; x_wconf 72' lang='grc' dir='ltr'><strong><em>κραδία</em></strong></span> <span class='ocrx_word' id='word_1_142' title='bbox 780 2114 966 2193; x_wconf 75' lang='grc' dir='ltr'><strong><em>σημαίνεται</em></strong></span> <span class='ocrx_word' id='word_1_143' title='bbox 989 2121 1115 2189; x_wconf 68' lang='lat' dir='ltr'><strong>cannia.</strong></span> 
     </span>
     <span class='ocr_line' id='line_1_19' title="bbox 144 2217 794 2309; baseline -0.006 -22"><span class='ocrx_word' id='word_1_144' title='bbox 144 2243 201 2309; x_wconf 86' lang='lat' dir='ltr'><strong>pru</strong></span> <span class='ocrx_word' id='word_1_145' title='bbox 228 2242 323 2287; x_wconf 74' lang='lat' dir='ltr'><strong>versu</strong></span> <span class='ocrx_word' id='word_1_146' title='bbox 348 2220 516 2287; x_wconf 85' lang='lat' dir='ltr'><strong>Homerico</strong></span> <span class='ocrx_word' id='word_1_147' title='bbox 543 2217 658 2307; x_wconf 79' lang='lat' dir='ltr'><strong>Odyss.</strong></span> <span class='ocrx_word' id='word_1_148' title='bbox 682 2228 720 2284; x_wconf 83' lang='lat' dir='ltr'><strong>T.</strong></span> <span class='ocrx_word' id='word_1_149' title='bbox 742 2222 794 2285; x_wconf 77' lang='lat'><strong>25.</strong></span> 
     </span>
     <span class='ocr_line' id='line_1_20' title="bbox 324 2323 1104 2409; baseline 0 -18"><span class='ocrx_word' id='word_1_150' title='bbox 324 2327 367 2407; x_wconf 79' lang='grc' dir='ltr'><strong>τῷ</strong></span> <span class='ocrx_word' id='word_1_151' title='bbox 391 2326 422 2391; x_wconf 74' lang='grc' dir='ltr'><strong>δὲ</strong></span> <span class='ocrx_word' id='word_1_152' title='bbox 445 2324 525 2404; x_wconf 71' lang='grc' dir='ltr'><strong><em>μαλ’</em></strong></span> <span class='ocrx_word' id='word_1_153' title='bbox 548 2325 579 2389; x_wconf 85' lang='grc' dir='ltr'><strong><em>ἕν</em></strong></span> <span class='ocrx_word' id='word_1_154' title='bbox 602 2325 694 2409; x_wconf 62' lang='grc' dir='ltr'><strong>τείσῃ</strong></span> <span class='ocrx_word' id='word_1_155' title='bbox 716 2324 822 2404; x_wconf 73' lang='grc' dir='ltr'><strong><em>κραδίη</em></strong></span> <span class='ocrx_word' id='word_1_156' title='bbox 846 2323 918 2402; x_wconf 76' lang='grc' dir='ltr'><strong><em>μένε</em></strong></span> <span class='ocrx_word' id='word_1_157' title='bbox 942 2334 1104 2401; x_wconf 77' lang='grc' dir='ltr'><strong><em>τετληυῖα.</em></strong></span> 
     </span>
     <span class='ocr_line' id='line_1_21' title="bbox 144 2429 1326 2517; baseline 0.002 -20"><span class='ocrx_word' id='word_1_158' title='bbox 144 2435 321 2498; x_wconf 85' lang='lat' dir='ltr'><strong>llenstrnsa</strong></span> <span class='ocrx_word' id='word_1_159' title='bbox 344 2430 442 2495; x_wconf 88' lang='lat' dir='ltr'><strong>huius</strong></span> <span class='ocrx_word' id='word_1_160' title='bbox 466 2430 513 2493; x_wconf 91' lang='lat' dir='ltr'><strong>rei</strong></span> <span class='ocrx_word' id='word_1_161' title='bbox 538 2429 683 2517; x_wconf 85' lang='lat' dir='ltr'><strong>exemplu</strong></span> <span class='ocrx_word' id='word_1_162' title='bbox 703 2431 822 2514; x_wconf 85' lang='lat' dir='ltr'><strong>passim</strong></span> <span class='ocrx_word' id='word_1_163' title='bbox 847 2438 1047 2507; x_wconf 88' lang='lat' dir='ltr'><strong>aecurrunt,</strong></span> <span class='ocrx_word' id='word_1_164' title='bbox 1073 2432 1269 2517; x_wconf 84' lang='lat' dir='ltr'><strong>praesertim</strong></span> <span class='ocrx_word' id='word_1_165' title='bbox 1293 2434 1326 2499; x_wconf 94' lang='lat' dir='ltr'><strong>in</strong></span> 
     </span>
     <span class='ocr_line' id='line_1_22' title="bbox 144 2532 1329 2624; baseline 0.003 -22"><span class='ocrx_word' id='word_1_166' title='bbox 144 2537 304 2624; x_wconf 81' lang='lat' dir='ltr'><strong>llcsycliiu</strong></span> <span class='ocrx_word' id='word_1_167' title='bbox 328 2543 360 2601; x_wconf 92' lang='lat' dir='ltr'><strong>et</strong></span> <span class='ocrx_word' id='word_1_168' title='bbox 381 2533 602 2623; x_wconf 80' lang='lat' dir='ltr'><strong>Etymolngien</strong></span> <span class='ocrx_word' id='word_1_169' title='bbox 626 2555 765 2619; x_wconf 84' lang='lat' dir='ltr'><strong>magun,</strong></span> <span class='ocrx_word' id='word_1_170' title='bbox 792 2535 823 2598; x_wconf 92' lang='lat' dir='ltr'><strong>iu</strong></span> <span class='ocrx_word' id='word_1_171' title='bbox 849 2532 966 2618; x_wconf 77' lang='lat' dir='ltr'><strong>uiribus</strong></span> <span class='ocrx_word' id='word_1_172' title='bbox 990 2537 1177 2622; x_wconf 85' lang='lat' dir='ltr'><strong>saepissime</strong></span> <span class='ocrx_word' id='word_1_173' title='bbox 1201 2538 1329 2605; x_wconf 84' lang='lat' dir='ltr'><strong>videbis</strong></span> 
     </span>
     <span class='ocr_line' id='line_1_23' title="bbox 140 2637 1327 2729; baseline 0.003 -23"><span class='ocrx_word' id='word_1_174' title='bbox 140 2641 341 2729; x_wconf 78' lang='lat' dir='ltr'><strong>syllabarum</strong></span> <span class='ocrx_word' id='word_1_175' title='bbox 366 2640 555 2726; x_wconf 81' lang='lat' dir='ltr'><strong>compendia</strong></span> <span class='ocrx_word' id='word_1_176' title='bbox 586 2640 785 2726; x_wconf 88' lang='lat' dir='ltr'><strong>negligenter</strong></span> <span class='ocrx_word' id='word_1_177' title='bbox 809 2637 891 2704; x_wconf 90' lang='lat' dir='ltr'><strong>lecta</strong></span> <span class='ocrx_word' id='word_1_178' title='bbox 923 2650 980 2706; x_wconf 80' lang='lat' dir='ltr'><strong>arnt</strong></span> <span class='ocrx_word' id='word_1_179' title='bbox 1002 2641 1134 2708; x_wconf 87' lang='lat' dir='ltr'><strong>ennlnsa</strong></span> <span class='ocrx_word' id='word_1_180' title='bbox 1161 2651 1327 2729; x_wconf 87' lang='lat' dir='ltr'><strong>pertente-</strong></span> 
     </span>
     <span class='ocr_line' id='line_1_24' title="bbox 144 2744 1327 2836; baseline 0.005 -26"><span class='ocrx_word' id='word_1_181' title='bbox 144 2768 195 2812; x_wconf 90' lang='lat' dir='ltr'><strong>sos</strong></span> <span class='ocrx_word' id='word_1_182' title='bbox 218 2767 344 2812; x_wconf 86' lang='lat' dir='ltr'><strong>errares</strong></span> <span class='ocrx_word' id='word_1_183' title='bbox 367 2747 539 2832; x_wconf 86' lang='lat' dir='ltr'><strong>peperisse.</strong></span> <span class='ocrx_word' id='word_1_184' title='bbox 564 2744 663 2811; x_wconf 85' lang='lat' dir='ltr'><strong>Nema</strong></span> <span class='ocrx_word' id='word_1_185' title='bbox 682 2765 836 2832; x_wconf 74' lang='lat' dir='ltr'><strong>relinquam</strong></span> <span class='ocrx_word' id='word_1_186' title='bbox 852 2745 1027 2831; x_wconf 79' lang='lat' dir='ltr'><strong>qrnidqnam</strong></span> <span class='ocrx_word' id='word_1_187' title='bbox 1048 2748 1223 2814; x_wconf 84' lang='lat' dir='ltr'><strong>extricahit</strong></span> <span class='ocrx_word' id='word_1_188' title='bbox 1241 2748 1327 2836; x_wconf 88' lang='lat' dir='ltr'><strong>quod</strong></span> 
     </span>
     <span class='ocr_line' id='line_1_25' title="bbox 145 2850 1374 2939; baseline 0.008 -24"><span class='ocrx_word' id='word_1_189' title='bbox 145 2872 207 2916; x_wconf 89' lang='lat' dir='ltr'><strong>uun</strong></span> <span class='ocrx_word' id='word_1_190' title='bbox 232 2851 409 2917; x_wconf 78' lang='lat' dir='ltr'><strong>abscindam</strong></span> <span class='ocrx_word' id='word_1_191' title='bbox 424 2851 467 2917; x_wconf 88' lang='lat' dir='ltr'><strong>sil</strong></span> <span class='ocrx_word' id='word_1_192' title='bbox 491 2871 529 2917; x_wconf 92' lang='lat' dir='ltr'><strong>ex</strong></span> <span class='ocrx_word' id='word_1_193' title='bbox 552 2850 695 2918; x_wconf 85' lang='lat' dir='ltr'><strong>Alexidis</strong></span> <span class='ocrx_word' id='word_1_194' title='bbox 717 2850 897 2935; x_wconf 83' lang='lat' dir='ltr'><strong>fragmento</strong></span> <span class='ocrx_word' id='word_1_195' title='bbox 919 2851 1004 2936; x_wconf 91' lang='lat' dir='ltr'><strong>apud</strong></span> <span class='ocrx_word' id='word_1_196' title='bbox 1027 2852 1117 2939; x_wconf 87' lang='lat' dir='ltr'><strong>lliug.</strong></span> <span class='ocrx_word' id='word_1_197' title='bbox 1142 2853 1252 2924; x_wconf 76' lang='lat' dir='ltr'><strong>laert.</strong></span> <span class='ocrx_word' id='word_1_198' title='bbox 1271 2854 1325 2923; x_wconf 88' lang='lat' dir='ltr'><strong>tlt</strong></span> <span class='ocrx_word' id='word_1_199' title='bbox 1357 2908 1374 2925; x_wconf 88' lang='lat'><strong>.</strong></span> 
     </span>
     <span class='ocr_line' id='line_1_26' title="bbox 145 2964 197 3024; baseline 0 -1"><span class='ocrx_word' id='word_1_200' title='bbox 145 2964 197 3024; x_wconf 68' lang='lat'><strong>27.</strong></span> 
     </span>
     <span class='ocr_line' id='line_1_27' title="bbox 323 3058 1100 3145; baseline -0.001 -17"><span class='ocrx_word' id='word_1_201' title='bbox 323 3062 428 3142; x_wconf 74' lang='grc' dir='ltr'><strong><em>λέγεις</em></strong></span> <span class='ocrx_word' id='word_1_202' title='bbox 453 3061 520 3142; x_wconf 75' lang='grc' dir='ltr'><strong>περ)</strong></span> <span class='ocrx_word' id='word_1_203' title='bbox 543 3058 581 3127; x_wconf 78' lang='grc' dir='ltr'><strong><em>ὦν</em></strong></span> <span class='ocrx_word' id='word_1_204' title='bbox 604 3065 659 3127; x_wconf 79' lang='grc' dir='ltr'><strong>οὐκ</strong></span> <span class='ocrx_word' id='word_1_205' title='bbox 681 3058 777 3128; x_wconf 76' lang='grc' dir='ltr'><strong><em>οἶσθα.</em></strong></span> <span class='ocrx_word' id='word_1_206' title='bbox 802 3070 961 3142; x_wconf 82' lang='grc' dir='ltr'><strong><em>συγγενῶς</em></strong></span> <span class='ocrx_word' id='word_1_207' title='bbox 982 3061 1100 3145; x_wconf 77' lang='grc' dir='ltr'><strong><em>τρέχων</em></strong></span> 
     </span>
     <span class='ocr_line' id='line_1_28' title="bbox 325 3166 1078 3250; baseline -0.001 -16"><span class='ocrx_word' id='word_1_208' title='bbox 325 3166 469 3234; x_wconf 65' lang='grc' dir='ltr'><strong><em>Πλάτωνι</em></strong></span> <span class='ocrx_word' id='word_1_209' title='bbox 493 3167 545 3232; x_wconf 75' lang='grc' dir='ltr'><strong><em>καὶ</em></strong></span> <span class='ocrx_word' id='word_1_210' title='bbox 570 3169 681 3245; x_wconf 80' lang='grc' dir='ltr'><strong><em>γνώσει</em></strong></span> <span class='ocrx_word' id='word_1_211' title='bbox 704 3169 803 3249; x_wconf 68' lang='grc' dir='ltr'><strong><em>λίτραν</em></strong></span> <span class='ocrx_word' id='word_1_212' title='bbox 826 3170 878 3235; x_wconf 79' lang='grc' dir='ltr'><strong><em>καὶ</em></strong></span> <span class='ocrx_word' id='word_1_213' title='bbox 904 3168 1078 3250; x_wconf 73' lang='grc' dir='ltr'><strong><em>κρόμμυον,</em></strong></span> 
     </span>
     <span class='ocr_line' id='line_1_29' title="bbox 145 3272 1374 3355; baseline 0.003 -13"><span class='ocrx_word' id='word_1_214' title='bbox 145 3286 177 3342; x_wconf 86' lang='lat' dir='ltr'><strong>ut</strong></span> <span class='ocrx_word' id='word_1_215' title='bbox 203 3284 238 3339; x_wconf 88' lang='lat' dir='ltr'><strong>lu</strong></span> <span class='ocrx_word' id='word_1_216' title='bbox 264 3272 417 3339; x_wconf 82' lang='lat' dir='ltr'><strong>eluenda:</strong></span> <span class='ocrx_word' id='word_1_217' title='bbox 442 3277 642 3350; x_wconf 75' lang='grc' dir='ltr'><strong>συγγενοῦ</strong></span> <span class='ocrx_word' id='word_1_218' title='bbox 667 3273 785 3355; x_wconf 73' lang='grc' dir='ltr'><strong><em>τρέχων</em></strong></span> <span class='ocrx_word' id='word_1_219' title='bbox 807 3272 962 3339; x_wconf 69' lang='grc' dir='ltr'><strong><em>Πλάτωνι.</em></strong></span> <span class='ocrx_word' id='word_1_220' title='bbox 1011 3272 1136 3339; x_wconf 82' lang='lat' dir='ltr'><strong>Similia</strong></span> <span class='ocrx_word' id='word_1_221' title='bbox 1156 3274 1248 3344; x_wconf 80' lang='lat' dir='ltr'><strong>hisce</strong></span> <span class='ocrx_word' id='word_1_222' title='bbox 1268 3296 1374 3346; x_wconf 74' lang='lat' dir='ltr'><strong>tin-r</strong></span> 
     </span>
     <span class='ocr_line' id='line_1_30' title="bbox 145 3377 1374 3472; baseline 0.006 -28"><span class='ocrx_word' id='word_1_223' title='bbox 145 3381 241 3465; x_wconf 77' lang='lat' dir='ltr'><strong>‹liqrre</strong></span> <span class='ocrx_word' id='word_1_224' title='bbox 262 3377 368 3463; x_wconf 87' lang='lat' dir='ltr'><strong>colligi</strong></span> <span class='ocrx_word' id='word_1_225' title='bbox 392 3385 528 3463; x_wconf 81' lang='lat' dir='ltr'><strong>possmn</strong></span> <span class='ocrx_word' id='word_1_226' title='bbox 551 3377 606 3443; x_wconf 89' lang='lat' dir='ltr'><strong>sed</strong></span> <span class='ocrx_word' id='word_1_227' title='bbox 631 3397 716 3443; x_wconf 91' lang='lat' dir='ltr'><strong>nunc</strong></span> <span class='ocrx_word' id='word_1_228' title='bbox 742 3377 871 3462; x_wconf 86' lang='lat' dir='ltr'><strong>quidem</strong></span> <span class='ocrx_word' id='word_1_229' title='bbox 892 3378 1037 3445; x_wconf 83' lang='lat' dir='ltr'><strong>abstineo</strong></span> <span class='ocrx_word' id='word_1_230' title='bbox 1063 3398 1216 3460; x_wconf 86' lang='lat' dir='ltr'><strong>uranum,</strong></span> <span class='ocrx_word' id='word_1_231' title='bbox 1241 3392 1374 3472; x_wconf 81' lang='lat' dir='ltr'><strong>pest-:l</strong></span> 
     </span>
     <span class='ocr_line' id='line_1_31' title="bbox 145 3481 1374 3570; baseline 0.007 -23"><span class='ocrx_word' id='word_1_232' title='bbox 145 3504 242 3570; x_wconf 64' lang='lat' dir='ltr'><strong>(puram</strong></span> <span class='ocrx_word' id='word_1_233' title='bbox 274 3502 375 3546; x_wconf 78' lang='lat' dir='ltr'><strong>ninum</strong></span> <span class='ocrx_word' id='word_1_234' title='bbox 400 3502 438 3546; x_wconf 87' lang='lat' dir='ltr'><strong>ex</strong></span> <span class='ocrx_word' id='word_1_235' title='bbox 467 3481 585 3548; x_wconf 83' lang='lat' dir='ltr'><strong>Galene</strong></span> <span class='ocrx_word' id='word_1_236' title='bbox 611 3482 672 3548; x_wconf 87' lang='lat' dir='ltr'><strong>vol.</strong></span> <span class='ocrx_word' id='word_1_237' title='bbox 693 3482 746 3549; x_wconf 92' lang='lat' dir='ltr'><strong>Vl.</strong></span> <span class='ocrx_word' id='word_1_238' title='bbox 778 3503 808 3569; x_wconf 92' lang='lat' dir='ltr'><strong>p.</strong></span> <span class='ocrx_word' id='word_1_239' title='bbox 835 3488 909 3550; x_wconf 59' lang='grc' dir='ltr'><strong><em>ανδ.</em></strong></span> <span class='ocrx_word' id='word_1_240' title='bbox 942 3483 1051 3551; x_wconf 86' lang='lat' dir='ltr'><strong>llulrn.</strong></span> <span class='ocrx_word' id='word_1_241' title='bbox 1076 3483 1246 3567; x_wconf 86' lang='lat' dir='ltr'><strong>adiecero,</strong></span> <span class='ocrx_word' id='word_1_242' title='bbox 1271 3488 1374 3558; x_wconf 78' lang='lat' dir='ltr'><strong>nne.</strong></span> 
     </span>
     <span class='ocr_line' id='line_1_32' title="bbox 145 3586 1374 3680; baseline 0.005 -26"><span class='ocrx_word' id='word_1_243' title='bbox 145 3590 257 3671; x_wconf 85' lang='lat' dir='ltr'><strong>Quinti</strong></span> <span class='ocrx_word' id='word_1_244' title='bbox 281 3586 451 3653; x_wconf 89' lang='lat' dir='ltr'><strong>cuiusdam</strong></span> <span class='ocrx_word' id='word_1_245' title='bbox 474 3586 561 3652; x_wconf 87' lang='lat' dir='ltr'><strong>dicta</strong></span> <span class='ocrx_word' id='word_1_246' title='bbox 580 3596 809 3654; x_wconf 84' lang='lat' dir='ltr'><strong>commemorat</strong></span> <span class='ocrx_word' id='word_1_247' title='bbox 829 3589 969 3655; x_wconf 89' lang='lat' dir='ltr'><strong>medicos</strong></span> <span class='ocrx_word' id='word_1_248' title='bbox 987 3589 1174 3657; x_wconf 90' lang='lat' dir='ltr'><strong>irridentis:</strong></span> <span class='ocrx_word' id='word_1_249' title='bbox 1198 3594 1374 3680; x_wconf 57' lang='grc' dir='ltr'><strong>ἐρομένῳ·</strong></span> 
     </span>
     <span class='ocr_line' id='line_1_33' title="bbox 142 3691 1374 3784; baseline 0.004 -23"><span class='ocrx_word' id='word_1_250' title='bbox 142 3695 201 3761; x_wconf 77' lang='grc' dir='ltr'><strong><em>τινὶ</em></strong></span> <span class='ocrx_word' id='word_1_251' title='bbox 233 3703 380 3777; x_wconf 70' lang='grc' dir='ltr'><strong><em>γυαναςῇ</em></strong></span> <span class='ocrx_word' id='word_1_252' title='bbox 402 3693 473 3758; x_wconf 82' lang='grc' dir='ltr'><strong><em>τίνα</em></strong></span> <span class='ocrx_word' id='word_1_253' title='bbox 506 3692 634 3771; x_wconf 74' lang='grc' dir='ltr'><strong><em>δύναμιν</em></strong></span> <span class='ocrx_word' id='word_1_254' title='bbox 667 3691 734 3776; x_wconf 78' lang='grc' dir='ltr'><strong><em>ἔχει</em></strong></span> <span class='ocrx_word' id='word_1_255' title='bbox 762 3695 797 3758; x_wconf 77' lang='grc' dir='ltr'><strong>τὸ</strong></span> <span class='ocrx_word' id='word_1_256' title='bbox 828 3695 1091 3776; x_wconf 68' lang='grc' dir='ltr'><strong>ὑτνσνγχρίσσθαι</strong></span> <span class='ocrx_word' id='word_1_257' title='bbox 1121 3698 1374 3784; x_wconf 59' lang='lat' dir='ltr'><strong>respondisse</strong></span> 
     </span>
     <span class='ocr_line' id='line_1_34' title="bbox 145 3796 1374 3881; baseline 0.007 -15"><span class='ocrx_word' id='word_1_258' title='bbox 145 3800 263 3867; x_wconf 71' lang='lat' dir='ltr'><strong>refiert:</strong></span> <span class='ocrx_word' id='word_1_259' title='bbox 287 3797 450 3881; x_wconf 68' lang='grc' dir='ltr'><strong><em>ἀφανίζειν</em></strong></span> <span class='ocrx_word' id='word_1_260' title='bbox 472 3797 514 3863; x_wconf 71' lang='grc' dir='ltr'><strong><em>ταὶ</em></strong></span> <span class='ocrx_word' id='word_1_261' title='bbox 538 3797 664 3874; x_wconf 74' lang='grc' dir='ltr'><strong><em>ἱμάτια.</em></strong></span> <span class='ocrx_word' id='word_1_262' title='bbox 711 3797 832 3865; x_wconf 85' lang='lat' dir='ltr'><strong>Deinde</strong></span> <span class='ocrx_word' id='word_1_263' title='bbox 856 3799 964 3865; x_wconf 82' lang='lat' dir='ltr'><strong>addit:</strong></span> <span class='ocrx_word' id='word_1_264' title='bbox 987 3796 1088 3878; x_wconf 73' lang='grc' dir='ltr'><strong><em>ὅμοιόν</em></strong></span> <span class='ocrx_word' id='word_1_265' title='bbox 1110 3828 1141 3869; x_wconf 86' lang='grc' dir='ltr'><strong>τι</strong></span> <span class='ocrx_word' id='word_1_266' title='bbox 1162 3808 1218 3869; x_wconf 83' lang='grc' dir='ltr'><strong>τοῦ</strong></span> <span class='ocrx_word' id='word_1_267' title='bbox 1239 3808 1374 3873; x_wconf 64' lang='lat' dir='ltr'><strong>notun·</strong></span> 
     </span>
     <span class='ocr_line' id='line_1_35' title="bbox 145 3902 1374 3991; baseline 0.001 -18"><span class='ocrx_word' id='word_1_268' title='bbox 145 3932 198 3973; x_wconf 87' lang='grc' dir='ltr'><strong>τον</strong></span> <span class='ocrx_word' id='word_1_269' title='bbox 222 3905 418 3987; x_wconf 65' lang='grc' dir='ltr'><strong>περιφέρεται</strong></span> <span class='ocrx_word' id='word_1_270' title='bbox 442 3902 642 3986; x_wconf 69' lang='grc' dir='ltr'><strong><em>ἀπόφθεγμα</em></strong></span> <span class='ocrx_word' id='word_1_271' title='bbox 664 3903 699 3969; x_wconf 75' lang='grc' dir='ltr'><strong>τὸ</strong></span> <span class='ocrx_word' id='word_1_272' title='bbox 731 3904 797 3984; x_wconf 78' lang='grc' dir='ltr'><strong>περὶ</strong></span> <span class='ocrx_word' id='word_1_273' title='bbox 827 3909 885 3969; x_wconf 80' lang='grc' dir='ltr'><strong>τῶν</strong></span> <span class='ocrx_word' id='word_1_274' title='bbox 909 3904 998 3984; x_wconf 81' lang='grc' dir='ltr'><strong><em>αὔραν</em></strong></span> <span class='ocrx_word' id='word_1_275' title='bbox 1029 3907 1068 3980; x_wconf 76' lang='grc' dir='ltr'><strong>ὥς</strong></span> <span class='ocrx_word' id='word_1_276' title='bbox 1098 3907 1249 3991; x_wconf 71' lang='grc' dir='ltr'><strong><em>γραφέας</em></strong></span> <span class='ocrx_word' id='word_1_277' title='bbox 1280 3908 1374 3983; x_wconf 62' lang='grc' dir='ltr'><strong>ἐφ’</strong></span> 
     </span>
     <span class='ocr_line' id='line_1_36' title="bbox 144 4006 1374 4103; baseline 0.002 -24"><span class='ocrx_word' id='word_1_278' title='bbox 144 4011 392 4091; x_wconf 71' lang='grc' dir='ltr'><strong><em>καταμανθάνειν</em></strong></span> <span class='ocrx_word' id='word_1_279' title='bbox 415 4006 511 4074; x_wconf 77' lang='grc' dir='ltr'><strong><em>αὐτοὶ.</em></strong></span> <span class='ocrx_word' id='word_1_280' title='bbox 556 4007 663 4074; x_wconf 84' lang='lat' dir='ltr'><strong>Bonus</strong></span> <span class='ocrx_word' id='word_1_281' title='bbox 696 4010 875 4096; x_wconf 87' lang='lat' dir='ltr'><strong>interpres:</strong></span> <span class='ocrx_word' id='word_1_282' title='bbox 908 4010 1016 4075; x_wconf 77' lang='grc' dir='ltr'><strong><em>ιινίιιασ</em></strong></span> <span class='ocrx_word' id='word_1_283' title='bbox 1040 4032 1131 4079; x_wconf 81' lang='lat' dir='ltr'><strong>nuere</strong></span> <span class='ocrx_word' id='word_1_284' title='bbox 1162 4013 1205 4079; x_wconf 83' lang='lat' dir='ltr'><strong>cd</strong></span> <span class='ocrx_word' id='word_1_285' title='bbox 1228 4015 1374 4103; x_wconf 64' lang='lat' dir='ltr'><strong>pter-2·</strong></span> 
     </span>
     <span class='ocr_line' id='line_1_37' title="bbox 142 4112 1374 4204; baseline 0.003 -23"><span class='ocrx_word' id='word_1_286' title='bbox 142 4141 210 4183; x_wconf 83' lang='lat' dir='ltr'><strong>rem</strong></span> <span class='ocrx_word' id='word_1_287' title='bbox 239 4117 393 4204; x_wconf 80' lang='lat' dir='ltr'><strong>pertinere</strong></span> <span class='ocrx_word' id='word_1_288' title='bbox 428 4112 552 4179; x_wconf 86' lang='lat' dir='ltr'><strong>scribit.</strong></span> <span class='ocrx_word' id='word_1_289' title='bbox 604 4113 682 4194; x_wconf 87' lang='lat' dir='ltr'><strong>Quis</strong></span> <span class='ocrx_word' id='word_1_290' title='bbox 714 4136 777 4180; x_wconf 91' lang='lat' dir='ltr'><strong>nnn</strong></span> <span class='ocrx_word' id='word_1_291' title='bbox 810 4116 919 4181; x_wconf 81' lang='lat' dir='ltr'><strong>statim</strong></span> <span class='ocrx_word' id='word_1_292' title='bbox 952 4112 1039 4182; x_wconf 86' lang='lat' dir='ltr'><strong>videl</strong></span> <span class='ocrx_word' id='word_1_293' title='bbox 1072 4119 1221 4204; x_wconf 74' lang='grc' dir='ltr'><strong><em>γναφέας</em></strong></span> <span class='ocrx_word' id='word_1_294' title='bbox 1256 4140 1374 4189; x_wconf 60' lang='lat' dir='ltr'><strong>aaz</strong></span> 
     </span>
     <span class='ocr_line' id='line_1_38' title="bbox 144 4218 1374 4306; baseline 0.007 -19"><span class='ocrx_word' id='word_1_295' title='bbox 144 4220 402 4288; x_wconf 82' lang='lat' dir='ltr'><strong>eniernlandnml</strong></span> <span class='ocrx_word' id='word_1_296' title='bbox 449 4218 545 4285; x_wconf 88' lang='lat' dir='ltr'><strong>Plura</strong></span> <span class='ocrx_word' id='word_1_297' title='bbox 569 4218 608 4285; x_wconf 92' lang='lat' dir='ltr'><strong>de</strong></span> <span class='ocrx_word' id='word_1_298' title='bbox 632 4240 748 4306; x_wconf 82' lang='lat' dir='ltr'><strong>genere</strong></span> <span class='ocrx_word' id='word_1_299' title='bbox 779 4219 837 4287; x_wconf 88' lang='lat' dir='ltr'><strong>hoc</strong></span> <span class='ocrx_word' id='word_1_300' title='bbox 869 4219 948 4287; x_wconf 89' lang='lat' dir='ltr'><strong>alias</strong></span> <span class='ocrx_word' id='word_1_301' title='bbox 974 4219 1131 4303; x_wconf 78' lang='lat' dir='ltr'><strong>afferam,</strong></span> <span class='ocrx_word' id='word_1_302' title='bbox 1166 4244 1255 4293; x_wconf 88' lang='lat' dir='ltr'><strong>nunc</strong></span> <span class='ocrx_word' id='word_1_303' title='bbox 1284 4236 1374 4295; x_wconf 80' lang='grc' dir='ltr'><strong>ιΙΞ</strong></span> 
     </span>
     <span class='ocr_line' id='line_1_39' title="bbox 143 4314 639 4415; baseline 0.002 -22"><span class='ocrx_word' id='word_1_304' title='bbox 143 4314 331 4415; x_wconf 79' lang='lat' dir='ltr'><strong>Euripidem</strong></span> <span class='ocrx_word' id='word_1_305' title='bbox 356 4333 405 4392; x_wconf 86' lang='lat' dir='ltr'><strong>cst</strong></span> <span class='ocrx_word' id='word_1_306' title='bbox 428 4323 639 4395; x_wconf 90' lang='lat' dir='ltr'><strong>redeundum.</strong></span> 
     </span>
    </p>
   </div>
   <div class='ocr_carea' id='block_1_3' title="bbox 0 0 1480 5010">
    <p class='ocr_par' dir='ltr' id='par_1_3' title="bbox 0 0 1480 5010">
     <span class='ocr_line' id='line_1_40' title="bbox 0 0 1480 5010; baseline 0 0"><span class='ocrx_word' id='word_1_307' title='bbox 0 0 1480 5010; x_wconf 95' lang='lat' dir='ltr'><strong> </strong></span> 
     </span>
    </p>
   </div>
  </div>
 </body>
</html>
