2940 5010
695 272 758 334 788

137 446 238 513 menti
266 453 342 511 soret
363 443 482 527 ἐφύνιν,
513 448 650 525 φυῆναι,
670 444 780 526 perte,
806 461 869 529 qua
898 443 1078 510 sexcenties
1101 451 1242 512 utuntur
1262 442 1309 513 de·

135 550 219 637 cepti
255 548 358 615 laliaci
388 548 533 633 analogia
566 548 599 613 in
631 548 754 630 ἐρρύνυ,
785 553 911 632 ῥυῆναι,
941 550 1031 631 ivelc.
1073 552 1184 634 Ἔφυν
1215 551 1311 636 igiter

134 656 225 743 plane
250 656 282 720 in
315 651 558 720 desuetudinem
582 652 682 730 abiit,
714 661 745 720 et
773 652 874 720 multe
898 654 995 720 etiam
1029 654 1121 741 prius
1153 654 1254 744 proha
1280 664 1311 723 et

134 762 267 847 antiqua
296 758 398 825 ferma
428 758 494 825 ἔδυν
526 777 600 824 curn
634 760 820 845 compositis
851 759 950 825 ἐνέδυν
981 768 1043 826 cet.
1073 779 1135 826 usu
1168 759 1312 829 excidere

135 866 248 953 coepit.
298 862 520 932 Procuderont
545 863 740 931 recentiores
762 863 875 932 Graeci
906 884 945 932 er
977 863 1124 950 analogia
1158 868 1313 933 acrisium

135 971 257 1038 credide
285 968 405 1035 formae
435 968 610 1048 ἔδυσάμνιν,
640 969 850 1050 ἕνεδυσάμκν,
886 969 1086 1050 ὑσεδυσάμκν
1121 979 1186 1039 cel.
1218 991 1313 1059 quum

135 1076 297 1143 nescirent
320 1073 409 1151 ἔδυν,
432 1074 548 1152 ἕνέδυν,
572 1074 682 1141 ύιιέδυν
705 1082 767 1143 cet.
792 1075 825 1141 in
850 1076 983 1162 antiqua
1013 1075 1129 1143 Graeci
1158 1079 1314 1145 sermonis

136 1182 273 1248 sanitate
296 1179 355 1245 boc
379 1180 447 1266 ipso
477 1197 573 1244 sensu
597 1177 698 1246 luisse
722 1179 851 1246 usitata.
897 1178 975 1246 Neri
1000 1180 1098 1247 istius
1117 1182 1235 1249 coristi
1256 1180 1313 1250 ire·

135 1287 368 1375 quentissimus
390 1282 475 1370 apud
499 1304 609 1352 omnes
633 1304 712 1351 usus
737 1294 797 1351 cst,
843 1284 1043 1372 Ubicumque
1071 1287 1161 1353 enim
1186 1285 1314 1357 Veteres

137 1390 311 1459 utebantur
332 1388 444 1454 formis·
462 1388 580 1467 ε’νέδυν,
604 1390 740 1469 ἐνδῦναι,
762 1389 866 1465 ἐνδύς,
890 1391 1028 1471 άτέδυν,
1050 1391 1205 1468 άτύδυθι,
1229 1393 1313 1470 ἐκδύς

137 1495 337 1582 caeterisque
367 1493 516 1561 omuibus
545 1492 667 1561 videbis
701 1495 779 1561 istos
800 1500 987 1562 constanter
1006 1514 1104 1563 sunm
1126 1498 1316 1578 ἐνεδυνάμιιν

137 1620 255 1688 ponere
271 1609 303 1666 el
315 1600 516 1677 ἐνδύσασθαι,
535 1598 753 1678 ἐνδυσάμενος,
769 1598 994 1679 άτεδυσάμνν,
1012 1602 1170 1670 άτύδυσαι
1182 1612 1246 1670 cel.
1259 1602 1314 1670 fle·

138 1705 287 1796 sychius:
313 1704 470 1777 Ἐκδύςε
495 1703 698 1783 ἐκδυσάμενος
723 1713 755 1771 et
775 1705 981 1789 ’ΛμΦιδύςε
1005 1706 1210 1787 ἐνδυσάμενος
1234 1727 1313 1774 com·

138 1831 259 1900 ponens
277 1819 416 1876 veterem
443 1807 569 1875 dicendi
595 1829 688 1875 usum
715 1819 746 1876 et
766 1810 951 1896 sequiornm
964 1812 1121 1889 συνήθειαν
1144 1814 1314 1900 componit

140 1917 324 1984 Sexcenties
336 1912 589 1993 animadvertes,
609 1917 636 1980 si
655 1915 714 1980 boc
733 1935 829 2001 ages,
849 1917 1101 1985 tererestereres
1123 1915 1253 1996 dicere,
1270 1936 1314 1983 se·

140 2023 268 2109 quiores
288 2020 486 2097 ἐνδύσασθαι,
510 2019 677 2086 Atticistas
700 2027 733 2085 et
752 2039 881 2100 omnes,
904 2022 961 2106 qui
980 2020 1161 2107 elegantius
1180 2022 1317 2090 scribere

140 2126 330 2207 studebant,
354 2123 447 2190 mede
465 2132 590 2191 veteres
611 2125 751 2203 imitari,
773 2124 867 2191 medo
887 2124 926 2193 ad
942 2126 1125 2213 aequalium
1146 2136 1314 2197 consuetu·

141 2233 248 2300 dinem
272 2229 384 2299 delabi.
421 2229 512 2316 tlpud
531 2228 705 2297 Diodorum
720 2228 865 2296 Siculum
888 2238 999 2297 utrum
1020 2232 1105 2306 ἐνδύς
1127 2253 1169 2300 an
1194 2231 1316 2300 ἐνδυσά-

139 2363 228 2419 μενος
247 2337 386 2422 'legatur
415 2333 548 2421 perinde
570 2343 619 2401 est
645 2335 679 2400 in
710 2335 853 2402 eratione
875 2344 923 2402 tet
954 2338 1140 2423 sequiornm
1165 2339 1255 2406 vitiis
1274 2341 1317 2406 in·

140 2445 283 2530 quinata.
332 2440 392 2508 Sed
420 2441 453 2505 in
482 2440 695 2526 Antiquarum
720 2440 850 2525 scriptis
873 2441 901 2508 si
930 2440 1057 2528 quando
1085 2442 1237 2511 δύσασθαι
1265 2453 1317 2511 aut

141 2548 353 2633 compositum
390 2546 532 2611 occurrit
568 2543 656 2611 lraus
681 2543 850 2612 manifesta
881 2554 1020 2613 tenetur.
1076 2546 1178 2614 Nemo
1212 2569 1318 2616 eorum

141 2653 245 2740 potuit
277 2649 377 2716 lorma
409 2649 544 2716 barbara
575 2652 623 2716 uti
655 2649 854 2736 aliquamdiu
884 2661 955 2738 pest
986 2651 1206 2719 Alexandrum
1239 2662 1318 2721 nata.

141 2759 214 2825 Scio
236 2757 402 2843 irrepsisse
432 2755 600 2841 aliquoties
624 2762 655 2820 et
684 2754 807 2821 scribas
833 2756 964 2843 impunc
997 2755 1129 2824 tulisse:
1162 2761 1317 2846 expromsi

140 2863 238 2930 huius
262 2862 388 2948 generis
410 2862 488 2926 vitia
522 2859 677 2947 quaedam
707 2862 739 2925 in
765 2863 872 2948 priore
895 2869 1003 2948 parte:
1028 2860 1083 2928 sed
1106 2860 1175 2928 lore
1199 2865 1268 2929 scio
1289 2870 1321 2930 ut

141 2969 221 3035 baec
243 2967 350 3032 omnia
370 2965 541 3051 aliquando
563 2972 763 3052 purgentur,
797 2985 899 3052 neque
923 2965 1074 3033 credetur
1097 2966 1238 3054 amplius
1261 2968 1319 3035 lle·

142 3073 274 3140 rodetos
307 3071 447 3138 scribere
478 3071 620 3158 potuisse
644 3071 681 3134 V.
708 3075 792 3138 106:
828 3074 908 3145 θεοὺς
940 3070 1096 3151 ἑτθμνυμι
1126 3074 1200 3146 τοὺς
1232 3075 1320 3154 βασι·

142 3180 244 3255 δηΐους
266 3180 311 3257 μὴ
334 3178 392 3257 μὲν
414 3177 554 3260 πρότερον
578 3177 824 3243 ἐκδύσασθαι
858 3178 909 3244 τὸν
930 3176 1012 3259 ἔχων
1047 3179 1156 3243 κιθῶνα
1178 3181 1320 3260 καταβά-

143 3309 236 3365 σιμαι
267 3285 298 3357 ἐς
329 3283 439 3358 'toules
474 3283 541 3348 κτὲ.
567 3300 704 3367 namque
728 3280 900 3349 barbarum
932 3281 992 3348 boc
1022 3302 1091 3349 esse
1127 3302 1191 3350 non
1216 3287 1322 3353 minus

143 3409 238 3476 quam
259 3386 449 3464 τεύξασθαι,
472 3384 669 3469 Φεύξασθαι,
692 3386 840 3463 δύξασθαι
863 3386 1063 3474 similiaque,
1087 3407 1171 3474 quac
1195 3392 1321 3477 saepius

143 3502 330 3562 occurrunt.
377 3491 556 3559 Herodotus
587 3511 663 3577 ergo
694 3493 839 3558 omnium
871 3512 1028 3559 censensu
1060 3494 1194 3581 recipiet
1229 3514 1322 3562 sunm

143 3601 321 3667 ἐκδύσασθαι
345 3607 378 3663 et
401 3596 558 3683 quidquid
583 3597 763 3663 istiusmodi
789 3598 820 3663 in
854 3598 1062 3684 antiquorum
1095 3597 1189 3664 libris
1216 3598 1322 3687 depre·

143 3704 303 3772 hendetur
326 3702 466 3769 librariis
490 3702 703 3789 imputabitur
723 3721 798 3768 suas
830 3701 956 3768 dicendi
989 3701 1099 3770 sordes
1125 3703 1325 3791 negligenter

143 3807 373 3896 ingerentibus.
421 3806 489 3873 Non
515 3827 578 3873 nno
602 3808 732 3874 nomine
761 3807 987 3893 turpissimum
1018 3816 1069 3875 est
1100 3810 1327 3887 ύτοδύσασθαι,

144 3914 226 4001 quod
251 3913 464 3981 commaculat
480 3911 704 3999 Aristophanis
727 3911 848 3998 Vespas
871 3933 918 3978 vs.
940 3918 1044 3980 1159:

233 4031 297 4086 ΒΔ.
344 4017 407 4098 atys
431 4044 481 4085 νυν
505 4018 632 4085 ὑσοδύοο
654 4018 713 4091 τάς
738 4015 932 4098 καταράτους
956 4018 1125 4097 ἐμβάδας,

345 4125 435 4191 τασδὶ
460 4125 486 4190 δ’
509 4123 627 4197 άνύσας
652 4124 772 4190 ύσοδυθι
796 4124 856 4196 τάς
878 4125 1074 4199 Λακωνικάς.

234 4242 315 4298 ΦΙΛ.
334 4233 406 4310 «ἐγὼ
429 4230 491 4310 γάρ
514 4228 552 4296 άν
576 4231 687 4304 τλαίην
716 4228 988 4298 ύτοδύσατύαί
1010 4255 1086 4298 ποτε

345 4338 456 4419 ἐχθρῶν
480 4342 553 4418 παρ’
575 4336 686 4415 άνδρῶν
710 4336 843 4416 δυσμενῆ
866 4338 1080 4417 καττύματα,
