2940 5010
706 290 772 354 586

148 473 263 550 πρῶτον
286 461 438 540 ἐπιδεῖξαι
460 464 561 546 αὐτῇ,
594 461 716 528 inserta
740 458 852 528 vocula
874 458 1084 529 scribendum
1111 481 1186 532 0880
1205 482 1335 533 cellano:

149 573 175 639 si
198 573 244 653 μὴ
266 578 322 646 τῆς
343 570 440 642 οἰκίας
462 568 517 643 τὴν
537 566 667 646 δθναραόν
692 565 751 655 (γ’)
776 564 859 643 ἓδιξό
881 589 933 645 ρισι
953 568 1020 635 mi.
1055 566 1219 657 Compara
1234 568 1289 639 lx.
1308 578 1336 637 1.

148 678 182 745 τό
203 677 258 752 δὲ,
295 677 321 742 ei
346 676 392 755 μὴ
416 670 602 755 ὑπισχνεῑτό
631 695 672 750 γε
703 672 969 751 όπιμελιθσεσθαι,
1000 678 1035 739 et
1056 671 1112 741 lx.
1140 678 1196 742 18.
1230 675 1265 743 τό
1286 675 1335 755 δό,

148 782 281 865 1φν,ε1
305 782 350 859 μὴ
373 776 442 844 εἶπέ
466 779 507 857 γέ
527 801 596 857 μοι,
620 786 654 843 et
675 774 788 844 eadem
814 794 912 863 opera
935 776 1074 845 restitue
1097 778 1137 847 19
1161 783 1198 847 8.
1234 780 1269 849 τό
1288 782 1335 863 ii,

149 886 232 969 ἔφη,
263 886 289 951 εὶ
313 885 358 964 μὴ
381 889 436 959 τσῦ
459 887 567 949 λοιποῦ
592 880 657 971 (γε)
689 885 823 947 τοιοῦτον
854 882 936 949 οὐδὲν
959 919 1005 933 -
1027 883 1335 968 ἐπραγματεύσατο,

148 994 183 1057 in
208 989 326 1055 talibus
350 987 436 1055 enim
455 1012 495 1066 χε
524 985 681 1053 ascribis
701 984 871 1072 aliquoties
903 987 1089 1067 omittitur,
1124 987 1335 1059 Atheniens

148 1116 212 1162 non
235 1092 449 1169 omittebant,
473 1094 568 1159 euius
600 1092 646 1158 nei
671 1088 773 1156 multa
802 1089 889 1177 apud
913 1091 1163 1180 Aristophanem
1194 1095 1334 1186 exenpls

146 1208 247 1280 sunt,
281 1199 336 1266 ulii
370 1196 458 1264 nulla
491 1195 614 1286 syllaba
648 1197 782 1283 impune
817 1203 921 1282 potest
961 1196 1083 1266 abesse.
1137 1198 1276 1289 Legitur
1301 1202 1332 1269 in

148 1307 272 1393 Ειμιιιι.
299 1307 371 1370 tao.

281 1417 346 1490 μῶν
369 1410 403 1474 ἐκ
427 1414 530 1474 καλῶν
554 1403 582 1474 ei
600 1407 766 1486 νόχαθῶνς
789 1417 823 1473 Β.
855 1407 905 1487 μα
927 1409 998 1483 τοὺς
1021 1409 1130 1488 Aeolis,

280 1516 307 1580 ei
331 1514 376 1592 uit
400 1517 429 1578 ἰι
452 1519 584 1595 πονηρῶν
607 1536 659 1590 γε.

145 1632 176 1687 et
197 1621 228 1686 in
253 1616 445 1704 Thesmopln.
467 1620 544 1683 898.

277 1722 358 1798 αὕτη
383 1722 493 1797 Θεονόη
518 1723 675 1805 Πρωτέως.
710 1733 742 1789 Β.
768 1721 818 1800 lsai
841 1721 883 1788 τό)
908 1723 984 1801 θεώ,

278 1831 305 1896 εἰ
328 1831 374 1908 μὴ
394 1827 554 1909 Κρότνλλιθ
577 1831 611 1907 χ’
636 1826 790 1894 ’Λνσιθέσιι
811 1826 1038 1910 Γαργηττόθεν.

145 1944 176 2003 et
201 1936 234 2002 in
262 1934 399 2023 Lysistn.
423 1936 499 2000 915.

282 2042 344 2120 οὐχ
367 2039 421 2114 ἡδὺ
445 2039 481 2104 τό
501 2038 616 2119 μθρσν,
638 2037 688 2117 μδ
711 2039 763 2103 τόν
787 2036 958 2115 Ἀπόλλω,
980 2040 1129 2120 amori,

281 2147 307 2211 si
331 2145 376 2223 μὴ
399 2142 608 2224 διατριπτικόν
630 2166 672 2220 χε
694 2144 769 2208 κούκ
791 2141 855 2224 όζσν
878 2142 1004 2222 χάρισιν.

144 2258 176 2316 et
202 2251 234 2316 in
259 2248 381 2316 Avibus
408 2251 516 2326 1680,
540 2246 593 2312 ubi
615 2248 686 2313 sine
709 2266 806 2313 sensu
829 2245 957 2313 editur:

278 2355 328 2434 μδ
351 2353 403 2419 τόν
427 2354 496 2428 Δό,
519 2354 580 2434 οὐχ
603 2349 689 2426 οὗτός
713 2376 753 2432 χε
777 2353 967 2433 παραδοῦναι
991 2351 1100 2432 λέγει,

281 2461 307 2525 εἰ
332 2462 376 2540 μὴ
396 2455 537 2537 βαδίζειν
560 2455 660 2539 ὥσπερ
683 2459 710 2523 oi
732 2455 914 2537 χελιδόνες,

147 2564 297 2630 restituta
321 2563 381 2630 hae
404 2564 472 2648 ipsa
497 2560 647 2648 loquendi
672 2560 774 2628 torma
795 2561 1024 2645 corrigendum
1048 2583 1120 2632 esse
1139 2584 1273 2634 censeo:

281 2671 307 2735 ei
331 2671 375 2749 pia
398 2666 509 2748 βαΰζει
534 2671 583 2745 γ’,
607 2665 706 2748 ὅσπερ
729 2669 755 2732 oi
778 2667 948 2748 χελιδόνες.

193 2772 281 2840 lilem
306 2770 434 2840 dicendi
455 2790 558 2857 genus
582 2772 725 2838 occurrit
746 2772 779 2836 in
803 2770 1027 2857 Aristophanis
1048 2770 1250 2859 fragmento:

282 2881 308 2946 si
332 2883 376 2959 pti
400 2877 574 2958 Προμηθεύς
599 2879 634 2955 χ’
657 2877 740 2954 εἰμὶ,
763 2873 873 2941 τᾶλλα
896 2876 1063 2957 ψεύδομαι.

147 2993 179 3050 et
205 2986 237 3050 in
261 2984 457 3073 Cynopaedia
477 2983 501 3048 1.
526 3003 567 3047 ιν.
596 2987 645 3046 15.
678 2983 711 3047 τό
728 2982 783 3058 δέ,
806 2979 891 3064 ἔφη,
910 2981 936 3045 εἰ
960 2982 1005 3060 μθ
1027 2985 1219 3063 μαστιγώσας
1239 2984 1320 3055 ateis

149 3114 189 3169 χε
210 3131 255 3144 -
275 3091 385 3156 ἔπειτα
410 3088 444 3166 ἐξ
465 3092 566 3170 ἀρχῆς
591 3085 687 3152 πόλιν
710 3087 795 3168 αὐτῷ
817 3092 968 3167 χρῶμαι,
1003 3095 1036 3153 et
1067 3090 1181 3174 paucis
1205 3090 1322 3177 quibus·

148 3195 221 3261 ulam
247 3196 385 3261 alionum
409 3193 499 3260 locis.

195 3302 377 3366 Atticorum
403 3317 498 3363 utiles
523 3298 555 3362 iu
579 3295 697 3362 talibus
722 3303 788 3360 tam
815 3292 999 3361 fastidiosae
1022 3305 1099 3364 suot
1123 3306 1157 3364 et
1186 3298 1323 3388 loquendi

152 3424 229 3472 usus
255 3413 319 3469 laun
344 3410 514 3477 constans,
548 3411 583 3466 ut
614 3400 742 3488 siquid
777 3400 946 3478 omiseris,
978 3401 1006 3466 si
1030 3401 1107 3488 quid
1133 3411 1324 3492 transposue-

148 3512 214 3587 ris,
238 3509 349 3575 statim
372 3506 474 3571 oratio
498 3526 561 3571 non
586 3507 665 3572 satis
689 3506 813 3590 integra
836 3512 870 3571 et
891 3524 968 3570 satia
998 3515 1032 3573 et
1054 3507 1162 3575 Attica
1188 3511 1324 3578 videatur

146 3636 227 3683 osse.
251 3613 340 3682 Dabo
364 3613 409 3678 nei
434 3609 617 3677 simillimae
638 3609 724 3675 atino
749 3609 944 3697 exemplum.
973 3611 1154 3679 Atticorum
1170 3618 1324 3704 proprium

147 3731 195 3789 est
219 3721 264 3786 ita
286 3719 411 3794 dicere,
437 3725 472 3783 ut
496 3715 668 3801 Euripides
692 3714 724 3778 in
752 3713 862 3780 Medea
884 3714 968 3781 dixit
997 3736 1043 3784 νε.
1068 3722 1143 3786 911.

283 3826 337 3890 οὐκ
359 3818 414 3888 οἷδ’
437 3821 476 3889 ἂν
500 3822 525 3886 ai
551 3824 707 3899 πείσαιμι.
731 3822 897 3902 πειρᾶσθαι
922 3821 953 3886 tl
976 3825 1050 3903 χρή.

146 3941 178 3998 ot
206 3933 237 3996 in
263 3927 423 3995 Alcestide
448 3946 493 3992 vs.
520 3930 574 3992 49.

280 4035 387 4112 λαβὼν
411 4032 468 4109 ἴθ’,
490 4034 524 4099 σθ
548 4030 611 4111 γὰρ
639 4023 695 4095 οἷδ’
717 4027 755 4094 ἂν
780 4033 806 4096 ε]
831 4031 979 4111 πείσαιμί
1003 4058 1050 4100 σε.

189 4141 288 4205 Locos
307 4136 429 4205 similes
449 4136 577 4222 collegit
590 4136 716 4222 plinius
739 4134 892 4201 llattliiae
912 4135 1057 4207 Gramm.
1079 4139 1134 4207 Gr.
1160 4143 1180 4226 ς
1198 4144 1274 4210 1198.
1290 4140 1324 4216 G,

142 4265 280 4332 quorum
306 4243 464 4308 rationein
489 4240 644 4326 explicuit
666 4238 839 4307 illmsleius
862 4239 902 4307 all
930 4241 1043 4329 Euirip.
1069 4244 1149 4313 Med.
1173 4250 1249 4312 911.
1272 4242 1323 4311 At·

138 4351 221 4418 «lidia
246 4347 400 4415 nonnulla
427 4344 659 4413 Stallbaumius
680 4343 718 4411 ad
745 4344 888 4414 Platonis
913 4347 996 4413 Tim.
1021 4369 1053 4436 p.
1076 4352 1120 4416 16
1143 4350 1179 4416 Β.
1204 4359 1236 4418 et
1260 4349 1322 4416 liin
