2940 5010
703 286 766 345 lilii

138 458 332 527 bobraeum.
382 459 432 524 'lu
459 456 548 523 villos
577 477 637 523 cur
659 466 847 524 ΕΙΣΕΙΕΙΣ
880 458 913 523 in
937 458 1030 543 cirins
1057 458 1182 525 abierit.
1239 460 1327 528 ldem

136 584 246 653 ponus
266 562 377 631 mendi
397 564 596 650 conspicitur·
617 565 650 628 in
668 563 893 630 Demosthenis
914 564 1129 631 Aristocratoa
1148 587 1180 652 p.
1193 571 1278 645 654,
1299 574 1330 635 'l.

140 672 168 739 al
197 670 258 751 μὲν
288 668 422 748 ίιίοομεν
445 708 489 721 -
513 670 733 752 διατρίψομεν,
760 672 786 735 εί
810 671 837 735 δ’
860 668 1007 749 ἐπέξιμεν
1028 707 1072 719 -
1095 673 1334 750 ιὶναμκαοίνοί·

139 779 236 857 μνία.
283 775 445 842 lluturnm
467 774 612 855 ἐπέξιμεν
635 775 668 838 in
689 775 762 840 aliis
783 773 908 839 videbis
930 775 962 839 in
986 773 1158 856 ἐπεξίωμεν
1179 776 1332 864 depraua-

142 890 216 951 tum
239 888 273 949 cl
299 879 462 961 ίπεξίομεν
482 889 516 947 el
545 880 737 959 ἐπεξίοιμεν,
763 881 818 966 qui
846 887 922 945 sunl
952 879 1015 945 duo
1044 880 1225 948 soloecismi
1257 903 1333 951 cum

141 1008 209 1056 nun
232 986 445 1055 barbarismo.
493 986 651 1053 Similiter
681 987 713 1050 iu
738 986 940 1051 Timocratea
964 1005 995 1071 p.
1016 990 1099 1064 755,
1122 991 1154 1055 b.
1188 985 1269 1064 ὅπως
1293 987 1334 1057 ὦν

142 1094 184 1163 ἄν
205 1096 296 1173 ὑμεῖς
320 1093 508 1171 καταγνῶτε
528 1091 630 1159 ἄδετοι
655 1094 828 1174 περιίασιν,
856 1090 937 1157 bona
968 1112 1041 1178 pars
1059 1091 1215 1159 librorum
1234 1096 1333 1162 eliam

141 1200 342 1287 optimorum
373 1200 525 1279 περιίωσιν
555 1197 702 1274 exbibet,
735 1196 819 1283 quod
848 1217 942 1262 nemo
967 1197 1124 1283 probabit.
1173 1196 1334 1267 proclives

142 1306 233 1373 cuim
244 1311 323 1371 sunt
334 1303 482 1370 Graeculi
500 1323 611 1369 omnes
632 1304 664 1367 in
687 1300 770 1369 barm
791 1310 934 1389 partem,
957 1312 991 1368 ut
1015 1301 1135 1368 luturis
1154 1324 1230 1371 cnm
1251 1305 1333 1382 ίπως

140 1410 327 1477 coniunctis
345 1408 544 1475 subiunctivi
566 1407 686 1474 formas
707 1408 927 1485 substituant,
949 1416 1074 1474 mutata
1099 1409 1200 1475 vocali
1214 1413 1334 1498 turpis·

140 1516 243 1585 simos
269 1514 487 1583 barbarismos
515 1513 703 1580 inuehentes
733 1523 769 1581 ut
799 1516 927 1601 saepius
959 1513 1071 1580 multis
1102 1513 1334 1583 demonstravi·

141 1640 229 1689 mus.
277 1620 315 1687 ln
334 1621 388 1686 illo
405 1621 473 1707 ipso
492 1619 560 1685 loco
578 1618 776 1698 Anabaseos,
802 1617 886 1685 untle
904 1618 986 1684 lianc
1008 1623 1249 1689 annotationem
1267 1625 1333 1689 orsi

139 1746 274 1805 murus,
297 1726 500 1792 luculentum
525 1726 571 1791 rei
595 1724 777 1811 exemplum
802 1732 861 1791 est.
896 1724 1073 1791 Servarnnt
1097 1728 1211 1812 optimi
1236 1736 1334 1795 testes

139 1828 224 1907 broc
243 1870 290 1883 --
308 1830 459 1912 ἄπιμεν
479 1832 531 1896 καὶ
553 1828 634 1903 ὅπως
650 1826 817 1908 -ἕξομεν
838 1830 892 1896 sed
911 1838 1085 1917 peccarunt
1104 1831 1200 1898 iitlem
1221 1853 1333 1900 omues

142 1938 178 2005 iu
200 1934 284 2013 ὅπως
306 1938 446 2018 μένωμεν
470 1956 528 2022 pro
552 1942 715 2016 μενοῦμεν.
772 1934 807 2001 Si
829 1937 904 2021 quis
930 1946 1038 2002 aulem
1064 1955 1104 2001 ex
1127 1936 1179 2003 bis
1202 1958 1333 2025 perspe-

140 2046 229 2111 xerit
252 2045 422 2111 lectionem
445 2043 589 2121 ἀπίωμεν
612 2043 707 2107 nauci
730 2059 792 2105 non
819 2060 906 2120 esso,
930 2043 959 2106 is
977 2041 1088 2108 endem
1110 2063 1206 2129 opera
1231 2045 1265 2111 iu
1289 2044 1332 2110 lo·

141 2150 191 2217 cis
218 2148 449 2236 complusculis
472 2167 581 2213 veram
611 2148 808 2232 scripturam
833 2148 944 2212 statim
967 2146 1133 2232 protrahet
1157 2150 1191 2213 iu
1213 2148 1332 2216 lucam.

142 2254 279 2323 Praeibo
307 2255 374 2341 ipse
398 2252 523 2319 duobus
546 2251 710 2338 exemplis.
760 2250 863 2316 Fraus
887 2253 1028 2338 perpluit
1052 2256 1085 2317 in
1110 2254 1336 2321 llemostbenis

141 2360 289 2429 orations
315 2360 382 2439 περὶ
408 2366 463 2425 ποῦ
487 2358 626 2442 ςεφοίνον
651 2378 681 2444 p.
701 2361 784 2435 256,
808 2361 828 2423 8
858 2358 963 2433 ἐπειδὴ
986 2360 1050 2439 γὰρ
1072 2360 1255 2439 ὡμολόγησε
1278 2364 1335 2438 τὴν

142 2468 260 2551 εἰρήνην
283 2464 298 2531 ὅ
318 2465 473 2539 Φίλιπποι
498 2506 543 2519 -
566 2464 806 2531 aristomenon
828 2466 901 2544 παρ’
923 2467 1024 2530 αὐτῶν
1044 2461 1124 2539 ὅπως
1147 2469 1193 2546 μὴ
1212 2467 1288 2533 οίπί
1297 2494 1333 2534 ιο·

140 2598 218 2655 μεν
237 2572 274 2637 lx
296 2571 504 2643 Μακεδονίας.
552 2569 694 2655 Antiqua
716 2578 749 2635 ct
771 2586 847 2634 vera
868 2570 1031 2655 scriptura
1055 2581 1105 2636 est
1127 2582 1335 2640 ΟΠΩΣΜΗ·

141 2685 338 2754 ΔΠΙΜΕΝ,
369 2672 450 2750 ὅπως
472 2678 517 2755 μὴ
542 2674 678 2754 ίίπιμεν,
711 2695 809 2762 qnam
839 2675 1070 2741 homunciones
1095 2676 1216 2764 duplici
1241 2678 1336 2745 modo

141 2789 418 2851 contemerarunt.
467 2781 529 2846 Alii
548 2781 634 2846 enim
656 2782 799 2859 dolones
818 2780 992 2859 dederunt,
1011 2781 1066 2847 alii
1086 2792 1215 2870 propter
1232 2786 1335 2850 αὐτῶν

140 2894 356 2957 correxerunt
387 2887 512 2952 scilicet
540 2886 681 2951 ἀπίωσιν.
738 2887 907 2953 Praeterea
937 2887 1119 2953 inconsulto
1149 2888 1335 2956 Diodorlius

142 2994 269 3081 recepit
284 2992 468 3071 ὡμολόγησε
480 2994 536 3068 τὴν
555 2992 688 3071 sisium,
708 2990 793 3077 quod
814 3012 947 3077 prorsus
962 2991 1139 3058 absurdum
1153 3000 1221 3071 cst,
1244 3014 1336 3060 nam·

141 3118 209 3187 qttc
231 3099 394 3179 ίμαλινείν
414 3099 470 3172 τὴν
492 3098 607 3177 enlm
634 3095 715 3161 nibil
737 3117 870 3182 prorsus
900 3096 1083 3181 significat,
1106 3105 1138 3164 et
1160 3099 1240 3164 satis
1261 3120 1335 3167 con·

140 3212 211 3273 stat
236 3222 277 3271 cx
310 3204 350 3268 its
385 3222 467 3290 quae
495 3201 693 3288 praecedunt
716 3199 762 3267 ὅτι
793 3204 807 3267 δ
837 3204 990 3277 Φίλιππος
1016 3204 1116 3281 ὤμοσε
1138 3206 1195 3280 τὴν
1219 3207 1335 3287 είριίννν

139 3326 245 3397 caque
272 3308 342 3393 ipsa
371 3307 411 3374 de
438 3327 536 3373 causa
569 3307 659 3371 missi
694 3306 791 3391 legati
824 3319 900 3374 sunt
930 3310 1100 3391 ονψίμενιι
1132 3313 1203 3384 τοὺς
1232 3308 1335 3392 ὅρκους

141 3414 234 3495 παρα
261 3417 316 3479 τοῦ
343 3415 499 3481 Φιλίππου
531 3415 598 3478 sive
622 3413 787 3493 ὁμιιιοῦνπες
811 3414 922 3491 αὐτόν,
952 3416 1075 3501 inspice
1104 3415 1199 3481 mollo
1227 3415 1336 3483 locum

139 3518 289 3587 vicinum
314 3523 442 3604 pbbb,
466 3524 520 3586 ct.
570 3517 654 3595 Sed,
678 3518 822 3603 inquiet,
853 3519 1037 3599 ὡμολόγησε
1061 3530 1192 3587 servant
1222 3522 1336 3608 optimi

140 3632 246 3693 tostos
268 3644 400 3700 omnes,
432 3626 533 3703 ὤμοσε
558 3624 589 3687 in
611 3622 828 3688 deterioribus
853 3634 902 3690 ost
922 3624 961 3691 de
985 3627 1092 3692 nescio
1115 3627 1209 3692 cuius
1229 3629 1336 3694 conie-

141 3739 261 3807 ctura,
286 3739 322 3796 ut
341 3742 497 3817 apparot,
522 3730 699 3794 invectum.
735 3729 833 3810 Qttosi
853 3750 929 3796 vcro
950 3752 1012 3796 non
1036 3733 1215 3798 sexcenties
1236 3734 1335 3799 etiam

140 3836 177 3903 in
194 3836 477 3923 praestantissimo
501 3833 616 3900 Collioe
641 3834 662 3900 S
685 3835 832 3901 Parisino
851 3836 1011 3902 absurdae
1034 3836 1187 3903 lectiones
1209 3856 1336 3923 compa·

141 3948 238 4009 mant
260 3950 294 4006 et
315 3960 448 4006 manum
475 3941 577 4027 ipsam
603 3938 747 4006 Oratoris
769 3940 881 4007 sollers
905 3950 937 4008 et
961 3952 1055 4008 acuta
1080 3944 1267 4009 coniectura
1287 3963 1336 4010 re·

141 4046 319 4115 vocaverit.
367 4045 450 4112 Sunt
471 4047 526 4130 qui
548 4046 580 4110 iu
601 4047 727 4112 Codicis
750 4046 772 4113 S
794 4046 856 4112 lule
873 4055 905 4113 et
926 4050 1118 4114 auctoritate
1138 4048 1339 4117 aestimanda

142 4150 323 4221 ridiculum
358 4152 392 4216 in
426 4150 558 4216 modum
590 4151 639 4239 (ut
671 4152 778 4218 dicam
800 4152 900 4220 libere
924 4154 1009 4240 quod
1036 4152 1188 4242 santiam)
1221 4173 1338 4220 aucro

141 4258 308 4327 aberrent.
357 4256 430 4322 Vidi
459 4255 537 4323 adeo
559 4258 613 4342 qui
639 4256 787 4325 Codicem
810 4260 832 4323 S
856 4260 1096 4325 »additamentis
1112 4281 1243 4346 prorsus
1263 4259 1338 4324 libe·

140 4365 248 4433 rum”
279 4372 478 4431 asseveraret
504 4383 582 4429 osse.
642 4363 703 4429 Alii
729 4365 809 4431 nibil
833 4365 899 4432 lero
924 4366 1055 4431 »ιιιαίο”
1087 4367 1243 4433 omissum
1268 4384 1338 4433 esse
