2940 5010
769 294 830 359 lot

383 464 459 534 οὕτω
479 468 596 548 σίδηρον
616 468 727 546 τρωτὸν
749 469 803 532 οὐκ
826 464 896 548 ἔχει
916 464 1040 544 δώμαις

202 572 297 641 habet
326 573 528 658 negationem
561 573 667 658 inepte
704 573 890 638 traiectum:
923 570 1102 639 medeberis
1135 568 1214 641 buio
1250 568 1341 637 malo
1371 569 1400 637 si

201 678 399 745 correxeris:
424 672 512 750 οὗτος
535 677 642 759 σιδιίριρ
663 678 728 743 κτὲ.

247 781 413 849 Soloeeum
438 788 488 848 est
514 800 560 847 us.
580 784 656 847 διο.

380 885 473 961 είπονς
496 886 535 953 διν
554 884 786 965 ἀναπείσαιμεν
809 887 982 954 ἱκετεύοντέ
1004 910 1061 953 νιν.
1469 971 1470 976 ¹

201 1012 340 1078 uanique
370 991 463 1065 είπος
496 1011 558 1058 non
587 989 649 1058 lert
682 989 826 1058 voculam
847 990 887 1058 ών
920 992 984 1059 sibi
1018 990 1172 1059 additam.
1219 987 1402 1059 Commode

201 1098 264 1183 legi
289 1105 411 1183 potest:
1074 1176 1077 1181 Ι

382 1200 474 1274 είπωρ
499 1225 542 1265 νιν
565 1200 795 1279 ἀναπείσαιμεν
816 1201 989 1269 ίκετεώοντε
1009 1202 1058 1289 νώ.

246 1308 282 1373 1η
308 1325 403 1373 versu
421 1310 485 1372 865
510 1324 579 1391 sqq.
604 1304 753 1371 Theonoe
776 1306 821 1373 itu
845 1305 945 1373 dicit:

382 1413 459 1489 ἡγοῦ
480 1411 519 1475 σὺ
541 1411 599 1488 μὲν
618 1408 755 1492 φίρονσα
777 1414 971 1493 λαμπτήρων
995 1411 1092 1487 σίκαε

380 1514 457 1581 θείον
480 1515 512 1581 δδ
536 1519 648 1593 σεμνοῦ
672 1514 784 1593 θεσμθν
804 1516 918 1596 αίθίροε
941 1516 1046 1597 μνχίν

380 1623 419 1694 uir
442 1625 570 1699 πνεῦμα
592 1620 710 1698 θολερὸν
730 1620 855 1701 οὐρανοῦ
879 1618 1047 1699 δεξώμεθα.

199 1744 328 1792 rersunr
353 1722 495 1791 medium
520 1722 691 1789 emendare
714 1742 777 1789 nou
800 1742 952 1809 possum:
976 1724 1105 1802 λαβέτω
1129 1725 1162 1791 ll
1187 1724 1242 1791 καί
1270 1721 1385 1803 ἄλλοι,

199 1829 407 1897 hortantum
430 1836 556 1896 eertum
583 1836 631 1895 est
655 1831 732 1894 θείου
755 1846 825 1894 esse
855 1829 922 1911 θείῳ
941 1829 1079 1909 κάθαιρε.
1125 1828 1214 1895 llore
1241 1826 1382 1901 naemu

198 1943 268 2001 tum
298 1934 529 2022 Aegyptiorum
562 1932 728 1999 turbidum
762 1940 871 1997 aerem
900 1931 1055 2018 sulphure
1083 1941 1211 2019 purgat.
1259 1930 1387 2003 Adseri—

196 2040 271 2108 bam
294 2041 415 2126 etipse
438 2037 628 2105 nonnullae
654 2036 818 2104 Plutarchi
851 2036 936 2115 loeo,
967 2057 1064 2123 quem
1087 2038 1214 2124 primus
1238 2036 1417 2125 lluagrr—

197 2148 270 2212 vius
294 2143 334 2212 nd
355 2142 542 2231 Euripidem
567 2141 714 2209 adhibuit
737 2141 858 2208 alibro
885 2142 924 2207 de
944 2141 1030 2208 laide
1052 2153 1081 2209 οι
1108 2140 1231 2209 Osiride
1254 2163 1285 2230 p.
1305 2146 1420 2215 385,

195 2253 230 2319 Β.
267 2251 322 2317 ubi
358 2248 450 2316 docet
482 2246 664 2315 sacerdotes
688 2247 862 2334 Aegyptios
890 2247 936 2315 ita
969 2248 1038 2315 lliir
1071 2245 1257 2315 suffimenta
1281 2244 1431 2319 multr-

195 2354 341 2432 adolera‚
387 2363 422 2419 ut
462 2372 633 2438 corporum
667 2350 844 2419 ualetudini
882 2352 982 2419 simul
1013 2352 1241 2439 prospiciatur.
1276 2352 1430 2429 ἐπειδὶ

194 2462 291 2527 τοίνυν
319 2464 334 2525 θ
370 2462 427 2539 ώηρ
462 2458 578 2539 νύκτωρ
609 2461 779 2523 πυκνοῦσαν
803 2494 849 2507 -
871 2457 1046 2529 ώναςιίντεο
1079 2459 1166 2531 εὐθὺς
1201 2458 1428 2539 ίπιθομιΐιῌ

193 2566 312 2650 ῥητίνην
334 2563 550 2645 θεραπεύοντες
573 2560 626 2628 καί
650 2562 846 2643 καθαίροντες
868 2565 921 2629 τθν
943 2562 1022 2644 ώίροι
1045 2572 1084 2645 τῇ
1109 2563 1268 2644 διακρίσει.
1313 2560 1431 2629 llos:

194 2672 300 2757 ipsum
323 2669 424 2754 igitur
448 2665 596 2733 Theonoe
618 2667 733 2753 agebat
753 2669 872 2749 θολερὸν
894 2668 968 2735 θντα
991 2670 1044 2735 τὸν
1070 2668 1148 2750 olipa
1169 2666 1432 2750 θερατεθασαιε

193 2775 246 2841 καί
270 2774 467 2854 καθαίροντα.
515 2772 598 2839 [line
622 2771 817 2858 intelligitur
839 2773 957 2855 θολερόν
979 2792 1092 2841 rerum
1113 2792 1200 2852 esso,
1224 2772 1309 2860 quod
1330 2772 1434 2839 iu·-

193 2877 340 2946 eonsulto
364 2878 397 2942 in
419 2875 549 2959 καθαρόν
574 2884 737 2944 mutatum
761 2885 819 2944 est.
866 2878 941 2944 lluli
964 2877 1051 2945 labes
1073 2886 1122 2946 est
1145 2879 1180 2945 in
1201 2876 1354 2959 δεξώμεθα
1390 2908 1437 2947 α

194 2984 281 3075 (libri
300 2981 504 3071 δεξαίμεθα).
529 2983 562 3047 in
585 3002 651 3068 quo
674 2983 796 3068 optima
819 2984 981 3069 scriptura
1011 2981 1089 3050 latet
1116 3002 1199 3070 quae
1227 2980 1440 3051 saridim&

192 3091 320 3176 negotio
351 3089 422 3155 erui
454 3095 568 3175 potest.
617 3085 816 3155 Videbantur
844 3088 907 3156 sibi
938 3088 1063 3156 scribae
1091 3088 1126 3153 in
1159 3096 1442 3155 OTPANO'le‘

191 3204 441 3264 ΛΕΞΩΜΕΘΛ
462 3191 573 3259 videre
599 3196 723 3275 οὐρανοῦ
752 3192 909 3273 δεξώμεθα
932 3212 1034 3280 quum
1058 3200 1142 3260 esset
1166 3195 1292 3275 adparari
1317 3194 1442 3259 'hu‘

192 3298 316 3378 ξώμεθοο
341 3296 570 3387 (ἀλεξοίμεθα),
601 3317 665 3382 quo
695 3318 757 3364 nou
781 3306 831 3365 est
854 3296 944 3365 aliud
973 3296 1108 3364 uerbum
1146 3297 1224 3365 huie
1248 3297 1298 3365 rei
1328 3310 1440 3367 ar

193 3401 437 3469 comrundatius.
485 3398 675 3476 Ἀκέξοιοθιιι
699 3402 785 3465 eninr
810 3411 859 3468 est
883 3420 978 3468 omne
1006 3420 1108 3486 genus
1128 3401 1205 3467 mali
1226 3425 1247 3469 ιι
1269 3423 1303 3471 ιο
1325 3401 1407 3469 dr‘

187 3506 317 3594 pollere.
367 3500 728 3592 XerropbonMem.1V.
753 3510 784 3571 3.
811 3512 865 3571 ll.
891 3507 997 3574 πολλοὶ
1019 3509 1255 3589 μηχανώμεθα,
1280 3509 1319 3575 δι’
1341 3504 1401 3575 dr

190 3620 249 3679 τών
280 3636 315 3677 τε
346 3611 472 3689 ἀγαθῶν
502 3609 707 3687 ἀπολαύομεν
739 3610 792 3675 καί
827 3610 870 3677 τώ
903 3612 988 3677 κακοὶ
1019 3610 1208 3691 ώλεξίμεθιρ.
1266 3610 1387 3699 ltaque

191 3712 461 3803 quemadmodum
483 3711 694 3799 Empedocles
717 3733 817 3799 quum
847 3716 1048 3801 pestilentem
1073 3725 1206 3784 rentum
1229 3736 1249 3782 a
1273 3718 1381 3805 putria

191 3819 366 3909 depulisset
387 3817 588 3898 ώηεξανίμας
617 3816 725 3884 dietus
756 3827 826 3897 est,
850 3821 897 3886 sic
923 3823 980 3907 qui
1009 3832 1115 3890 aerem
1150 3820 1319 3891 turbidum
1348 3831 1382 3893 ot

190 3933 379 4013 corruptum
414 3922 508 3990 thure
540 3932 596 3990 aut
630 3921 785 4009 sulphure
808 3934 925 4011 purgat
954 3927 1074 4014 optimo
1102 3930 1228 4006 πνεῦμα
1260 3927 1381 4011 loseph

190 4035 313 4115 οὐρανοῦ
333 4029 460 4096 dicetur
481 4028 659 4106 διίξεσθαι.
707 4028 811 4108 Quam
840 4029 934 4098 iaoile
960 4042 1209 4101 ΛΕΞΩΜΕΘΛ
1231 4032 1267 4101 io
1290 4032 1381 4112 δεξώ-

187 4137 271 4215 μεθα
295 4135 457 4221 eorrumpi
488 4135 631 4222 potuita
660 4133 795 4214 scribis,
826 4136 883 4222 qui
909 4155 1150 4223 nonnumquam
1179 4147 1380 4207 AssOAAT·

189 4249 265 4309 ΝΛΙ
290 4248 504 4327 corruperunt
534 4240 566 4307 in
591 4240 757 4307 ώποδοῦνοι
788 4248 820 4307 et
853 4261 891 4309 ex
923 4250 1200 4311 ΑΠΟΛΩΛΕΚΛ
1228 4238 1381 4313 leserunt

187 4346 367 4414 ἀποδέδωκα
390 4344 469 4414 nihil
494 4364 626 4433 prorsus
649 4346 836 4435 rogitantes.
885 4348 1021 4420 Factum
1045 4347 1105 4417 hoe
1127 4354 1177 4417 est
1202 4347 1236 4415 in
1262 4348 1381 4439 lysia,
