2940 5010
687 292 752 357 592

136 474 335 547 occurrunt,
367 466 465 533 voluti
502 467 535 532 io
568 466 765 534 Perictiones
804 463 984 550 fragmento
1019 465 1104 554 apuu
1148 466 1319 537 stobaeum

137 574 247 641 b'tortt.
268 572 421 642 LXXXV.
449 577 500 639 19.
532 573 729 656 βρυτῆρας
752 572 783 637 δὲ
807 568 884 637 εἶναι
906 578 964 636 τῶν
981 572 1108 646 τηλόθεν
1127 572 1145 648 ῆ
1166 580 1228 641 τῶν
1248 588 1321 641 πολ·

137 686 192 747 λοῦ
224 678 422 758 πωλουμένων
451 678 469 754 ῆ
499 683 560 743 τῶν
586 676 719 754 ἐνδόξων.
766 680 885 760 Βρωτῆρ
916 675 1168 744 Atheniensibus
1203 676 1321 746 dieitur

139 786 244 862 ε’δεςῆς
270 784 319 873 (ut
342 782 426 870 apud
450 782 665 869 Antiphonem
698 782 813 849 Athen.
839 803 869 868 p.
892 786 957 849 539
983 784 1020 848 t.

319 888 490 967 Μισγόλας
512 888 575 968 γὰρ
595 891 628 954 οὐ
653 888 736 954 τοίνυ
755 888 762 977 Ι
781 889 896 955 τούτων
920 886 1050 976 ibreio.)

183 994 304 1062 Ibidem
326 1012 423 1080 quern
449 992 494 1059 itti
518 995 628 1071 ίεατῆν
646 992 808 1082 appeliant
830 995 964 1073 ίηητῆρα
988 991 1113 1059 dietum
1139 992 1321 1069 videbiszi

137 1102 202 1182 ’γὰρ
223 1106 329 1167 ταῦτα
348 1099 497 1181 ζηπὲουοα
526 1099 690 1179 ίηηπῆρα
717 1098 817 1182 ζητέεν
837 1099 986 1181 ὥκρατίης
1011 1100 1205 1177 γυναικηΐης.

185 1203 337 1271 Eiusdem
369 1202 489 1269 formae
519 1202 711 1270 vocabulum
741 1205 774 1270 in
799 1201 960 1293 Odysseae
983 1202 1053 1271 ioco
1086 1222 1221 1291 gravem
1255 1222 1322 1271 out·-

139 1309 298 1397 rupteiam
322 1307 402 1373 mihi
425 1326 556 1394 passum
581 1329 652 1376 esse
680 1309 819 1376 uidetur.
868 1308 1001 1395 Legitur
1022 1328 1110 1375 nune
1136 1320 1178 1376 Θ.
1206 1310 1282 1375 tea.

321 1413 419 1495 cinxit
444 1412 584 1478 ναυτοίυν
608 1411 640 1480 οἵ
658 1441 694 1481 τε
723 1421 950 1498 πρηκτῆρες
978 1412 1074 1481 ἔασον.

185 1519 266 1602 Quis
294 1528 403 1584 eutem
427 1525 558 1601 exputat
579 1520 737 1605 quomodo
759 1528 928 1601 πρηκτῆρες
952 1518 997 1585 ibi
1020 1518 1208 1605 siguificare
1228 1518 1327 1607 possit

140 1626 284 1705 ἔμποροι,
312 1631 348 1688 ut
372 1621 530 1710 Hesyobio
563 1623 712 1703 videtur,
735 1635 792 1692 aut
826 1624 1077 1708 πραγματευταί
1098 1623 1148 1691 uel
1176 1622 1328 1706 πραγμῶ·

140 1756 199 1798 τον
223 1728 359 1809 ἔμπειρον
384 1726 433 1793 tei
454 1730 562 1806 pieton
585 1731 765 1805 ἀπαιτηταί
776 1781 784 1808 ,
811 1740 846 1796 ut
870 1737 1003 1796 narrant
1028 1727 1106 1807 atii,
1129 1728 1252 1816 quibus
1275 1730 1329 1796 ut·

141 1837 281 1903 tieorum
302 1832 470 1914 πράκτορες
489 1832 622 1901 fortasse
641 1835 902 1902 obversabantur.
951 1835 1093 1920 Antiqua
1112 1842 1146 1901 et
1170 1854 1248 1901 vera
1268 1833 1330 1902 ieo-

141 1942 189 2008 tio
208 1939 278 2007 erui
298 1944 401 2026 potest
424 1958 462 2004 ex
483 1940 616 2026 antiquo
634 1940 754 2006 sehoiio
775 1940 814 2007 ud
837 1939 1003 2028 Sophoclis
1024 1940 1206 2025 Antigonen
1226 1943 1331 2008 1034:

142 2043 446 2125 ὥπημπίλημαντ
476 2044 663 2125 πέπραμαι,
698 2045 993 2128 πεπραγματευμαο
1025 2044 1078 2112 καί
1110 2044 1271 2129 Ὅμηρος·
1301 2042 1338 2112 οἵ

143 2178 186 2219 τε
218 2158 430 2232 πρηκτῆρες
458 2148 588 2226 ἔασον,
620 2169 732 2217 uerum
766 2170 827 2216 noa
861 2150 921 2216 hoe
944 2150 1076 2238 scripsit
1105 2148 1249 2217 Critieus
1276 2148 1334 2217 aeti

144 2266 317 2340 πρητῆρες,
351 2253 557 2341 quodquam
590 2253 670 2322 Ιοουο
704 2275 761 2342 pro
794 2255 917 2338 ἔμπορον
951 2246 1085 2322 dicatur
1111 2261 1144 2321 et
1175 2253 1240 2331 iis,
1276 2256 1336 2343 qui

144 2381 269 2429 meroes
301 2378 377 2424 suas
408 2357 646 2425 diuenditurent
677 2361 780 2427 sicubi
811 2363 901 2427 navis
931 2361 1125 2448 appulisset,
1166 2358 1261 2428 iuoiie
1284 2368 1335 2429 est

143 2468 185 2534 ad
209 2462 465 2548 intelligentium.
513 2462 575 2530 Sed
607 2464 717 2550 procui
742 2484 759 2530 a
780 2464 977 2555 Cyropeedie
1006 2464 1151 2552 digressa
1181 2474 1233 2533 est
1261 2484 1335 2533 on-

145 2574 207 2650 tio,
239 2569 277 2635 ad
313 2586 409 2655 quam
434 2566 589 2635 redeundi
614 2577 741 2655 tempus
767 2582 826 2637 est.
877 2570 964 2637 Unus
987 2578 1115 2638 tantum
1139 2578 1190 2637 est
1210 2571 1246 2637 iu
1274 2570 1334 2661 Gy·

142 2675 294 2763 ropaedia
317 2672 426 2750 loeus,
452 2672 506 2738 ubi
530 2674 672 2760 priscum
698 2675 847 2762 loquendi
871 2696 974 2762 genus
1002 2676 1100 2743 alicui
1121 2682 1238 2763 poetae
1259 2674 1335 2743 sub-

144 2782 264 2851 lectum
299 2798 369 2847 esse
400 2776 568 2854 videatur,
593 2779 645 2845 VI.
671 2800 712 2844 tv.
737 2784 768 2847 6.
805 2788 874 2861 γῆν
906 2781 1183 2848 exstruerem
1207 2786 1336 2863 μᾶλλον

146 2886 261 2969 ῆζῆν,
286 2883 326 2951 de
349 2904 413 2971 qua
432 2902 469 2949 re
490 2882 747 2951 luculentissima
768 2895 818 2952 est
840 2885 1075 2954 Hemsterbusii
1102 2888 1271 2954 annotatio
1294 2886 1336 2955 ad

146 2991 343 3081 Hesychium
368 3010 398 3055 ν.
428 2991 713 3057 Ἐπνέουατίαο
742 3000 828 3071 γῆνε
859 2997 1024 3075 ταφῆναι,
1057 2992 1122 3057 iant
1155 3010 1174 3057 a
1202 2989 1337 3063 Sabaei·

147 3097 224 3165 dero
252 3096 392 3163 laudata.
439 3094 507 3161 Nou
536 3116 606 3163 esse
633 3093 712 3163 haee
736 3097 832 3164 verba
853 3118 890 3164 ex
921 3117 975 3164 ore
1006 3096 1115 3185 popuii
1145 3106 1256 3165 sumta
1278 3096 1338 3165 sed

147 3204 187 3270 ab
211 3202 319 3289 aliquo
339 3220 472 3279 eorum,
497 3201 616 3288 quihus
647 3210 733 3269 esset
756 3222 847 3270 mens
868 3204 1007 3269 divinior
1030 3209 1128 3289 atque
1148 3222 1183 3269 os
1216 3222 1338 3287 magua

148 3316 337 3374 sonaturum
362 3305 467 3393 palam
488 3316 547 3373 est.
594 3307 685 3374 Nune
705 3306 746 3374 at
773 3307 835 3374 aiia
859 3310 1046 3396 sequiorum
1069 3306 1266 3375 emblemata
1289 3308 1339 3375 iu·

147 3412 291 3498 (leganda
316 3420 469 3477 revertor.

192 3518 228 3583 in
260 3515 435 3605 Cyropaed.
456 3514 511 3581 Vi.
539 3536 582 3582 nr.
612 3512 672 3583 18.'
698 3516 787 3585 ioous
816 3527 866 3585 est
889 3538 908 3584 a
937 3517 1116 3604 mugisteilo
1147 3519 1257 3607 inepte
1288 3519 1339 3587 iu·

147 3619 325 3709 terpolntus
355 3619 429 3685 hio:
463 3621 515 3687 καί
548 3623 610 3702 μῆν
633 3662 678 3675 -
699 3626 739 3697 ὦς
769 3623 809 3690 ἂν
836 3624 1054 3707 οὶτφαλέταπκ
1088 3624 1197 3700 είδείην
1225 3624 1338 3693 &door

147 3720 371 3809 τίςροίτευμοί
392 3726 455 3793 ἕπον
478 3726 616 3793 ἐποίουν·
650 3726 871 3804 συνεξέταττον
901 3728 964 3812 γὰρ
993 3729 1095 3810 παρὼν
1123 3730 1250 3806 αὐτούς.
1299 3730 1338 3797 ln

147 3833 220 3899 aiiis
240 3842 304 3899 est:
327 3830 380 3897 καί
412 3832 475 3911 nitu
500 3834 539 3906 ὦς
569 3833 743 3916 conteeant
771 3840 806 3911 γ’
835 3833 876 3900 ἂν
906 3834 1013 3908 είδείην
1037 3836 1173 3915 ittoiaen,
1204 3836 1339 3903 ominis

146 3938 253 4005 verbis
283 3936 391 4003 ὁπόσον
425 3942 461 4004 τὸ
498 3936 663 4020 ςροίτευραοί
694 3941 766 4009 ε’ςιν.
821 3939 889 4006 Non
917 3945 1044 4006 tantum
1076 3940 1155 4008 haee
1184 3939 1287 4009 verba
1317 3960 1336 4010 ι

147 4042 245 4111 εοίοΙο
269 4042 458 4129 interpolata
486 4051 580 4121 sunt,
611 4043 809 4112 sediminas
840 4065 988 4133 quoque,
1012 4052 1044 4111 et
1073 4053 1242 4133 praeterea
1265 4066 1336 4115 eor·

147 4158 236 4216 recto
259 4149 338 4215 vitio
361 4150 393 4214 in
420 4148 534 4215 ultimo
556 4148 710 4216 uocabulo
735 4153 782 4218 sie
803 4151 892 4219 locus
914 4160 964 4218 est
988 4150 1255 4219 constituendus:
1280 4154 1336 4219 καὶ

48 4257 50 4261 ’
146 4258 207 4334 μῆν
228 4292 272 4304 -
287 4254 461 4339 οαφὲςατοί
481 4259 515 4334 γ’
535 4253 575 4321 ἄν
595 4256 725 4331 εἰδείην·
747 4256 970 4335 συνεξέταττον
989 4257 1052 4340 γὰρ
1079 4258 1183 4339 παρὼν
1205 4258 1336 4333 αὖτίς.

147 4363 254 4444 Παρίου
272 4362 367 4438 αὐτός
388 4380 485 4449 quam
505 4380 599 4451 saepe
622 4361 752 4432 dicatur
771 4371 883 4432 notum
899 4370 950 4431 est
971 4382 1074 4451 nequo
1095 4362 1208 4435 multis
1228 4384 1337 4435 exem·
