2940 5010
685 285 758 330 ΧΧΠ

134 460 189 528 σῆς
220 458 278 518 τῶν
310 453 464 517 Λακώνων
494 452 663 525 rostratae.
719 449 881 537 Sequebar
908 450 983 518 olim
1013 451 1236 521 auctoritatem
1262 474 1317 521 eo·

132 571 287 659 numqui
320 570 519 658 Xenophonti
549 570 640 639 ilium
663 569 783 637 librum
810 572 991 659 eriperent,
1022 580 1059 639 ut
1081 571 1247 660 apparebit
1271 593 1316 641 ex

133 692 173 758 iis
196 712 278 779 quae
300 713 372 780 pag.
396 697 470 759 611.
504 711 523 758 a
547 711 598 759 me
629 692 752 779 soripta
774 699 860 758 sunt.
908 689 967 758 Ubi
988 690 1107 759 librum
1132 691 1316 780 diligentis·

131 812 212 879 sime
239 822 387 882 excutere
411 815 521 902 ooepi,
554 813 669 900 agnoui
701 811 941 900 Xenophontem
965 820 998 881 et
1019 815 1184 901 composui
1215 834 1317 902 argu·

132 940 239 999 menta
266 932 384 1021 quibus
406 933 486 1000 mihi
516 935 578 1021 ipsi
603 934 746 1021 persuasi
776 953 839 999 non
869 932 968 1000 alium
996 953 1094 1022 quam
1122 934 1318 1022 Xenophon·

131 1061 196 1118 tem
233 1053 287 1121 ilia
318 1056 366 1121 sio
398 1055 538 1122 seribere
569 1054 721 1141 potuisse.
777 1053 812 1119 ln
844 1052 921 1120 loeis
956 1054 1195 1142 Xenophonteis
1228 1076 1315 1144 quos

131 1176 267 1240 tractavi
292 1195 377 1242 unus
408 1183 457 1242 est
486 1194 581 1263 quem
607 1173 739 1241 meliora
771 1172 903 1240 ednotus
934 1175 1124 1242 retractabo.
1180 1176 1318 1262 Legitur

133 1293 167 1358 iu
196 1293 508 1363 Hellenicislll.1v.
534 1301 564 1363 8.
598 1297 611 1362 ὃ
641 1297 699 1375 μὲν
731 1296 927 1375 Ἀγησίλαος
958 1296 1076 1371 ἰδιώτης
1108 1297 1314 1380 {matrerm

133 1415 164 1480 δὲ
184 1414 360 1499 Λύσανδρος
382 1417 545 1500 βασιλεύς.
576 1414 621 1484 ὅτι
648 1416 706 1497 μὲν
728 1414 778 1485 οὖν
808 1415 929 1496 ἔμηνε
962 1416 1014 1483 καὶ
1038 1419 1091 1484 σὸν
1120 1417 1315 1496 Ἀγησίλαον

132 1539 239 1602 ταῦτα
261 1537 410 1614 ἐδήλωσεν
443 1536 555 1620 ὕςερων.
579 1534 668 1617 οἵγε
690 1539 752 1616 μην
782 1535 947 1617 epitonia
969 1537 1026 1602 ὑπὸ
1049 1541 1102 1603 σοῦ
1128 1537 1237 1619 Φθόνον
1260 1539 1317 1604 οὐκ

132 1661 244 1738 ἐσίγων
267 1657 352 1735 κτὲ.,
375 1656 409 1721 in
436 1657 487 1723 bis
510 1657 602 1737 ἔμηνε
625 1657 777 1723 vitiosum
801 1675 870 1723 esse
896 1664 1021 1724 eertum
1043 1664 1113 1737 est,
1148 1655 1204 1724 sed
1228 1656 1317 1743 quod

134 1774 325 1860 reponebam
348 1797 380 1864 p.
401 1781 477 1844 314.
499 1776 567 1855 ηνίω
591 1783 725 1843 nonest
748 1777 817 1863 ipsu
840 1775 1058 1864 Xenophontis
1081 1795 1204 1843 manus.
1254 1776 1315 1844 Ve-

135 1912 208 1961 rum
229 1894 311 1962 vidit
333 1895 358 1962 l.
379 1894 590 1973 Pantaaides‚
613 1894 668 1981 qui
689 1914 791 1981 nuper
812 1893 1052 1963 Emendationes
1072 1897 1106 1964 io
1132 1895 1316 1984 Xenopbou·

134 2024 195 2080 tem
227 2015 344 2085 Graece
375 2017 513 2104 scriptas
547 2015 716 2102 Gottingae
742 2013 853 2082 edidit.
900 2016 1072 2103 Postquam
1104 2016 1195 2097 ἔμηνε
1220 2018 1315 2083 vitio·

134 2156 206 2202 sum
228 2156 297 2205 esse
321 2136 568 2215 demonstrarit,
590 2137 757 2218 δνσρίωτὲσν
773 2134 834 2220 ἄρα
847 2139 881 2202 ἐκ
904 2140 1021 2212 uuerbe
1041 2137 1170 2220 τρόπον,
1190 2138 1318 2225 inquit,

134 2264 204 2322 tum
239 2265 325 2325 reete
355 2259 443 2324 ίκίνεν
480 2255 661 2344 improbat,
691 2263 778 2323 reete
809 2276 918 2323 meum
944 2258 1057 2337 ἠνίω,
1087 2255 1159 2342 ὅπερ
1190 2258 1234 2326 σίν
1256 2258 1318 2338 μὲν

135 2374 226 2443 ἄλλων
249 2376 446 2459 ἕξωμννλίζεν,
478 2388 517 2461 τῇ
540 2379 572 2444 δὲ
595 2376 824 2460 παραδεδομένης
845 2382 957 2462 γραφῇ
986 2381 1023 2453 ὥς
1054 2382 1125 2456 ἔπος
1146 2382 1243 2447 strato
1267 2382 1320 2448 ori·

136 2496 185 2562 tto
208 2498 301 2563 κοινὸν
322 2497 394 2579 ἔχων
418 2495 565 2563 ἀπίθανόν
589 2498 661 2567 ἕςνν.
709 2496 829 2564 Verum
857 2496 918 2563 hoc
941 2505 1000 2567 est.
1036 2498 1119 2581 Quid
1143 2502 1318 2587 igiturest

135 2615 328 2703 legendum?
364 2616 472 2697 ἔμοιγε
502 2616 604 2696 δοκεῖ,
629 2616 757 2703 inquit,
792 2618 828 2683 τὸ
850 2626 1001 2684 ΕΜΗΝΕ
1025 2620 1107 2686 οὐδὲν
1136 2618 1213 2688 εἶναι
1235 2623 1316 2689 ἀλλ’

134 2739 152 2816 ἢ
176 2736 350 2817 etiterum
370 2738 586 2819 ημωρνημένην
609 2746 666 2813 σῆς
688 2737 781 2818 μόνης
803 2741 933 2814 ἀληθοῦς
955 2740 1008 2805 uoti
1031 2742 1162 2819 γνησίως
1183 2747 1317 2825 γραφῆς

133 2867 318 2925 ΕΔΑΚΝΕ.
366 2858 531 2924 Assentior
560 2865 592 2924 et
615 2857 770 2924 ambabus
800 2859 948 2925 manibus
981 2862 1134 2947 optimam
1164 2860 1318 2931 emenda·

134 2979 253 3044 tionem
293 2975 487 3063 amplector:
521 2974 566 3042 ὅτι
600 2978 657 3057 μὲν
689 2974 738 3044 οὖν
774 2977 916 3046 ἔδωκνε
951 2981 1003 3047 uei
1036 2982 1088 3047 σὸν
1122 2982 1319 3062 Ἀγησίλννσν

134 3105 250 3166 reiro.
291 3096 388 3165 Plura
404 3098 506 3183 igitur
525 3095 710 3164 huiusmodi
729 3101 891 3166 communi
911 3120 1007 3188 opera
1027 3099 1198 3194 studioque
1217 3121 1332 3190 quae·

135 3239 257 3288 ramus.
303 3217 381 3285 ttihi
413 3218 542 3306 quidem
574 3227 709 3284 nonest
737 3220 921 3306 quiescendi
953 3230 986 3288 et
1017 3223 1138 3289 otiandi
1169 3223 1317 3297 animus.

137 3340 280 3405 Plurima
305 3345 478 3426 supersunt
502 3337 634 3422 agenda.
681 3337 738 3404 His
757 3338 797 3405 ad
829 3339 924 3409 finem
947 3341 1111 3429 perductis
1133 3343 1244 3411 statim
1274 3343 1320 3415 ad

136 3458 259 3546 reliqua
282 3478 334 3525 me
357 3457 523 3542 amingum
547 3457 654 3544 itaque

319 3576 396 3642 Cras
416 3576 526 3662 inpono
547 3577 728 3646 iterabimus
750 3601 876 3668 aequor.

198 3786 368 3851 scribebam
387 3785 705 3852 Luenm1·Btrtvoanu

233 3916 335 3961 mense
354 3895 475 3960 Octobri
496 3917 521 3961 a.
542 3916 713 3962 uneccnurr.
