2940 5010
715 309 776 371 bal

143 482 241 567 ἀπῄει
264 482 324 547 ἀπ’
344 482 462 556 αὐτοῦ,
487 478 604 567 duplex
629 480 704 546 otim
730 479 1020 548 circumferebatur
1047 482 1229 568 scripturae
1258 480 1330 545 mdi-

144 612 202 665 νοις
225 586 260 653 iu
279 592 389 662 textu,
412 585 521 659 λίθινος
548 588 580 651 in
605 606 660 651 ora
683 585 775 662 libri,
800 606 938 672 qumum
965 593 1037 652 utra
1060 587 1165 654 verior
1196 587 1239 650 sit
1267 605 1332 649 airr-

145 692 267 781 biguus
293 688 429 756 haereo:
461 688 576 757 deinde
598 692 705 766 λίθινος
729 713 768 759 ex
797 691 943 777 margine
968 692 1000 756 in
1028 692 1122 758 verba
1155 692 1261 757 vicina
1291 690 1332 754 ir·

141 796 257 884 repsit.

189 901 229 969 dn
262 903 359 987 525.
389 902 428 974 ὥς
451 900 481 965 ἕν
515 901 586 979 ὑμῖν
614 904 719 976 αὐτοῖς
744 902 900 982 εἰρῆσθαι,
934 902 1014 967 nibil
1041 903 1149 970 verius
1182 899 1333 968 Leouoia·

142 1005 191 1073 rii
225 1004 469 1083 emendatione,
511 1008 541 1071 ἐν
580 1010 652 1085 ἡμῖν
687 1010 803 1082 αὐτοῖς.
862 1009 958 1074 Adaei
998 1028 1033 1074 eo
1072 1029 1168 1074 sensu
1204 1006 1330 1072 trotttlisi

141 1130 220 1179 eum
233 1112 340 1198 prima
363 1130 498 1197 persona
518 1113 744 1199 coniungitur:
769 1115 857 1179 αὐτοὶ
879 1114 941 1194 γάρ
966 1116 1059 1193 ἐσμεν
1084 1116 1240 1181 Graecum
1265 1121 1333 1187 est,

134 1236 210 1284 mon
234 1217 313 1283 item
337 1218 425 1282 αὐτοὶ
451 1218 514 1298 γὰρ
539 1215 593 1293 ἦτε
618 1216 673 1284 sed
694 1218 802 1298 μόνοι,
838 1221 989 1305 qnoniam
1015 1221 1105 1286 αὐτοί
1128 1220 1166 1285 de
1187 1239 1332 1306 proesen-

142 1320 230 1389 ribos
253 1330 379 1388 tantum
403 1320 467 1386 diei
491 1324 538 1388 sin
559 1331 674 1409 potest.
723 1324 757 1388 br
781 1323 921 1390 Platonis
943 1328 1115 1409 Protagora
1139 1346 1170 1412 p.
1193 1331 1258 1391 500
1296 1325 1333 1390 λ.

142 1446 205 1517 pro
224 1426 265 1502 cir
288 1432 323 1507 γ’
347 1428 379 1492 ἓν
402 1430 509 1501 αὐτοῖς
543 1431 616 1507 ἡμῖν
651 1432 784 1511 εἰρῆσθαι
821 1431 996 1517 receperim
1030 1430 1114 1517 quod
1150 1428 1333 1496 Athenaeus

142 1534 287 1601 servarit
310 1533 342 1597 ἐν
376 1535 450 1612 ἡμῖν
475 1535 581 1607 αὐτοῖς
606 1536 751 1617 εἰρῆσθαι.
800 1535 890 1618 erod
924 1547 1033 1603 autem
1069 1537 1149 1603 dicit
1186 1536 1334 1602 Sorrates·

140 1635 380 1731 δοκοῖ-οὖτος
405 1638 457 1704 καὶ
484 1641 693 1720 πεφιλνκέναι
719 1643 769 1707 τὸν
799 1643 964 1720 Κλεινιάν,
989 1640 1024 1708 οὗ
1051 1643 1157 1724 ἔρωτος
1180 1643 1262 1709 οὐδέν
1287 1642 1332 1711 ἕςι

138 1742 308 1827 &redum
331 1744 542 1823 ὑπέκκαυμα,
580 1746 708 1830 egregie
739 1745 834 1812 saciet
866 1747 905 1812 ad
940 1748 1054 1815 niebus
1088 1747 1331 1833 intelligendum

141 1849 413 1919 venustissimum
439 1848 606 1914 Menandri
628 1848 864 1935 fragmentum,
890 1851 973 1937 ‹puod
995 1855 1119 1937 primus
1140 1872 1178 1918 ex
1199 1853 1335 1916 ‹itisenro
1374 1852 1376 1856 ’

142 1954 266 2042 anguto
298 1955 457 2043 protraxit
491 1964 523 2021 et
558 1956 675 2021 eximie
717 1955 900 2022 emendavit
937 1958 1097 2025 Porsonus
1136 1959 1167 2022 in
1203 1957 1334 2023 bdvers

142 2082 177 2151 p.
202 2064 270 2128 295
294 2080 344 2149 sq.

327 2168 388 2234 Mb
411 2170 467 2244 πὶρν
491 2170 641 2248 Ἀθηνᾶν,
664 2168 790 2253 ἄνδρες,
814 2171 903 2238 εἰκόν’
928 2173 982 2238 οὐκ
1006 2169 1071 2253 ἔχοι

328 2276 422 2357 εὑρεῖν
446 2275 553 2353 ὁμοίαν
577 2277 618 2357 τῷ
644 2277 788 2356 γεγονότι
813 2278 1003 2360 πράγματι,

329 2379 427 2461 ζητῶν
451 2384 524 2462 πρὸς
547 2383 700 2459 ἐμαυτὸν,
723 2386 756 2450 ri
779 2384 904 2466 παχέως
927 2385 1103 2450 άπολλύει·

329 2488 495 2568 §addenem
518 2489 548 2551 ἕν
572 2484 629 2571 dep
653 2491 864 2573 ονςρὲφεται,
890 2489 1118 2572 προσέρχεται,

331 2593 523 2675 προέλαβεν,
549 2592 721 2677 ἕξέρριψεν,
745 2598 817 2662 αἰὼν
841 2598 999 2676 γίγνεται.

329 2700 405 2764 ἀλλ’
430 2700 461 2764 ἒν
485 2699 623 2778 πελάγει
642 2705 868 2782 ονγκλνοριόςς
893 2704 1047 2778 άναπνοὴν
1071 2700 1163 2783 ἔχει,

296 2832 310 2861 ι
329 2809 402 2869 Ζεῦ
422 2807 586 2888 οῶπερ,”
610 2809 729 2885 εἰπεῖν,
763 2810 971 2891 »άνπέχον
995 2810 1063 2876 πῶν
1088 2806 1309 2888 σχοινίων.”

329 2910 435 2991 ἑτέραν
459 2922 632 2993 περιμεῖναι
656 2915 798 2997 χάπὲραν
821 2914 995 2997 πρικνροιάν.

327 3017 478 3095 ναυαγίου
503 3018 529 3083 δ’
553 3019 591 3085 dtr
616 3021 792 3100 ἕπιλάβοι’,
815 3022 876 3099 ἐγὼ
899 3020 925 3083 δ’
949 3016 1041 3092 ἅπαξ

330 3121 494 3205 άψάμενός
519 3126 582 3202 εἰμι
607 3127 659 3189 καὶ
683 3128 823 3207 Φιλάσας
844 3128 873 3191 ἐν
894 3125 988 3208 adop.

193 3227 281 3295 Haeo
305 3227 427 3313 igitur,
452 3229 480 3294 si
509 3229 649 3294 Porsono
674 3230 857 3310 credimus,
894 3231 1008 3296 »verbo
1040 3236 1112 3295 stent
1135 3229 1205 3293 nori
1228 3229 1336 3293 urorr'ti

144 3330 280 3401 οοὶοοοιη
299 3333 520 3418 poenitentiam
543 3337 668 3421 narptr'os
692 3339 836 3422 consequi
858 3335 1030 3402 edocentis?
1071 3332 1132 3400 Sed
1158 3353 1243 3400 nuno
1265 3336 1333 3420 qui-

144 3436 221 3507 dem
246 3437 387 3504 Porsono
413 3459 474 3506 non
499 3449 549 3506 est
573 3441 781 3508 eredendum.
830 3441 933 3507 Verba
958 3449 1034 3507 sunt
1059 3440 1133 3505 novi
1158 3442 1334 3515 amatoris,

145 3544 204 3634 qui
227 3552 264 3610 ot
285 3544 384 3623 vidit,
406 3556 441 3611 ot
461 3548 574 3632 periit,
598 3556 629 3613 et
651 3549 819 3636 repentino
844 3549 963 3615 amoris
989 3548 1057 3613 ictu
1091 3566 1263 3631 percussus
1288 3547 1333 3614 di·

143 3648 228 3719 dicit
253 3646 300 3717 άπι
324 3653 505 3734 Φιλάμαπος
529 3653 612 3719 οὐδέν
636 3656 680 3723 ἕςι
710 3657 870 3737 δεινότερον
895 3655 999 3736 ἔρωτος
1024 3652 1225 3733 ὑπέκκαυμα.
1276 3656 1333 3721 lie·

144 3756 218 3843 lago
252 3754 477 3823 festivissimos
504 3777 616 3824 versus
645 3768 677 3826 et
708 3781 770 3825 non
795 3759 966 3825 dubitabis.
1015 3758 1136 3824 Eadem
1161 3778 1256 3844 opera
1280 3781 1333 3825 ex·

144 3862 251 3953 pendo
274 3881 315 3928 an
338 3882 399 3927 non
420 3861 535 3927 melius
558 3865 605 3929 sie
627 3864 806 3949 legeretur:
833 3867 921 3931 εἰκόν’
943 3867 996 3930 οὐκ
1018 3863 1081 3945 ἔχοι
1101 3865 1208 3944 Εὑρεῖν
1227 3866 1333 3943 ὁμοίαν

142 3972 188 4055 πᾷ
209 3968 356 4050 γεγονάπι
379 3968 561 4051 πράγματι.
611 3978 718 4051 Ζντῶ
743 3973 815 4052 προς
846 3973 1002 4049 ἐμαυτὸν,
1027 3970 1060 4034 πά
1082 3969 1207 4050 παχέας
1235 3971 1334 4037 άπολ·

142 4076 226 4145 λόει.
252 4076 444 4157 Σπροβιλοςς
469 4078 533 4140 uri.
582 4076 749 4141 Praeterea
776 4076 944 4142 manifesto
966 4072 1154 4141 mendosum
1180 4084 1227 4139 est
1250 4081 1333 4158 προέ·

141 4182 262 4263 λαβεν.
311 4179 417 4262 Quid,
441 4200 580 4265 quaeso,
604 4190 653 4247 est
677 4183 690 4246 ὁ
712 4184 852 4264 ςρέβιλος
874 4179 1119 4265 vaporabatur?
1145 4189 1176 4247 et
1201 4185 1333 4263 προῦλα·

144 4288 209 4371 βιν
229 4287 389 4374 scriptum
414 4287 566 4371 oportuit.
617 4287 760 4373 Repone:

332 4391 561 4472 ὑπέλαβεν.
586 4392 756 4475 ἐξέρριψαν,
780 4398 850 4461 αἰὼν
874 4393 1042 4473 γίγνεται,
