2940 5010
727 271 769 334 54

156 430 255 523 odric
279 439 357 512 οιδεν
381 440 450 522 dod,
478 443 493 509 i
516 443 543 511 δ’
562 440 673 511 οἴεται.
722 443 830 509 Potuit
862 442 940 511 liaeo
969 440 1144 531 Euripides
1174 444 1208 513 in
1237 438 1336 531 aliqua

155 551 263 620 fabula
287 548 435 639 Satyrion
454 549 617 636 posuisse,
642 547 747 637 potuit
765 547 843 615 haee
864 548 985 617 dixisse
1007 548 1203 629 Menander,
1226 548 1283 617 sed
1306 560 1337 617 ut

154 660 196 726 ab
226 664 364 743 utroque
389 653 504 722 iisdem
534 653 639 721 uerbis
666 653 750 721 idem
776 653 900 721 dietum
927 655 987 731 sit,
1019 653 1050 721 id
1084 676 1159 723 uero
1183 655 1255 722 lieri
1281 676 1336 723 non

152 764 269 854 potuit.
316 760 424 847 Neque
448 760 605 845 Tragieus
625 760 790 827 Gomionm
810 759 937 827 dicendi
964 759 1122 846 elegantia
1144 761 1241 829 rieit:
1265 756 1338 829 elin
1373 772 1375 857 ξ

154 869 216 938 nido
240 868 397 937 Graecum
418 872 568 931 nonest:
594 864 702 933 infelix
726 866 944 933 coniectores
963 875 1338 935 οιΔΕΝΟΝΘΟΔοιιι
1373 894 1375 941 ;

154 986 230 1043 Τιιι
251 972 366 1041 bellurn
392 970 474 1037 hane
497 969 666 1039 lectionem
691 971 857 1058 procudit,
881 981 918 1039 ut
941 992 1035 1059 saepe
1064 973 1096 1037 in
1121 970 1261 1039 Stobseo
1283 970 1339 1041 luo·

153 1090 225 1149 tum
238 1098 308 1147 esse
319 1074 535 1144 ostendemus.
564 1076 702 1143 Foedius
720 1077 818 1143 etiarn
845 1076 922 1144 liaeo
940 1076 1113 1165 deprauata
1133 1086 1211 1145 sunt
1233 1078 1267 1143 in
1289 1098 1339 1145 uu·

27 1242 32 1251 ,
155 1186 255 1273 liquis
274 1183 315 1251 ad
332 1180 506 1270 odysseam
527 1181 566 1249 Α.
580 1185 655 1249 una.
670 1182 822 1259 Scholiis,
840 1182 924 1249 unde
936 1202 994 1251 sua
1013 1182 1205 1251 llustatlnius
1224 1182 1338 1250 hausit.

155 1291 254 1370 ἡμὲν
282 1288 346 1369 γὰρ
370 1290 469 1363 αὐτῆς
496 1282 553 1353 οἶδ’
579 1286 686 1362 ἐόντας
710 1289 724 1354 ὃ
748 1289 775 1355 δ’
799 1287 916 1367 οἴεται,
948 1287 1002 1355 nbi
1031 1287 1116 1375 quod
1144 1287 1341 1357 adscribitur

154 1393 322 1463 Menandri
344 1391 468 1459 dietum
493 1392 540 1457 sie
560 1391 639 1459 milui
662 1392 832 1479 legendum
856 1393 1001 1459 uidetur:

332 1498 427 1564 αὑτὸν
449 1496 514 1577 γὰρ
536 1498 631 1572 οὐδεὶς
655 1494 713 1565 οἷδ’
737 1497 806 1566 ὅπου
830 1504 899 1567 ποτ’
923 1499 1063 1578 ἐγένετο,

334 1604 410 1669 ἀλλ’
435 1602 617 1681 ὑπονοοῦμεν
640 1602 758 1678 πάντες
781 1606 800 1681 ἢ
824 1605 1010 1683 πιςεύομεν.

131 1730 213 1800 .pro
235 1706 298 1777 οἶδε
319 1713 375 1775 ποῦ
398 1706 448 1773 vel
467 1703 528 1775 οἶδε
551 1714 627 1782 πῶς.

197 1814 407 1883 Notissimum
437 1822 486 1880 est
508 1812 719 1880 Menandrum
747 1824 1037 1899 argumentorum,
1061 1834 1192 1895 rerum,
1214 1824 1339 1887 senten·

153 1921 297 1998 tiorum,
323 1919 467 1987 ioeorum
491 1919 650 1985 suauitate
673 1927 706 1986 et
726 1917 920 1998 festivitate,
943 1920 1150 2005 moribusque
1171 1918 1339 1991 hominurn

152 2024 364 2113 depingendis
382 2024 550 2111 egregium
570 2022 746 2103 artidoem,
771 2026 804 2093 in
826 2025 934 2093 uerbis
956 2034 988 2093 et
1011 2025 1157 2093 oratione
1177 2025 1337 2113 negligen-

152 2133 268 2199 tiorem
287 2129 396 2198 luisse.
444 2130 544 2197 Totus
562 2130 594 2195 iu
619 2127 730 2205 rebus,
752 2130 871 2216 quibus
894 2130 1086 2209 excellebat,
1108 2128 1241 2197 dioendi
1264 2134 1336 2199 arti·

153 2237 282 2315 lleium‚
306 2256 370 2323 quo
386 2233 510 2301 ualebat
527 2235 652 2310 minus.
678 2256 740 2303 uon
761 2235 905 2303 eurabul.
955 2236 1061 2303 Testis
1075 2234 1273 2303 Plutarchus
1290 2246 1335 2303 est
1373 2314 1375 2337 Ι

152 2344 191 2409 de
213 2342 317 2429 glorio
336 2340 571 2407 Atheniensium
588 2360 659 2425 pag.
673 2346 749 2407 547.
769 2342 803 2407 F.
821 2343 954 2422 λέγεται
970 2342 1002 2408 δὲ
1022 2343 1075 2407 και
1095 2341 1264 2426 Μενάνδρῳ
1280 2350 1334 2409 πῶν

152 2449 283 2524 συνήθων
303 2471 352 2522 τις
374 2448 488 2513 εἰπεῖν·
511 2446 627 2523 ἐγγὺς,
652 2444 674 2511 ὦ
697 2447 876 2528 Μένανδρε,
901 2449 944 2513 τὰ
970 2446 1116 2514 Διονύσια
1138 2449 1193 2514 καὶ
1219 2450 1259 2517 σὺ
1282 2452 1333 2525 τὴν

151 2553 312 2637 κωμῳδίαν
334 2555 368 2620 οὐ
391 2552 579 2625 πεποίηκας.
604 2551 656 2618 πδν
674 2552 707 2618 δὲ
722 2553 961 2634 ἀποκρίνασθαι·
985 2553 1111 2629 vissein
1130 2544 1214 2627 isaie
1236 2552 1332 2633 tyara

151 2658 314 2734 πεποίηκα·
331 2659 387 2734 τὴν
411 2657 587 2739 κωμῳδίαν,
616 2656 805 2740 ᾠκονόμηται
829 2657 893 2738 γὰρ
917 2660 934 2735 ἡ
959 2656 1113 2735 διοὶθεοις,
1135 2659 1186 2725 iri
1205 2660 1235 2725 δ’
1256 2662 1333 2741 adri

149 2766 195 2833 roi
214 2765 336 2848 ςιχιδια
359 2764 488 2849 ἐπᾷσαι.
541 2759 627 2829 Salis
650 2770 793 2847 arguunt
816 2760 996 2848 fragmenta
1020 2762 1103 2831 hanc
1131 2761 1261 2831 dicendi
1284 2780 1332 2831 ttu-

150 2871 338 2958 gligentiam
366 2876 399 2936 et
419 2866 595 2935 uersiculos
617 2868 736 2955 raptim
759 2888 829 2937 esse
851 2868 1007 2937 oonllatos
1027 2878 1060 2937 et
1081 2869 1152 2936 siue
1174 2888 1257 2939 eura
1280 2874 1333 2941 ant

149 2976 228 3044 lima
258 2982 469 3064 properanter
500 2975 703 3061 compositos.
761 2973 932 3061 Complura
963 2984 1087 3043 ueteres
1116 2974 1270 3061 magistri
1301 2976 1332 3045 in

148 3080 324 3151 lllenandro
347 3100 456 3148 seuere
480 3086 633 3147 notarunt
650 3079 824 3166 improprie
841 3088 873 3146 et
893 3078 1092 3165 ineleganter
1105 3087 1138 3149 et
1156 3078 1334 3153 sordidari

149 3189 309 3271 μοχθηρῶς
333 3184 429 3252 diota.
476 3185 674 3253 Etiamnum
693 3184 787 3251 iaoile
816 3192 867 3251 est
894 3184 1150 3254 animaduertere
1174 3184 1332 3273 eumplus·

150 3294 223 3361 eula
241 3292 282 3359 ab
299 3310 337 3358 eo
353 3308 521 3377 perperam
536 3299 594 3357 aut
611 3290 778 3358 socordius
795 3292 932 3379 scripta,
955 3290 1040 3378 quod
1058 3310 1162 3377 genus
1179 3292 1333 3359 uitiorum

149 3395 397 3484 diligentissime
420 3394 512 3461 nobis
534 3394 736 3481 arguendum
757 3407 827 3474 est,
851 3416 892 3462 ne
914 3396 1081 3465 lleuaudri
1103 3397 1232 3467 ineuria
1253 3397 1333 3465 nito

150 3523 219 3571 rem
246 3500 404 3568 sermonis
427 3499 527 3567 llttiei
549 3500 710 3569 obscuret.
756 3501 838 3571 ilaue
859 3522 899 3571 ne
923 3503 1041 3570 Attieis
1066 3504 1227 3590 imputes.
1248 3500 1334 3593 quoi

149 3609 195 3677 illi
215 3606 335 3676 excidit
355 3604 552 3693 imprudenti
570 3607 653 3673 etin
674 3605 725 3671 nis
743 3608 853 3675 minus
872 3606 1052 3677 attendenti
1071 3609 1104 3676 iu
1121 3606 1211 3681 stou.
1224 3608 1335 3683 Florll.

148 3714 256 3785 cxttl.
281 3718 313 3781 9.
1368 3710 1375 3725 ⁴

328 3818 489 3899 Δέραιππε
511 3819 564 3885 καὶ
588 3820 775 3896 Μνήσιππε,
797 3827 862 3894 τοῖς
884 3821 1049 3902 εἰρημένοις

328 3926 413 4003 ἡμῶν
437 3924 498 3993 ὑπο
519 3948 599 3999 τινος
619 3927 637 4003 ἣ
661 3926 840 3993 πεπονθόσιν
862 3929 965 4001 κακῶς

329 4028 393 4098 istu
415 4031 592 4114 καταφυγὴ
615 4034 711 4097 πᾶσιν
735 4034 761 4098 οἱ
783 4032 892 4117 χρνςοὶ
915 4034 1025 4117 Φίλοι.

149 4153 344 4226 quamquam
369 4152 488 4223 aneeps
517 4144 549 4201 et
582 4134 775 4205 inuidiosum
807 4139 973 4226 negotium
1004 4146 1054 4207 est
1087 4138 1204 4205 melius
1234 4158 1334 4228 ιριιιιιι

148 4234 358 4310 lleuindrum
392 4240 514 4309 Graece
541 4243 625 4311 seire
655 4242 735 4311 velle
765 4244 888 4323 uideri,
919 4254 1026 4314 tamen
1062 4264 1126 4311 nou
1158 4242 1335 4317 reformida

147 4348 232 4425 ltaoe
252 4345 406 4415 invidiam
424 4348 458 4414 in
477 4354 542 4415 tam
558 4356 669 4435 aperto
684 4357 837 4437 certoque
850 4352 997 4421 erimine.
1044 4351 1174 4429 llioinu.
1196 4369 1338 4437 queso,
