2940 5010
697 261 762 323 688

321 433 407 505 εὐθὺς
431 434 493 514 γαρ
517 434 556 504 cic
577 430 726 511 ἐνέπλητο
750 437 872 501 πολλῶν
895 434 1041 511 carator

319 539 509 614 ἐνήλατ’,
534 538 680 620 ἒτκῖρτα,
704 540 868 622 πεπορδει,
891 539 1074 618 κατεγέλα,

139 648 212 727 uhi,
238 653 273 712 ut
300 643 410 719 rides,
433 643 574 720 ε’νῆλλετ·
599 652 648 709 est
671 643 901 731 reponendum.

182 749 310 838 Triplex
334 750 448 814 uitium
474 750 622 834 inquinat
645 748 751 816 locum
777 750 809 814 in
834 748 859 814 1.
880 769 925 815 ιιι.
949 754 983 815 o.
1008 749 1063 817 uhi
1086 770 1147 837 pro
1168 751 1245 825 soie
1266 752 1322 831 μὶν

133 859 305 943 πρόσθεν
328 854 451 928 ὀδόντας
476 852 682 919 scribendum
706 856 776 929 τοὺς
800 855 857 935 μὲν
882 853 1094 938 ἔμπροσθεν
1119 863 1198 923 nolo
1223 864 1323 923 cerlo·

133 985 197 1054 que
217 961 361 1028 omnium
387 980 469 1034 usu;
494 957 609 1026 deinde
638 957 874 1046 transponenda
899 960 1093 1047 praepositio
1115 970 1166 1029 est
1195 960 1231 1027 ia
1257 980 1321 1027 rer-

135 1071 185 1139 his
203 1068 336 1136 λεαίνειν
355 1074 387 1130 el
410 1067 588 1131 καταθεῖναι
614 1072 647 1130 el
670 1065 716 1130 sla
742 1064 933 1151 legendum:
957 1065 1027 1139 τοὺς
1048 1066 1081 1132 hl
1103 1066 1320 1151 γομφίους-

135 1172 433 1244 καταλεαῖνειν
455 1171 568 1236 -καῖ
590 1170 625 1235 τὸ
645 1168 730 1248 τῖμον
750 1206 795 1219 -
814 1170 944 1245 πλιρπῖον
968 1172 1138 1253 ὀφθαλμοῖιν
1162 1172 1220 1239 καὶ
1243 1176 1322 1255 lusis

135 1287 277 1350 θεῖναι.
325 1275 365 1351 Ut
386 1276 472 1341 euim
497 1274 694 1341 καταλεαῖνω
720 1276 751 1341 ῖιι
775 1273 894 1341 talihus
919 1276 1075 1342 usitatum
1107 1286 1175 1351 est.
1201 1278 1253 1345 sic
1272 1276 1319 1345 tls·

131 1387 273 1477 posuisse
297 1401 353 1468 pro
379 1380 545 1447 collocasse
571 1399 590 1447 a
613 1380 674 1446 loci
704 1382 865 1448 sententia
889 1379 1050 1447 abhorret.
1098 1380 1141 1449 lll
1169 1402 1213 1451 ex
1243 1391 1318 1459 λεῖοι

135 1488 332 1561 καταλεαῖνω
366 1485 497 1552 Veteres
527 1484 729 1563 formabant,
762 1487 809 1551 sic
840 1504 880 1553 ex
908 1487 984 1560 θεῖοι
1015 1486 1190 1569 ε’πιοεοῖζειν
1225 1488 1320 1557 attio

135 1594 337 1669 derivabant,
360 1598 392 1656 el
424 1592 574 1672 περιθεοῦν
594 1610 634 1656 ex
663 1592 698 1657 τὸ
723 1593 820 1667 θεῖον,
852 1600 884 1657 et
908 1596 1032 1657 τελεοῦν
1055 1610 1096 1658 cx
1119 1592 1264 1673 τέλειος,
1289 1603 1318 1661 el

135 1698 363 1788 Ἀρεοπαγίτης
393 1715 432 1761 ex
455 1697 469 1761 l
489 1699 609 1779 Ἄρειος
641 1694 767 1775 ποῖγοι,
800 1694 928 1784 aliaque
958 1696 1101 1776 similia,
1136 1698 1171 1763 iu
1208 1697 1318 1785 quihus

137 1807 250 1877 lormis
274 1801 441 1870 semidocti
466 1801 615 1867 Graeculi
647 1821 740 1887 saepe
764 1801 897 1867 turbant
921 1811 978 1868 aut
1001 1827 1027 1868 ει
1052 1812 1245 1871 reuocantes
1267 1809 1318 1871 aut

135 1914 208 1983 aliis
239 1907 363 1984 molis,
396 1904 495 1972 ueluti
527 1925 627 1992 quum
659 1905 796 1972 formam
826 1905 996 1990 ἐπανάξειν
1025 1906 1212 1988 linxerunt,
1244 1928 1317 1997 quae

135 2020 229 2109 plane
254 2013 344 2081 nihili
367 2020 427 2078 est.

183 2123 340 2191 Continuo
363 2117 450 2183 aliud
471 2118 585 2183 vitium
606 2115 691 2203 apud
713 2115 955 2202 Xenophontem
976 2118 1177 2205 conspicitur
1198 2120 1232 2185 in
1256 2138 1316 2187 ver·

138 2230 209 2296 his:
233 2226 300 2293 ἐπεὶ
324 2224 356 2290 δὲ
377 2222 420 2290 τοὶ
448 2225 673 2303 ἀποχωροῦντα
696 2223 854 2303 δυσχερῆ,
886 2224 1123 2306 ἀποτρέψαι
1152 2226 1227 2300 τοὺς
1257 2226 1317 2293 τιν’·

139 2362 198 2403 των
222 2333 350 2415 ὀχετοὺς
385 2328 437 2395 καὶ
465 2329 653 2404 οὶπενεγκεῖν
677 2323 696 2409 ul
717 2327 844 2392 δυνατὸν
877 2328 1063 2410 προοωτοῖτω
1097 2331 1162 2396 ἀπὸ
1196 2338 1256 2398 τοῖν
1277 2332 1318 2399 αῖ·

138 2443 287 2518 olriccus,
321 2455 397 2501 nam
432 2434 505 2519 quis
540 2432 672 2498 uerbum
697 2432 885 2516 οῖποερέφειν
910 2434 943 2498 in
977 2433 1164 2501 huiusmodi
1198 2436 1318 2523 negotio

139 2555 226 2614 recte
251 2543 388 2629 positum
414 2558 483 2603 esse
506 2535 725 2603 existimabit?
762 2538 892 2624 Gorrige
916 2540 1115 2621 ἀποτρέψαι,
1141 2540 1316 2626 quodcum

139 2653 268 2721 nominc
303 2644 412 2727 ῖχετος
443 2652 508 2709 tam
542 2649 614 2728 apte
647 2662 742 2727 qnam
777 2642 940 2729 eleganter
974 2646 1209 2732 coniungitur,
1242 2644 1318 2734 quot

138 2759 193 2826 uhi
218 2754 331 2821 leceris
362 2750 534 2836 diligenter
565 2749 627 2814 erit
657 2748 829 2815 videndum
865 2752 1029 2816 servarine
1059 2749 1198 2818 delseant
1231 2750 1319 2820 verha

138 2865 190 2932 κα)
214 2865 410 2938 ἀπενεγκεῖν.
458 2855 642 2936 ’Λποφὲρειν
675 2855 760 2920 eninr
792 2856 824 2919 in
850 2854 908 2920 tali
939 2875 973 2922 re
1004 2856 1141 2924 mirifice
1174 2859 1319 2944 ponitur,

138 2979 175 3038 ut
199 2967 348 3034 Latinum
381 2963 519 3048 auferre.
567 2959 734 3025 Caeterum
771 2980 832 3026 non
866 2959 935 3026 heri
967 2970 1023 3026 aul
1051 2960 1173 3029 nudius
1212 2963 1318 3029 tertius

140 3097 177 3144 ea
199 3073 287 3140 labes
307 3068 405 3135 lihros
430 3064 649 3150 Xenophontis
673 3064 795 3131 iniecit.
844 3064 1007 3151 Longinus
1031 3067 1086 3151 qni
1111 3066 1236 3134 dicitur
1259 3066 1319 3151 περὶ
1359 3148 1361 3153 Ι

139 3182 234 3265 ὕψους
266 3196 333 3261 cap.
357 3178 411 3239 45.
436 3171 521 3237 κατα
553 3173 604 3238 τὸν
629 3176 811 3253 Ξενοφῶντα
832 3173 903 3245 τοὺς
932 3174 1046 3238 τούτων
1069 3169 1116 3238 ὅτι
1142 3174 1318 3255 πορρωτάτω
1359 3166 1361 3245 ἶ

138 3288 266 3369 ὀχετοὺς
301 3279 555 3359 ἀπέτρεψεν,
594 3286 626 3342 ct
658 3276 851 3342 Plutarchus
884 3295 902 3340 a
933 3277 1123 3345 Ruhnhonio
1154 3278 1319 3345 laudatus:

139 3388 364 3470 οἱποερὲφων
387 3383 486 3464 ὥσπερ
505 3382 634 3465 ὀχετοὺς
659 3382 860 3464 πορρωτάτω,
884 3383 1046 3468 vulgatam
1063 3393 1211 3453 tuentur.
1247 3384 1319 3451 hon·

139 3499 215 3585 gina
242 3513 303 3557 non
328 3510 398 3557 esse
427 3487 620 3554 credendum
647 3506 741 3573 snpra
774 3487 938 3555 luculento
960 3488 1104 3575 exemplo
1125 3488 1319 3557 demonstra·

138 3604 269 3677 rimus,
302 3614 404 3681 neque
435 3595 467 3659 in
505 3603 569 3658 tam
602 3592 686 3658 lucili
712 3612 821 3659 errore
851 3603 883 3660 ct
912 3601 978 3659 tarn
1011 3592 1174 3680 frequenti
1209 3613 1318 3683 magno

139 3725 233 3796 opere
256 3723 314 3769 nos
338 3699 501 3767 Plutarchi
527 3700 703 3765 auctoritas
730 3697 880 3765 movebit.

128 3878 130 3883 ,
182 3813 216 3880 ln
243 3810 372 3876 hlcmor.
393 3806 416 3873 1.
442 3826 485 3871 ιιι.
515 3812 565 3871 15.
594 3804 733 3889 legitur:
772 3804 934 3870 »Socrates
953 3806 986 3869 io
1007 3805 1095 3884 cibo,
1118 3806 1152 3870 iu
1173 3817 1269 3893 potu,
1289 3807 1318 3872 ιἰι

136 3920 228 3986 rebus
253 3914 396 3981 Venereis
419 3911 700 3978 continentissimus
728 3908 801 3992 ᾤετο
826 3911 908 3976 οὐδὲν
935 3906 1025 3985 ἧττον
1060 3912 1234 3993 οῖρκούντωι
1259 3910 1318 3989 ihc·

136 4028 206 4091 οῖαι
229 4028 287 4088 τῶν
306 4019 414 4085 πολλοὶ
435 4018 485 4083 ἐπὶ
507 4015 624 4088 τούτοις
648 4016 969 4097 πραγματευομένων,
993 4019 1159 4083 λυπεῖσθαι
1184 4018 1217 4085 δὲ
1241 4019 1317 4085 πολὺ

134 4131 286 4201 ἔλαττον,
311 4126 410 4190 miror
434 4120 592 4209 quomodo
615 4123 784 4203 ἀρκούντως
810 4123 971 4187 nerninem
1002 4119 1193 4189 offenderit:
1219 4142 1318 4211 neque

134 4237 221 4302 enim
252 4232 442 4316 ἀρκούντως,
473 4228 679 4310 ἀποχρώντως
711 4233 744 4292 et
776 4227 850 4293 sim.
874 4226 1095 4313 gradationem
1120 4227 1319 4307 atlmittuut,

134 4349 169 4407 ut
190 4338 279 4415 ἦττον
302 4338 471 4420 οὶρκούντως
497 4334 545 4402 uel
568 4339 692 4415 μοῖλλον
715 4333 885 4417 οῖρκούντως
910 4334 1045 4422 cogitari
1067 4332 1173 4402 dicive
1197 4336 1318 4423 possit:
