2940 5010
719 277 739 339 6

323 453 425 519 αὐτῶν
445 447 578 523 denras
601 447 831 531 λοιδορουμένων
853 450 883 515 τ’
906 448 957 515 οἶοι

323 555 456 636 (idipso
478 555 561 623 οὐδὲν
585 553 651 622 οὔτ’
673 555 791 622 οὶιιούων
818 552 881 621 οὗθ’
908 554 989 637 δρῶν.

143 658 259 729 deinde
281 659 435 748 leguntur
456 660 590 740 mutila,
614 669 767 748 corrupta
790 669 824 727 et
845 659 929 727 male
951 659 1055 726 divisa
1077 657 1172 726 haec:

369 773 433 842 πῶς
454 766 518 850 γὰρ
541 767 655 848 γένοιτ’
678 765 735 845 ἂν,
757 763 779 832 ὦ
801 763 920 848 πάτερ,
942 766 1037 849 ῥήτωρ
1051 766 1087 788 “
1177 829 1181 836 .

366 870 491 958 ἄφωνοι
511 873 547 951 ἣν
568 874 613 952 μὴ
634 872 700 955 &Ab
723 869 787 954 τρὶς
813 870 1019 954 ωοοροινόμωνι

322 988 357 1045 B.
380 977 434 1046 nai
457 981 520 1060 pso
540 979 676 1063 ιὶιιοιβῶς
700 976 801 1060 ᾧόμιιν
821 976 988 1056 ἐγνωκέναι

368 1085 404 1152 τὸ
428 1084 513 1169 ῥηθέν
535 1132 712 1152 ......
735 1083 827 1151 ἀλλὰ
849 1083 885 1159 δὴ
908 1081 997 1162 λέγι.

141 1188 299 1257 heinchio
318 1198 392 1277 post
408 1192 504 1275 ῥήτωρ
526 1187 684 1259 excidisse
702 1187 920 1258 videtursort
943 1186 993 1257 vel
1012 1185 1076 1270 ἄρον
1087 1193 1120 1254 et
1139 1186 1340 1276 insequenti

142 1295 269 1361 senario
288 1293 353 1382 legi
372 1315 479 1383 posse:

322 1399 444 1487 ιὀφωνος
469 1403 504 1481 ἥν
527 1426 575 1477 τις
598 1403 643 1482 μή
667 1403 701 1481 γ’
723 1400 791 1484 cib&
816 1398 879 1484 τρὶς
902 1397 1099 1481 ποιονόμων.

142 1505 198 1572 ubi
216 1530 265 1581 τις
283 1505 367 1573 male
387 1505 519 1574 additur
536 1515 570 1575 et
590 1531 631 1587 γε
651 1526 783 1594 prorsus
799 1504 915 1573 inutile
933 1510 997 1584 est,
1021 1523 1126 1592 neque
1146 1503 1225 1571 haec
1244 1523 1339 1572 scur-

140 1610 213 1678 rilis
225 1609 341 1678 facetia
353 1612 514 1680 eruditam
535 1621 583 1692 et,
604 1620 641 1678 nt
660 1613 741 1679 istae
761 1611 881 1690 solent,
903 1629 1033 1697 gravem
1054 1616 1087 1675 et
1107 1609 1234 1677 tristem
1247 1609 1342 1698 poci·

141 1716 208 1783 lam
228 1717 309 1783 satis
335 1716 437 1785 decet.
484 1719 539 1785 bis
565 1717 684 1785 excidit
712 1716 840 1805 dipodia
869 1715 1027 1795 iambica,
1055 1734 1152 1802 quarn
1176 1715 1204 1782 si
1228 1734 1268 1783 ex
1291 1723 1341 1783 to-

142 1823 210 1889 tius
233 1823 412 1890 sententiae
438 1822 690 1890 conformatione
712 1820 862 1890 elicueris
884 1829 918 1888 et
937 1839 1091 1888 numeros
1110 1827 1143 1888 et
1164 1819 1247 1888 sales
1272 1822 1340 1888 An·

142 1926 277 2015 tipbane
290 1926 406 2016 dignos
424 1927 565 1996 habebis.
595 1930 635 1996 ln
656 1927 743 1995 hunc
764 1928 866 2014 igitur
883 1925 1015 1994 modum
1034 1925 1113 1994 haec
1135 1927 1341 1996 restituenda

141 2052 270 2101 censeo:

277 2149 317 2207 Σ.
350 2138 434 2210 οὐδὲν
452 2141 579 2222 λέγεις,
602 2146 665 2215 πῶς
686 2140 750 2224 γὰρ
771 2139 886 2220 γένοιτ’
908 2137 964 2217 ἂν,
987 2134 1009 2205 ὦ
1031 2136 1150 2222 ωνόιορ,

344 2247 439 2330 ῥήτωρ
461 2246 603 2333 ὶφωνοςς
625 2257 661 2316 Β.
686 2245 722 2323 ἢν
745 2244 813 2328 &Ab
835 2245 902 2328 spic
921 2242 1118 2327 οιοιροινόμοιν.

278 2361 317 2417 Σ.
352 2349 474 2435 παίζεις
497 2352 589 2436 ἔχων.
613 2363 648 2418 Β.
673 2349 724 2417 sat
747 2351 809 2429 piso
828 2349 963 2431 ἀκριβῶς
988 2347 1089 2432 ᾠόμην

344 2456 509 2536 ἐγνωκέναι
531 2458 567 2525 τὸ
590 2457 692 2540 ῥηθὲν,
714 2457 791 2521 ἀλλ’
813 2455 868 2532 ἤδη
892 2453 980 2535 λέγι.

142 2561 203 2644 Qui
226 2561 261 2628 in
284 2560 341 2629 tali
368 2581 405 2630 re
431 2572 595 2631 errantem
624 2561 810 2648 redarguit,
839 2561 868 2628 si
892 2558 1026 2628 liberios
1056 2559 1201 2648 loquitur
1228 2569 1339 2647 ληρεῖς

140 2666 190 2733 vel
209 2675 312 2749 Ληρεῖς
332 2667 413 2752 ἔχων
433 2669 514 2736 soiet
534 2669 567 2734 in
588 2688 643 2735 ore
662 2667 797 2742 habere,
822 2675 860 2734 ut
880 2665 964 2755 apud
984 2666 1151 2735 Cratinum
1170 2667 1205 2734 in
1227 2660 1338 2736 Schoi'.

141 2771 181 2838 ad
203 2772 365 2861 Aristoph.
388 2773 470 2842 Nub.
495 2793 540 2839 vs.
567 2777 643 2842 544.
672 2782 704 2841 et
735 2772 820 2860 apud
851 2772 1098 2861 Aristophanem
1128 2772 1342 2860 saepissimo,

140 2884 178 2944 ut
206 2879 239 2945 in
270 2878 371 2946 Ranis
394 2899 441 2946 rs.
466 2883 545 2948 512.
583 2878 704 2946 Avibus
731 2883 807 2946 544.
841 2877 975 2968 Lysistr.
1001 2883 1078 2946 944.
1110 2877 1166 2945 sed
1188 2877 1339 2966 petulan-

141 2985 208 3052 tius
226 2984 287 3053 hoc
307 2994 374 3064 est,
398 3004 495 3073 quam
516 2992 554 3052 ut
574 2984 680 3071 puella
700 2985 747 3051 sic
767 2985 852 3072 patri
867 2984 1067 3073 respondeat.
1092 2982 1212 3053 Lenius
1230 2985 1340 3072 igitur

139 3099 187 3159 est
214 3092 299 3160 οὐδὲν
328 3092 455 3172 λέγεις,
486 3110 551 3180 quo
583 3110 694 3158 omnes
722 3090 906 3178 improbant
925 3088 1083 3178 quidquid
1104 3089 1253 3178 displicet
1275 3098 1339 3162 ant

141 3217 203 3264 non
227 3197 429 3286 intelligunt,
452 3206 488 3265 ut
513 3196 599 3285 apud
623 3197 729 3285 ipsum
754 3194 969 3283 Antiphonem
994 3195 1111 3264 Athen.
1134 3197 1174 3265 X.
1197 3202 1277 3267 tto.
1298 3196 1338 3269 G.

320 3308 374 3372 οὐκ
396 3300 453 3371 ott'
474 3302 541 3371 ὅτι
564 3302 671 3383 λέγεις
697 3304 704 3394 Ι
726 3302 810 3370 οὐδὲν
833 3302 939 3383 λέγεις
959 3301 1033 3386 γάρ.

140 3416 174 3476 et
202 3409 322 3496 passim
353 3408 437 3497 apud
459 3408 548 3476 alios.
584 3406 687 3489 Quam
718 3408 799 3477 hene
825 3409 909 3496 patri
937 3408 1057 3476 iocanti
1083 3407 1254 3477 conveniat
1284 3426 1337 3478 ro·

142 3514 298 3603 spondere
322 3517 356 3595 ἣν
378 3516 446 3600 cinci
465 3515 530 3599 τρὶς
554 3514 739 3597 ποιονόμων
759 3523 792 3582 et
812 3533 909 3601 quam
933 3522 1006 3601 apte
1026 3512 1091 3581 filia
1115 3512 1243 3602 Sappho
1263 3532 1339 3583 vor·

140 3621 191 3688 his
219 3621 340 3704 παίζεις
367 3619 449 3704 ἔχων
477 3629 602 3710 patrem
631 3618 672 3687 ad
701 3620 901 3706 propositum
930 3628 1057 3687 revocet
1083 3627 1233 3708 apertum
1260 3639 1336 3691 esse

141 3725 292 3792 arbitror.
333 3728 485 3808 Ἔγνωκα
508 3746 567 3815 pro
589 3725 735 3792 innitent
757 3723 909 3812 inquens
938 3723 972 3791 in
1004 3725 1112 3792 Attica
1141 3733 1205 3806 est,
1236 3729 1335 3799 cuius

139 3830 187 3897 rei
212 3849 313 3918 panca
334 3831 481 3921 exempta
501 3831 702 3912 adscribam,
727 3851 790 3920 qno
813 3828 941 3898 facilius
972 3832 1098 3900 vincam
1129 3832 1190 3901 hoo
1222 3833 1335 3922 ipsum

141 3935 176 4002 in
198 3937 315 4027 Lysiae
334 3937 403 4006 loco
426 3939 565 4026 pessime
580 3937 754 4026 depravato
777 3956 847 4006 esse
869 3937 1100 4026 reponendum.
1132 3937 1337 4029 Antiphanes

142 4041 256 4110 Athen.
281 4043 319 4110 X.
344 4049 420 4112 448.
440 4046 478 4113 Ε.

321 4150 382 4215 νννὶ
406 4151 437 4218 δὲ
462 4155 546 4218 τοῦτ’
567 4151 684 4235 ἔγνωχ’
706 4149 752 4220 ὅτι
777 4149 783 4241 Ι
807 4151 919 4227 cibabis
943 4148 987 4227 ἦν.

143 4251 248 4321 Alexis
271 4254 386 4324 Athen.
412 4256 466 4328 xl.
489 4261 564 4323 465.
588 4256 624 4323 Ι).
