2940 5010
649 261 714 323 nott

112 468 125 505 ν.
150 439 216 517 82,
248 438 300 502 to.
348 437 624 512 ’Λσειλοῦμαι
661 432 730 498 ἀντὶ
768 435 821 496 τοῦ
859 434 1027 496 exesae.
1077 437 1214 516 Ξενοφῶν
1248 436 1279 501 ἐν

112 542 276 625 ῐνμτοσθιρ.
311 537 458 617 Ἄλεξις·

505 644 693 721 δινσειλεῖτθ
715 669 778 723 μοι.

113 755 144 820 ie
168 754 254 822 enim
275 752 365 819 loeus
388 750 635 818 constituendus
666 760 723 816 est.
773 747 852 815 Vide
877 757 986 815 antem
1012 749 1091 815 inihi
1118 771 1214 837 quain
1240 753 1281 820 ie·

112 878 152 927 'es
174 868 206 925 et
230 857 339 924 intiies
362 859 416 923 isti
438 859 504 923 sint
527 856 779 932 honinneinnes‚
806 854 924 941 quihus
949 853 1042 920 molti
1077 866 1195 923 temere
1224 858 1279 924 ali·

112 961 175 1051 [nid
199 963 342 1029 tribuere
366 963 477 1029 solent.
502 965 711 1042 Ἀτειλοῦμαι
737 960 843 1026 dicere
871 980 927 1047 [tro
946 963 1066 1026 ἀπειλῶ
1091 982 1152 1026 non
1179 964 1281 1031 inulto

112 1069 190 1137 teins
213 1076 262 1136 est
287 1089 382 1155 quam
407 1088 463 1154 pne
488 1069 587 1149 χαθρα
611 1065 718 1133 dicere
740 1068 904 1150 χαίρομαι.
953 1066 1054 1146 Quam
1080 1068 1225 1134 sollerter
1248 1071 1281 1135 id

112 1196 136 1243 s
168 1174 238 1240 ioco
273 1173 492 1258 Xenophontis
525 1171 673 1238 elicuerit
706 1171 805 1237 vides.
862 1171 1034 1237 Cuninlum
1072 1172 1122 1239 his
1157 1174 1281 1242 addidit

112 1298 198 1367 [num
228 1300 266 1346 ex
298 1278 428 1345 hiexitle
453 1276 582 1344 aiierret
615 1277 803 1354 inextinctae
825 1302 887 1356 μοι.
935 1276 1054 1363 Nempe
1085 1277 1280 1348 vertacum

112 1384 149 1452 ιθ
172 1385 348 1471 composita
374 1403 455 1471 qnae
480 1394 634 1449 certamen
659 1394 690 1451 et
715 1384 936 1449 contentionem
965 1382 1149 1468 significant
1180 1387 1283 1454 soient

112 1510 198 1559 orme
222 1489 319 1556 medii
348 1488 484 1555 immam
510 1490 653 1556 induere.
700 1488 846 1567 Τοξεθα,
871 1498 907 1553 ut
931 1487 989 1552 hoe
1016 1498 1112 1567 utar,
1138 1500 1170 1557 et
1193 1495 1280 1559 οὶιιον-

112 1594 168 1679 ’θζα
193 1595 311 1662 habent
339 1594 556 1674 διατοξεθομοιι
581 1603 613 1662 et
636 1595 884 1676 διακοντίζομοιιε
911 1593 1085 1680 Xenophon
1117 1595 1278 1685 Cyrop.1.

112 1720 140 1769 tt.
166 1705 198 1766 4.
226 1708 384 1782 κατῆρχεν
408 1737 453 1750 -
477 1701 493 1777 ἢ
519 1701 787 1779 διατοξευσόμενος
813 1702 830 1776 ἢ
855 1701 1112 1777 διακοντιούμενος
1136 1706 1200 1769 atat
1223 1713 1282 1772 τῶν

112 1830 209 1873 παν.
243 1804 403 1892 Titeopht'.
428 1805 575 1871 (literani.
599 1810 651 1872 nt.
678 1807 750 1886 πρὸς
780 1807 832 1870 σδν
856 1807 966 1870 ἑαυτοῦ
992 1807 1154 1873 ἀκόλουθον
1181 1810 1302 1876 διατο·’

112 1911 239 1981 *adsedet
269 1911 321 1976 nai
351 1911 603 1994 διακονσθζεσθαι.
652 1910 770 1976 Eodem
805 1910 898 1976 modo
931 1909 1079 1975 dicebant
1112 1913 1281 1997 διαξιφίζο·

112 2040 177 2093 ιαι,
199 2016 470 2098 διαδορατθζομαι,
502 2026 535 2084 et
562 2036 625 2082 non
662 2014 812 2080 dissitniii
848 2016 1118 2096 διαβαστθζομαι,
1148 2018 1280 2097 διαιταν·

112 2121 253 2204 ιιθζομαι.
286 2121 355 2189 -Sin
378 2123 458 2203 βοοῖν
484 2121 577 2187 hahet
601 2123 786 2201 διαβοᾶσθαι
809 2140 866 2207 pto
889 2121 1144 2202 διακεκραγέναι,
1170 2125 1280 2192 Dento-

114 2226 228 2295 iitenes
251 2248 282 2315 p.
302 2232 386 2305 806,
412 2232 441 2291 2.
466 2228 538 2308 νιρδς
564 2225 711 2300 ἅπαντας
735 2227 784 2292 ἀεὶ
809 2237 998 2308 προαιρεῖται
1029 2229 1278 2309 διαβοᾶσθαι

112 2332 150 2401 ad
171 2333 355 2416 μέμφεσθαι
377 2333 420 2398 τοὶ
444 2333 621 2411 λεγόμενα,
646 2333 669 2397 i.
692 2351 719 2397 e.
752 2332 940 2398 clamoribus
963 2343 1091 2399 certare.
1141 2335 1194 2403 sio
1217 2356 1278 2408 ναι·

112 2447 190 2522 τρεῖν
213 2437 307 2504 habet
331 2439 596 2519 διαλοιδορεῖσθαι,
620 2436 719 2505 δοὶκνον
742 2438 973 2516 διαδάκνεσθαι,
1006 2440 1160 2517 atyytaae
1190 2446 1278 2527 διαχ·

112 2544 282 2622 ’θλλεσθοιμ
305 2544 465 2625 στονδοέζα
487 2544 771 2626 διασσουδοὶζομαι,
795 2545 910 2610 κελεύοι
933 2547 1163 2627 διακελεύομαι.
1202 2554 1278 2621 Can.

112 2648 188 2717 ando
210 2660 329 2716 certare
349 2650 492 2734 διᾴδομαι
513 2650 656 2728 dicitnr,
681 2670 742 2716 non
765 2652 874 2736 διρθδω,
899 2652 992 2716 enies
1013 2652 1101 2717 veihi
1121 2658 1277 2726 aoristnm

112 2756 234 2823 ornavit
259 2754 462 2844 Phrynichus
487 2757 518 2820 in
544 2756 678 2821 Behheri
704 2756 821 2822 hnecd.
848 2777 877 2842 p.
897 2761 960 2834 57,
985 2760 1015 2821 5.
1046 2761 1276 2843 Διρθσασθαι

112 2860 129 2929 δ
160 2862 427 2940 διαμιλλιὶσασθαι
458 2864 489 2927 ἐν
513 2861 571 2944 ᾠδῇ
595 2887 663 2927 τινι.
713 2861 765 2926 Sie
788 2861 936 2926 Comicus
968 2864 1075 2927 neseio
1107 2869 1179 2951 quis
1213 2871 1276 2936 διρρ.

112 2967 379 3051 ννοφθοιλμθζεται
406 2969 509 3034 iocose
539 2968 619 3033 dixit
644 2988 701 3053 pm
730 2977 826 3032 certat
852 2965 1046 3051 intpndentia
1069 2970 1154 3055 epod
1177 2973 1274 3065 Hesy.

112 3068 216 3139 hittnt.
263 3074 536 3151 Διοικολακεθομαι
560 3093 577 3138 e
598 3071 754 3138 κολακεύω
786 3070 977 3157 productum
1004 3071 1098 3138 hahet
1122 3076 1277 3149 isocrates

112 3197 125 3245 t
151 3177 326 3245 Panathen.
351 3199 382 3266 p.
407 3184 481 3245 266.
507 3182 541 3244 Β.
574 3182 608 3245 αι’
631 3180 762 3258 μέγιςαι
786 3185 845 3242 τῶν
874 3179 1058 3252 Ἑλλνινιδων
1082 3182 1199 3250 orthem
1222 3190 1276 3255 οὐκ

112 3282 295 3367 Ισχθνονται
324 3285 708 3364 διακολακενθμεναι
740 3285 811 3364 πρὸς
833 3284 884 3348 τδν
906 3284 1019 3349 ἐκείνου
1039 3292 1181 3355 πλοῦτον.
1215 3292 1275 3359 Ta-

114 3386 216 3455 asihi
239 3390 376 3475 quisque
400 3411 456 3475 ριό
481 3411 516 3457 re
542 3400 614 3456 nata
640 3392 723 3455 inter
748 3388 942 3473 loquendam
969 3398 1025 3455 ant
1049 3392 1080 3456 in
1106 3394 1277 3465 scribendo

112 3501 244 3561 sooria
264 3494 409 3580 analogia
442 3494 599 3581 fingebat,
623 3495 729 3582 qualia
754 3502 830 3559 sunt
854 3497 1107 3577 διασοννρεθομαι
1131 3501 1277 3588 improhi-

112 3608 155 3665 ιθο
185 3610 322 3677 certare,
354 3602 585 3681 διαριςεύομαι,
618 3600 910 3683 διασωφρονίζομαι,
945 3602 1175 3685 διαρετίζσμαν,
1212 3611 1276 3675 δρα.

112 3705 407 3787 σιλοκαναθθζομαι,
441 3707 712 3784 διασιθοινεθομαι,
747 3714 779 3770 et
808 3703 870 3769 alia
901 3707 1067 3792 quaedam.
1117 3712 1208 3779 Teios
1243 3717 1276 3782 in

112 3809 221 3877 hobam
245 3809 355 3879 Fiotii.
379 3818 418 3885 h,
444 3816 497 3877 67.
546 3812 695 3890 Διογένης
720 3811 789 3876 ἔσοι’
815 3835 862 3883 τις
887 3811 1163 3897 ἐτραχήλιζεν
1186 3821 1275 3887 οὶσθε·

112 3922 146 3991 ιῖις
175 3914 292 3997 ἔχοντα
324 3919 357 3982 οὐ
392 3916 718 3998 διετραχνλίζετο
746 3916 836 3982 cinth
867 3915 968 3993 δείξας
1000 3921 1084 4001 αὐτῷ
1115 3923 1166 3987 τὸν
1190 3926 1276 3992 κιθνα

119 4022 294 4105 Bineses?
318 4021 379 4105 ἔφη
418 4029 552 4089 »τοῦτον
578 4025 641 4086 ὤθει
662 4024 734 4102 τρδς
766 4022 877 4088 ταδε.”
925 4026 1157 4107 Διατικραίνα,
1190 4031 1275 4116 qnod

112 4126 231 4196 derunt
254 4126 441 4194 Lexieornm
470 4128 666 4204 conditores,
704 4137 840 4194 nonest
871 4129 1051 4206 Graecum,
1087 4133 1142 4198 sed
1174 4136 1273 4205 διασι-

112 4235 262 4314 νιιθνομαι.
310 4234 392 4300 Hine
424 4237 544 4322 optime
576 4233 712 4318 intelligi
746 4243 869 4320 petest,
905 4253 965 4300 car
997 4235 1137 4326 Hedyhis
1166 4239 1274 4310 dicere

112 4340 232 4409 otuerit
255 4341 286 4405 in
310 4342 476 4408 notissimo
500 4343 732 4428 epigrammate
755 4340 839 4426 apati
865 4339 1062 4407 Athenaeum
1089 4349 1208 4430 etse.
1234 4348 1274 4415 G:
