2940 5010
704 280 770 351 796

145 480 261 539 πιγγις
291 457 425 545 antiqua
456 462 486 524 et
519 454 616 543 proba
649 457 910 544 scriptumest,
942 465 976 527 et
997 457 1080 529 nihil
1111 467 1322 531 crebrantur

144 563 351 650 quamobrem
373 561 547 630 articulum
580 563 613 627 in
634 561 698 628 dari
722 560 807 652 (ὑπὸ)
839 573 896 642 τῆς
924 561 1108 645 σοίιιπιγγσς
1140 564 1322 635 [iindnrdur

141 677 343 748 removeret,
372 678 410 737 ut
443 667 492 736 vei
526 665 749 754 Aristophanis
780 667 876 736 verba
905 667 1071 737 declarent
1101 669 1245 739 detrun.
1278 690 1321 739 ιι.

144 779 247 842 1001;
272 775 368 842 πίνιιν
392 774 465 841 ὑπὸ
488 783 561 850 πής
581 771 776 852 σιίλπιγγοι.
816 772 950 842 Summa
971 775 1156 843 coustumia
1175 775 1322 847 dicebant

144 879 276 949 Veteres
297 880 356 946 ιἰπί
378 878 582 959 σοίοιπιγγος,
605 878 658 946 ὑπ’
679 880 794 956 αὐλοῦ,
817 879 1217 960 praeparamenta..
1241 882 1321 969 quud

142 985 304 1055 neminem
328 984 453 1051 ueseire
476 983 640 1064 arbitror,
660 982 718 1051 aed
741 981 899 1051 fabuntur
920 986 949 1050 si
970 986 1028 1072 qui
1054 993 1174 1072 putuit
1197 987 1232 1054 in
1256 988 1321 1055 tuii-

141 1090 204 1157 bus
227 1089 360 1179 perinde
391 1089 471 1156 bene
503 1089 569 1156 dori
602 1090 677 1177 pani
709 1108 810 1176 pesae.
858 1087 1030 1158 Simitlimn
1056 1110 1178 1178 genere
1205 1094 1322 1161 amrin

142 1195 297 1263 scribitur
319 1193 373 1261 lt.
399 1200 441 1262 9:
463 1191 552 1271 ήππον
573 1195 612 1262 ἂν
634 1197 661 1262 οί
691 1195 832 1274 πολίριιοι
854 1193 1043 1263 αἰσθάνοιντο
1065 1198 1094 1263 σί
1114 1197 1181 1265 atri
1200 1222 1320 1282 παραγ·

141 1300 279 1380 γέοισοος
301 1300 456 1379 γίγνοιντο
479 1304 603 1380 μᾶλλον
626 1300 644 1377 ή
666 1300 746 1367 οίπο
777 1302 947 1383 κήρυκος
982 1301 1000 1379 ή
1033 1303 1098 1369 οίπί
1127 1311 1321 1389 προγραφῆς.

141 1405 280 1473 Etiamsi
299 1407 386 1472 enim
411 1425 473 1471 non
496 1411 580 1471 esset
611 1403 789 1474 muitarum
811 1423 873 1473 usu
895 1406 973 1473 trita
1000 1404 1146 1488 neuin,
1179 1411 1318 1497 resipui

141 1520 174 1579 at
198 1510 390 1578 Graecitatis
425 1511 590 1596 ingenium
627 1529 686 1596 pro
714 1513 778 1579 dri
808 1511 932 1592 eripuere
963 1508 1188 1581 demonstrare
1215 1522 1318 1603 pinsant

141 1615 200 1683 iri
223 1616 348 1696 κήρυκος
379 1613 443 1683 diei
479 1620 644 1700 opertere:
677 1634 765 1683 nunu
796 1617 941 1683 omniurn
972 1615 1092 1684 Graece
1120 1617 1318 1706 loquentium

142 1739 301 1786 consensu
324 1727 448 1786 constat
472 1739 535 1787 non
561 1718 656 1785 aliter
678 1740 773 1806 qnam
806 1722 854 1786 sie
878 1739 896 1787 a
920 1720 1128 1808 Xenupbnnte
1153 1744 1225 1793 eene
1244 1727 1317 1793 sari·

140 1835 246 1912 ptum.
295 1823 487 1912 Sequinrum
511 1831 692 1912 temporum
715 1824 861 1903 seribae,
885 1824 1002 1911 quibus
1025 1826 1316 1899 antemuranum

139 1950 199 2018 pro
222 1929 282 1996 ὑπί
304 1928 503 1999 substituere
522 1931 620 1997 etiarn
640 1929 725 1997 bunc
744 1930 850 1997 ionum
882 1926 1098 2017 eorruperunt
1120 1944 1153 2002 et
1177 1931 1316 2003 tulerunt

77 2086 81 2092 .
141 2037 294 2124 impune,
318 2036 395 2120 quia
416 2034 526 2102 Critiei
549 2044 679 2121 propter
711 2054 860 2121 maguum
892 2035 1035 2103 ineerurn
1060 2039 1249 2107 vitiatorum
1271 2060 1316 2108 en·

140 2141 251 2226 pium,
276 2148 312 2205 ut
336 2137 488 2219 videtur,
510 2138 650 2209 nondum
673 2143 753 2208 satis
777 2141 915 2208 tirmiter
937 2141 1000 2208 sibi
1024 2144 1264 2213 constituerunt
1284 2148 1315 2213 iu

141 2244 259 2331 quibus
289 2243 368 2310 lunis
399 2243 460 2310 ὑπό
489 2247 707 2313 necessarium
745 2248 799 2311 sit.
846 2246 949 2328 Quam
980 2266 1076 2335 saepe
1114 2249 1257 2336 legitur,
1283 2260 1316 2319 ut

141 2349 202 2418 bne
225 2357 319 2427 utar,
353 2351 417 2416 dard
439 2351 563 2428 λίπιι,
594 2353 655 2418 aira
679 2355 774 2432 θυμοῦ
797 2360 830 2418 et
856 2354 929 2420 sim.
954 2354 1046 2439 quasi
1079 2353 1216 2423 dubium
1238 2364 1317 2423 emet

142 2456 221 2541 quin
253 2456 313 2520 ὑπὸ
344 2455 466 2533 λύπης,
502 2457 559 2521 ὑπὸ
582 2457 677 2536 θυμοῦ
710 2458 811 2522 solum
846 2465 929 2524 esset
954 2457 1124 2528 Graecum.
1173 2460 1236 2527 Sed
1257 2463 1315 2531 eri·

141 2559 268 2625 dentior
296 2560 416 2635 etiam,
442 2560 469 2624 si
491 2558 567 2645 quid
591 2559 723 2639 iudien,
756 2581 846 2627 error
869 2562 972 2627 estin
997 2565 1030 2628 ιιί
1053 2561 1219 2645 diurpanei
1242 2569 1314 2635 risi

138 2668 262 2747 κήρυκος
285 2666 458 2744 γίγνονται.

184 2772 220 2840 lu
246 2770 297 2837 tv.
326 2774 386 2836 12:
418 2772 460 2852 τῷ
485 2771 624 2850 κρυπτὰς
648 2770 752 2852 ίχονπι
775 2772 926 2853 φυλακὰς
955 2769 1098 2847 σ’ξίςοιι
1128 2778 1195 2842 xri.
1220 2777 1317 2845 multu

138 2876 254 2944 meiius
285 2876 446 2942 scribetur
473 2871 576 2952 ἕξεσι,
611 2895 673 2941 nun
702 2885 751 2942 est
775 2877 860 2942 enim
890 2897 1007 2943 uorum
1037 2879 1230 2961 inuentum,
1260 2903 1318 2970 qun

139 3001 234 3048 neruo
258 2990 352 3047 antea
375 2986 459 3047 esset
478 2998 576 3053 usus;
609 2988 640 3044 et
665 2978 711 3045 vel
737 2981 783 3046 sie
813 2978 910 3056 ἕξεσιν
934 2990 971 3047 ut
994 2985 1027 3048 in
1061 3003 1096 3049 re
1124 2994 1214 3052 certa
1240 2997 1317 3054 esset

137 3085 407 3173 anteponendum.
463 3084 500 3150 lu
533 3082 625 3150 libris
659 3084 722 3154 ian
744 3122 790 3137 -
813 3084 900 3161 ίςιιι,
932 3083 1030 3162 ἕξεσιν
1050 3123 1096 3138 -
1119 3087 1224 3165 ἐξίςυι
1256 3102 1316 3159 tam

138 3193 323 3278 frequenter
346 3192 431 3257 inter
454 3209 488 3257 se
511 3196 737 3276 permutantur
761 3199 796 3256 ut
820 3189 920 3256 libera
947 3192 989 3257 sit
1015 3190 1132 3278 ubique
1155 3197 1253 3281 optio.

185 3296 390 3364 Desideratur
413 3294 619 3380 participium
644 3295 676 3359 in
699 3295 735 3360 V.
750 3300 787 3362 8:
813 3298 948 3378 ίοιρριῡσι
968 3296 999 3360 δὲ
1016 3295 1143 3375 adama
1163 3303 1318 3381 πολέμιοι,

137 3404 213 3470 ίποιν
233 3410 297 3475 τοῖς
320 3401 464 3473 ἐναντίοις
487 3398 668 3481 προίγμοιποι
700 3401 752 3466 κοιί
783 3401 941 3484 οίσχοοιίοις
972 3400 1193 3472 πυνίοίνιοντοιι.
1242 3404 1318 3494 Sup-

140 3506 291 3592 plendum
316 3512 383 3571 est:
407 3505 588 3586 προίγμοιποι
610 3504 663 3570 nari
683 3505 841 3587 ἀσχολίοις
868 3505 987 3594 (οὔσαις)
1011 3507 1234 3578 πυνίοίνυνποιι.
1269 3513 1318 3581 bi·

140 3610 226 3675 uitur
248 3617 356 3675 aulem
381 3607 513 3696 perinde
542 3609 622 3677 hene
653 3607 731 3678 είνοιι
754 3610 984 3688 πυνίοίνοινποιι,
1020 3618 1053 3678 et
1082 3611 1179 3690 οιίσοις
1207 3620 1318 3685 πυνίιί·

140 3739 265 3792 inurar,
297 3713 352 3784 sed
376 3713 435 3780 hue
459 3723 491 3780 et
516 3717 732 3798 Ἀπτικιίτεριν
760 3726 809 3784 est
832 3724 864 3783 et
887 3716 1015 3783 faritius
1048 3718 1095 3784 siu
1127 3720 1321 3810 intelligitur

139 3819 297 3907 quonrodn
314 3820 532 3888 necessarium
557 3821 748 3889 vocabulum
772 3821 870 3888 iuerit
892 3823 1061 3889 anrisauur.

186 3924 327 4001 Vitium,
351 3926 382 3990 in
408 3923 491 4011 quod
516 3925 640 3993 scribae
660 3946 771 3993 amires
795 3937 871 3993 suut
901 3929 1096 4013 εὐεπίφοροι,
1119 3934 1320 4003 contaminat

140 4029 246 4098 lucum
272 4028 341 4097 Vll.
367 4035 407 4096 5:
432 4031 563 4096 ίπλίπιιί
587 4055 623 4097 σε
646 4034 679 4097 οὐ
713 4033 815 4111 μείους
837 4031 960 4099 ἔσοντοιι
983 4035 1036 4101 κοιί
1062 4035 1106 4101 σοὶ
1129 4040 1269 4117 σιίριοιποι
1286 4044 1319 4108 οὐ

138 4137 259 4218 χείρω
295 4132 419 4219 ἔχοντες
442 4135 495 4203 κοιί
526 4135 584 4209 πίις
608 4137 721 4221 ψυχίις
744 4137 983 4223 praeripiunt.
1030 4140 1206 4229 Xenophon
1243 4146 1319 4212 seri·

139 4241 218 4327 psit:
242 4241 295 4308 κοιί
311 4242 359 4310 ’σοὶ
380 4242 514 4323 sipara
536 4245 570 4309 οὐ
600 4251 741 4325 χεῖρον
768 4242 914 4327 ἔχοντες,
940 4264 1002 4312 non
1023 4247 1137 4329 χείρω,
1165 4249 1221 4316 sed
1242 4253 1319 4318 scri·

137 4341 198 4414 bne
221 4345 409 4417 adverbium
433 4347 530 4417 stulte
553 4348 585 4416 iu
610 4349 702 4431 χείρω
728 4349 923 4419 retinuerunt
957 4352 1021 4419 rati
1050 4353 1093 4420 σοὶ
1125 4357 1261 4440 σώμασι
1287 4366 1319 4426 et
