2940 5010
648 282 711 343 675

112 456 161 525 icil
182 463 215 524 et
238 453 419 542 largitionis
447 449 640 519 Plutarchus
664 452 813 519 meminit
840 452 873 518 in
900 449 1066 519 Coriolano
1089 473 1158 541 cap.
1180 453 1261 520 xiv.

112 563 233 641 ιάιίνιρσι
260 562 291 627 δὲ
323 559 454 639 λέγεται
486 564 600 641 πρῶτος
631 559 771 641 άρνύριον
805 559 904 624 δοῦναι
933 558 1076 634 δικαςαῖς
1095 562 1226 634 ”Arum
1251 561 1265 624 ὁ

112 668 279 748 ινίεμίωνος
303 664 461 747 προδοσίας
487 664 553 747 περὶ
586 665 691 731 Πάλον
726 665 895 746 κρινάμενος
921 666 954 730 ἐν
980 674 1044 738 τοῖς
1076 676 1265 739 Πελοποννκ·

112 781 200 848 mir
224 774 278 851 ibn
311 777 506 838 τελευτῶσιν.
553 770 786 836 Gravissimum
819 769 963 837 eiusdem
1000 769 1124 838 fraudis
1157 780 1265 839 aucto·

112 898 152 947 im
175 877 331 945 babemus
354 873 558 944 Aristotelem
581 874 666 964 apud
692 876 846 963 Harpocr.
872 897 903 946 v.
930 877 1093 959 Δεκάζωνε
1127 914 1163 928 -
1185 883 1266 958 'Apr-

112 982 211 1059 πάλης
233 983 259 1049 δ’
283 985 314 1049 ἐν
336 983 503 1058 ’Alacrior
527 982 672 1065 πολιτεία
692 983 824 1048 Ἄνυτόν
848 987 925 1065 φησι
948 980 1133 1059 καταδεῖξαι
1157 983 1192 1049 τὸ
1219 984 1266 1049 δε·

112 1088 187 1173 ίζειν
208 1088 252 1155 τά
271 1090 444 1170 δικαςήρια.
492 1086 680 1154 Aristoteles
700 1086 831 1154 demum
855 1086 936 1155 bene
960 1088 1079 1156 Graece
1102 1097 1133 1154 et
1159 1089 1266 1155 Attice

112 1195 184 1263 xil:
203 1199 335 1268 Ἄνυτος
359 1191 577 1275 κατέδειξε
600 1196 636 1258 τὸ
666 1192 869 1274 δεκάζειν,
893 1194 1058 1280 sequiores
1079 1214 1183 1280 neque
1203 1219 1261 1260 κα·

112 1298 223 1379 aenas
256 1308 429 1367 servarunt
459 1317 561 1385 neque
583 1297 731 1380 δεκάζειν.
781 1298 812 1363 is
836 1299 1002 1385 igiturne
1026 1301 1177 1366 iuuentus
1209 1299 1264 1366 At·

112 1424 148 1473 ιι
174 1414 439 1491 corrumperetur
473 1405 631 1470 acerrime
655 1402 807 1482 carebat,
839 1404 895 1490 qui
930 1406 1041 1491 paucis
1070 1413 1148 1472 ante
1172 1406 1267 1472 annis

112 1512 173 1601 upi
191 1510 362 1597 largitione
386 1511 511 1597 primus
538 1511 684 1575 omnium
716 1511 855 1595 pessimo
875 1509 1020 1597 exemplo
1042 1511 1166 1578 iudices
1197 1530 1267 1577 cor·

112 1625 226 1707 rpcrm.
273 1617 401 1706 Anytus
434 1615 548 1701 opibus
572 1623 604 1680 et
632 1614 808 1681 bonoribus
839 1623 952 1701 potens
976 1614 1151 1684 Alcibiadis
1179 1636 1267 1684 ama·

112 1721 282 1798 fluerat,
306 1728 337 1788 et
353 1740 446 1808 quem
472 1720 620 1786 Socrates
643 1720 683 1786 ad
707 1722 860 1789 uirtutem
891 1721 1098 1803 instituebat,
1126 1721 1264 1789 enodem

112 1837 210 1918 hylus
241 1825 381 1894 officiose
406 1826 599 1893 demerendo
630 1836 663 1892 et
695 1825 885 1892 blandiendo
909 1838 941 1894 et
965 1827 1125 1894 adulando
1149 1827 1263 1915 depra·
1349 1819 1376 1872 Ϋ

112 1932 186 2002 bat.
232 1931 338 2000 liuius
361 1934 408 1999 rei
433 1934 495 1999 tria
519 1931 683 1998 luculenta
717 1933 900 1998 testimonia
933 1941 1071 2001 aetatem
1096 1934 1266 2014 tulerunt,

112 2039 192 2130 rtyri
222 2038 307 2126 apud
338 2038 453 2105 Athen.
478 2038 548 2105 xit.
584 2058 614 2124 p.
634 2043 721 2114 554,
755 2036 920 2104 Plutarchi
942 2039 975 2104 io
1000 2039 1164 2107 Alcibiade
1193 2060 1263 2126 cap.

112 2144 145 2225 l,
168 2141 341 2212 etiterum
369 2145 401 2209 in
426 2145 586 2210 Amatorio
616 2165 645 2230 p.
672 2146 746 2208 rub.
772 2143 808 2209 b.
840 2143 888 2212 ίςε
911 2144 975 2226 γάρ
994 2145 1090 2221 δήπου
1112 2149 1151 2219 ως
1175 2147 1265 2212 Ἀνύ-

112 2250 203 2343 tyrii
235 2248 430 2338 addendum)
464 2250 662 2328 ’λνίεμίωνος
695 2249 795 2328 ἐρῶντι
820 2249 877 2327 μὲν
907 2249 1128 2329 Ἀλκιβιάδου,
1162 2249 1264 2328 ξένους

132 2358 249 2427 ίςιάντι
262 2357 435 2440 φιλοτίμως
449 2355 500 2420 καὶ
525 2360 699 2435 λαμπρῶς,
723 2354 923 2432 ἐπεκώμασεν
945 2355 959 2420 ί
984 2355 1188 2436 Ἁλκιβιάδης
1210 2357 1263 2422 καί

112 2462 187 2545 ιβιδν
213 2463 276 2528 άπὸ
310 2471 366 2537 τῆς
398 2459 553 2542 τραπέζης
589 2461 630 2532 εἰς
662 2458 756 2537 ἥμισυ
791 2464 849 2523 τῶν
881 2459 1074 2539 ἐκπωμάτων
1112 2463 1262 2538 άπῆλίεν.

112 2568 275 2653 ,χάομὲνων
299 2566 330 2633 δὲ
354 2571 412 2631 τῶν
434 2562 524 2642 ξένων
548 2566 599 2629 καί
633 2563 810 2642 λεγόντων·
842 2565 1002 2647 ὑβριςικῶς
1032 2589 1076 2631 σοι
1112 2567 1263 2649 κέχρηται

112 2674 131 2743 ιδ
162 2671 366 2755 άπερινφάνως
399 2672 433 2737 τὸ
465 2670 630 2751 μειράκιον.
654 2670 876 2751 φιλανθρώπως
899 2672 957 2750 μὲν
989 2667 1062 2749 οὖν,
1092 2674 1263 2749 άἌνυτος

112 2798 166 2858 τε,
188 2777 297 2844 πάντα
320 2776 383 2858 γάρ
407 2777 474 2851 ἐνῆν
497 2777 581 2856 αὐτῷ
603 2776 740 2854 λαβεῖν,
772 2775 841 2840 ὅδὲ
864 2776 959 2855 κάμοδ
986 2783 1126 2843 τοσαῦτα
1162 2804 1261 2846 κατα·

112 2900 241 2962 λοιπεν,
265 2903 347 2969 quae
371 2883 445 2968 quis
469 2881 649 2946 admiratus
683 2880 860 2947 exclamat:
885 2879 906 2946 b
929 2881 1115 2963 Ἡράκλεις,
1138 2887 1177 2958 ὥς
1201 2887 1263 2951 dni·
1293 2865 1297 2878 x

112 3014 135 3059 ιι
165 2990 331 3059 διελύσατο
363 2988 435 3069 πρὸς
455 2989 587 3052 ’Ἄνυτον
612 2988 667 3061 τὴν
698 2988 762 3052 άπὸ
787 2985 969 3068 Σωκράτους
993 2987 1045 3053 καί
1071 2990 1262 3073 φιλοσοφίας

112 3098 229 3179 πριιιιδο
260 3094 394 3177 ἐχθράν,
427 3095 452 3158 εἰ
482 3099 577 3176 πρᾷος
607 3091 640 3169 ἦν
664 3089 758 3166 οὕτως
793 3091 859 3173 περί
894 3092 990 3174 ἔρωτα
1022 3093 1075 3159 καί
1109 3104 1261 3175 γενναῖος.

112 3200 203 3269 milia
234 3199 285 3265 his
322 3198 513 3266 Plutarchus
545 3199 577 3263 in
603 3198 767 3263 Alcibiade
791 3208 823 3264 et
856 3197 993 3286 Satyrus
1030 3208 1140 3266 narrat
1175 3202 1260 3290 apud

112 3306 276 3375 :maneum
301 3324 340 3371 ex
364 3304 471 3390 aliquo
496 3312 604 3370 uetere
639 3305 849 3389 scriptorem
883 3302 947 3368 iilis
977 3305 1177 3393 temporibus
1211 3327 1262 3374 ae-

112 3410 163 3481 mli
191 3420 311 3478 sumta.
360 3409 485 3496 Ecurrid
510 3408 638 3475 videtur
670 3410 797 3498 Anytus
823 3408 989 3475 Socratem
1013 3411 1181 3477 criminari
1208 3433 1261 3500 po-

112 3518 178 3585 lone
198 3517 280 3604 qood
303 3516 496 3582 Alcibiadem
523 3516 723 3601 corruperit?
773 3513 834 3581 Sed
865 3512 968 3580 mullo
991 3518 1139 3600 graviora
1162 3519 1260 3586 etiam

112 3631 265 3713 gumenta
296 3630 395 3699 sunt,
420 3640 479 3685 cur
512 3619 542 3684 id
576 3640 640 3685 non
679 3629 805 3686 tantum
829 3619 1169 3706 impudentissimum,
1205 3625 1261 3691 sed

112 3730 173 3799 itm
196 3727 393 3805 absurdum,
416 3724 565 3791 omnibus
591 3724 703 3790 debeat
728 3726 841 3792 rideri.
878 3724 939 3806 Qui
964 3725 1162 3794 Alcibiadem
1186 3729 1260 3796 ado·

112 3831 287 3911 punctulum
317 3840 383 3897 tam
420 3830 544 3918 perdite
568 3840 731 3896 amaverat
755 3830 882 3898 easdem
912 3840 1009 3917 atque
1042 3831 1096 3899 ilie
1126 3834 1159 3898 in
1192 3855 1258 3922 rep.

112 3946 181 4007 mes
204 3946 334 4005 secutus
366 3936 497 4003 eandem
524 3934 685 4002 fortunam
712 3946 864 4024 expertus
899 3946 948 4004 est
980 3958 1080 4024 qrrum
1113 3940 1260 4025 Triginta

112 4045 219 4125 ¹narmi
252 4046 285 4110 in
318 4043 403 4109 ciros
436 4040 604 4128 populares
637 4043 761 4108 saevire
786 4051 971 4129 coeperunt.
1022 4043 1081 4109 Per
1114 4045 1178 4110 viru
1205 4065 1258 4132 op·

112 4168 183 4221 eona
206 4170 272 4236 rep.
297 4156 330 4214 et
353 4147 452 4225 alios,
486 4147 571 4212 unde
595 4147 654 4213 sibi
690 4148 869 4224 timebant,
903 4168 941 4215 ex
972 4149 1105 4215 civitate
1132 4147 1259 4236 expule-

112 4264 170 4335 nt‚
193 4262 225 4321 et
250 4263 315 4321 tres
339 4251 503 4341 principes
528 4251 788 4341 Thrasybulum,
824 4258 966 4343 Anytum
992 4260 1025 4320 et
1048 4253 1257 4323 Alcibiadem.

112 4381 141 4431 ιο
169 4379 204 4431 se
234 4358 360 4428 nolonte
393 4366 425 4428 et
455 4357 660 4428 dissuadente
693 4358 814 4430 iactum
844 4379 912 4428 esse
936 4379 954 4429 ο
978 4361 1114 4428 caeteris
1147 4360 1260 4448 trigin-

1013 4470 1040 4510 ld
