2940 5010
709 258 770 319 184

148 446 184 503 ut
214 437 343 522 opinor,
375 458 441 515 περι
463 438 473 459 “
495 436 508 461 ⁴
528 457 595 508 τον,
625 430 710 517 quod
739 433 766 497 si
795 430 974 513 περιβόητον
1008 431 1232 519 suppleveris,
1263 434 1337 503 Plu·

144 542 256 609 lantino
277 559 369 607 suam
394 558 526 605 nnannm
550 534 738 604 reddideris.

186 647 359 733 lletuagogi
389 665 502 711 nomeu
535 644 613 711 latet
643 644 674 709 in
706 642 847 709 Platonis
877 642 1057 729 fragmento
1085 641 1173 729 apud
1206 643 1336 713 Plutar-

142 753 239 819 chum
262 751 301 817 de
324 749 463 835 gerenda
488 770 553 837 rep.
580 770 609 836 p.
631 754 706 815 801.
729 750 765 815 B.
789 750 924 817 Πλάτων
945 751 960 815 l
981 750 1113 827 κωμικὸς
1142 750 1197 816 τὸν
1227 761 1336 832 Δῆμον

141 860 234 926 αὐτὸν
253 866 336 924 ποιεῖ
358 896 400 905 -
423 858 572 922 αἰτοῦντα
593 855 724 931 λεκάνην
746 855 798 921 καὶ
823 858 933 937 πτερὸν
954 852 1035 929 ὅπως
1055 854 1153 940 iulos
1173 858 1337 937 λέγοντα·

368 964 555 1044 προσίςαταί
576 986 628 1043 μοι
651 965 723 1042 πρὸς
746 964 781 1028 τὸ
804 962 898 1041 βῆμα
921 961 1082 1035 Masurii-n.

142 1072 174 1136 in
199 1070 415 1153 [lemagogum
440 1067 578 1154 aliquem
603 1076 634 1134 et
659 1075 771 1133 notum
797 1066 958 1132 hominem
991 1065 1069 1133 haee
1100 1065 1166 1133 diei
1196 1076 1338 1156 apparet

142 1195 178 1242 ex
204 1175 261 1250 iis,
285 1193 367 1261 quae
390 1172 475 1259 apud
502 1172 710 1239 l'lntarelnuu
741 1172 955 1260 praecedunt:
987 1170 1124 1258 populus
1153 1192 1254 1261 saepe
1283 1174 1337 1242 de·

142 1281 288 1367 magogis
317 1279 523 1365 nequissimis
553 1280 675 1356 utitur,
699 1279 821 1364 inquit,
846 1276 900 1345 sed
932 1297 1006 1344 eunt
1034 1275 1165 1343 fastidio
1194 1286 1231 1345 et
1262 1300 1339 1347 eon·

141 1394 261 1462 temtu,
285 1383 467 1471 gaudetque
488 1403 588 1471 quum
613 1403 667 1449 eos
689 1383 810 1450 Comici
836 1382 975 1449 ludiluio
999 1382 1128 1449 habent.
1171 1382 1339 1471 Cogitavit

143 1491 321 1558 Meinekius
342 1490 381 1556 de
401 1491 520 1557 llantla
541 1490 704 1567 Thorieio,
728 1490 822 1556 euius
840 1488 925 1576 apud
943 1487 1191 1557 Demosthenem
1212 1493 1339 1559 mentio

144 1605 205 1665 est.
243 1594 321 1663 Mihi
347 1595 436 1662 Plato
462 1595 582 1662 dixisse
607 1594 751 1663 videtin:

323 1704 432 1783 πτερὸν
451 1702 577 1783 ταχέως
601 1725 649 1775 τις
666 1701 719 1767 καὶ
738 1700 870 1776 λεκάνιον
893 1700 1052 1779 ἐνεγκάτω
1076 1740 1121 1755 -

325 1807 512 1889 προσάςαταά
533 1831 584 1887 μοι
606 1808 679 1888 πρὸς
703 1806 739 1872 τὸ
763 1808 858 1887 βῆμα
885 1807 1058 1888 Μαρψίας,

143 1932 238 2000 quem
262 1911 424 1980 hominem
450 1932 488 1979 ex
514 1910 727 1999 Aristophane
746 1913 894 1979 novimus
917 1911 1057 1979 Aeliam.
1083 1914 1160 1977 702.

324 2020 397 2101 πρὸς
419 2018 496 2085 τάδε
521 2019 554 2084 τί
574 2021 697 2100 άντερεῒ
714 2021 883 2100 Μαρψίας

143 2122 327 2204 προτάταται
349 2144 412 2190 uon
431 2132 481 2190 est
500 2144 649 2191 nauseam
669 2135 698 2190 et
720 2125 885 2213 fastidium
915 2134 1019 2201 creat,
1042 2122 1099 2191 sed
1130 2123 1270 2212 ponitur
1302 2144 1343 2193 eu

141 2248 260 2304 sensu,
286 2248 350 2316 quo
381 2248 476 2316 saepe
506 2229 591 2316 apud
613 2238 757 2296 oratores
787 2227 885 2307 solet,
908 2227 948 2295 de
976 2228 1018 2294 iis
1040 2229 1097 2316 qui
1125 2228 1257 2297 adstent
1280 2236 1342 2298 aut

141 2336 341 2401 circumstent
372 2336 404 2401 in
434 2335 575 2401 comitiis
606 2341 663 2400 aut
691 2336 724 2400 in
760 2332 892 2402 iudicio.
940 2333 1170 2421 llenouendum
1191 2342 1247 2402 est
1277 2334 1342 2403 hoa

142 2441 247 2527 ipsum
272 2439 357 2526 apud
380 2439 541 2508 Demosth.
568 2437 819 2527 ρ.1149..άταν
846 2465 893 2515 τις
919 2440 955 2507 τὸ
975 2442 1068 2520 σῶμα
1095 2440 1257 2524 παραδιδοῖ
1285 2464 1341 2509 κο·

140 2548 237 2625 μάτας
263 2547 371 2612 πολλοὶ
405 2548 585 2628 προΐςανται
622 2545 824 2620 ἐπακούοντες
849 2551 908 2612 τῶν
936 2546 1128 2626 λεγομένων,
1162 2546 1231 2613 imo
1256 2566 1340 2615 vero

139 2654 352 2733 natalesve-at.
1003 2654 1012 2667 '

185 2757 311 2823 Centum
345 2757 488 2824 Piersoni
517 2757 775 2825 emendationem
800 2758 832 2823 in
862 2756 1004 2823 Platonis
1031 2755 1217 2843 fragmento
1246 2756 1338 2847 aput

139 2863 310 2930 lloenidem
347 2884 376 2928 ν.
412 2865 550 2938 Ἀνακῶς
585 2864 762 2930 lleinekius
796 2862 978 2928 inconsulto
1009 2864 1139 2949 sprevit.
1194 2861 1341 2933 Editur:-

141 2969 275 3036 Πλάτων
299 2970 314 3034 ά
335 2969 493 3050 Κωμικάςε
517 2969 570 3036 καὶ
603 2969 663 3043 τάς
687 2970 777 3052 θύρας
801 2971 923 3042 άνακῶς
948 2968 1044 3050 ἔχειν.
1093 2969 1227 3037 Piemon
1251 2972 1341 3059 opli-

140 3097 191 3142 me
219 3085 275 3152 τῆς
304 3075 405 3158 θύρας.
452 3076 616 3143 lleineke:
652 3088 753 3142 »reeta
784 3078 906 3148 άναιιῶο
945 3073 1032 3155 ἔχειν
1063 3073 1212 3141 dicuntur
1246 3078 1341 3165 sorae

139 3183 273 3268 firmiter
303 3181 475 3248 occlusae.'’
530 3181 598 3248 Non
641 3180 800 3249 intellexit
833 3178 911 3266 quid
943 3188 1029 3247 esset
1062 3178 1185 3255 άνακῦε
1222 3180 1337 3265 ἔχειν,

140 3286 409 3374 quemadmodum
433 3306 535 3372 neque
567 3287 696 3359 Moeris,
720 3286 956 3371 quintanensis
985 3288 1002 3362 ἢ
1031 3292 1254 3369 φυλακτικάς,
1279 3306 1337 3357 ne·

139 3412 201 3478 que
236 3391 436 3481 llosyehiuS‚
471 3393 526 3477 qui
562 3394 739 3472 ἐπιμελῶς,
775 3391 1043 3475 πεφροντισμένως
1082 3390 1333 3478 interprelalur.

140 3496 307 3584 Signiliual
337 3499 458 3572 άνακῶς
490 3496 576 3578 ἔχειν
605 3495 685 3562 nihil
713 3494 800 3562 aliud
832 3514 930 3581 quam
956 3497 1189 3575 ἐπιμελεῖσθαι,
1222 3499 1335 3579 ἐπιμέ-

136 3619 224 3670 λειαν
250 3604 400 3669 ποιεῖσθαι
429 3611 462 3668 el
493 3604 541 3669 sie
567 3600 766 3686 φυλάττειν,
796 3611 908 3683 τιιρεῑν.
958 3599 1134 3667 Observare
1163 3600 1335 3691 aliquem,

138 3728 178 3775 ne
202 3707 283 3775 elam
305 3705 471 3785 elabatur,
495 3706 664 3774 observare
687 3706 788 3785 iores,
813 3726 853 3773 ne
876 3707 950 3793 quis
967 3705 1114 3773 elaneulo
1135 3706 1261 3775 intrare
1282 3708 1335 3779 val

138 3813 246 3901 egredi
273 3814 381 3900 possit.
417 3812 533 3880 llerod.
560 3812 584 3879 1.
610 3817 651 3878 ll
689 3812 867 3895 Περίανδρον
892 3814 922 3879 δὲ
953 3813 1012 3880 ὑπὸ
1046 3812 1174 3887 άπιοίκι
1205 3814 1335 3895 num
1378 3894 1380 3901 Ι

137 3922 193 3999 μὲν
218 3921 247 3984 ἐν
274 3925 406 4003 φυλακῇ
436 3918 540 4002 ἔχειν,
570 3922 692 3991 άναιιῶο
721 3919 752 3984 δὲ
777 3916 862 4000 ἔχειν
892 3925 952 3984 τῶν
982 3917 1147 4000 πορθμέων.
1180 3916 1335 4011 Thucyd-

138 4025 221 4093 Vlll.
249 4028 312 4091 102
347 4023 428 4099 ὅπως
458 4028 559 4092 αὐτῶν
593 4027 715 4098 άιακῶς
755 4022 871 4101 ἕξουσιν
903 4024 938 4100 ἢν
972 4022 1153 4091 ἐκπλέοντα.
1214 4022 1338 4114 itaquo

139 4132 222 4219 quod
244 4132 327 4219 apud
348 4132 476 4221 Lysiam
498 4136 546 4197 est
567 4129 591 4196 Ι.
613 4134 655 4197 25
679 4132 770 4197 εἰπὼν
791 4129 889 4213 ἐκείνῃ
907 4130 1123 4210 ἐπιμελεῖσθαι
1142 4138 1199 4208 τῆς
1221 4130 1337 4215 ον’ραο,

140 4236 170 4302 id
195 4238 285 4305 Plato
306 4240 424 4326 optime
448 4238 572 4305 dixerat
594 4235 647 4301 καὶ
668 4243 724 4312 τῆς
743 4236 833 4319 talpae
852 4238 973 4311 άνακῶς
996 4234 1092 4316 ἔχειν.
