2940 5010
701 232 763 295 104

144 411 266 471 stanter
290 413 449 485 oratores,
474 402 666 490 philosophi,
689 406 822 484 comici,
850 422 974 484 omnes,
1000 412 1037 473 ut
1061 408 1095 473 io
1117 405 1287 495 Theophra

142 517 336 578 testamento
361 507 446 596 apud
469 507 560 594 Diog.
580 506 687 575 hoert.
708 508 746 575 V.
770 513 801 577 2.
824 514 878 577 oo.
908 517 969 579 πῶν
995 512 1028 579 al
1050 512 1170 581 παίδων
1191 512 1287 582 Mino

141 618 200 696 μὲν
217 615 270 682 καί
290 615 417 695 Κίμωνα
438 612 521 703 (lege
539 612 681 703 Σίμωνα)
701 615 755 681 καί
775 614 977 698 Παρμένοντα
999 617 1120 703 ἀφίημι
1140 619 1287 703 ἐλευθέρου

140 728 174 788 et
197 719 281 808 apud
305 718 564 806 Aristophontem
585 718 605 785 ί.
622 717 643 784 ί.
665 732 673 745 ’

324 822 381 893 εἶπ’
401 824 561 907 έλευθὲραν
583 827 691 908 ἀφῆκε
709 825 877 905 βαππίοας
900 827 1084 910 ἐρρωμένως,

143 942 176 1001 ct
195 932 333 1020 passim,
356 928 563 1019 quamohrem
581 927 732 996 Aeschini
754 930 953 999 reddendum
972 952 1044 1001 esse
1059 953 1176 1002 censeo
1192 936 1287 1019 θφίεο

141 1038 313 1120 ἐλευθέρους
340 1056 397 1123 pro
426 1035 647 1117 ἀπελευθέρους
676 1042 710 1101 et
738 1037 770 1102 in
800 1056 870 1124 sqq.
902 1036 1000 1104 verbo
1027 1046 1084 1117 τῆς
1108 1040 1287 1122 ἀπελευθερί

141 1141 371 1231 expungenda,
394 1141 545 1227 quoniam
570 1140 773 1207 manumissio
799 1142 1041 1226 ἀπελευθέρωσις
1074 1143 1140 1213 dici
1168 1152 1270 1233 potest

144 1270 164 1321 a
188 1245 352 1315 nonnullis
380 1245 519 1323 dicitnr,
543 1252 580 1310 ul
605 1248 828 1328 ἀπελευθεροῦν
854 1266 912 1335 pro
932 1247 1061 1331 ἀφιέναι
1083 1250 1286 1334 έλεθθερον,ο

141 1352 347 1435 ἀπελευθερία
376 1350 440 1419 dici
471 1370 534 1417 non
564 1359 687 1439 potesl,
717 1350 802 1439 quod
835 1350 917 1419 nihil
944 1352 1033 1421 eliud
1064 1374 1163 1443 quam
1195 1356 1286 1423 tileo

143 1460 345 1527 conditionem
366 1455 538 1543 significat.

189 1565 332 1641 Dicitur,
352 1562 408 1630 sed
430 1562 560 1640 vitiose,
585 1580 677 1630 serva
700 1563 901 1633 manumissa
924 1564 1076 1648 ἐλεύθερον
1097 1561 1174 1634 οίνον
1193 1568 1281 1635 πίνειν

143 1668 311 1741 Xenarcho
334 1667 449 1735 Athen.
471 1666 508 1734 X.
534 1671 610 1737 440.
632 1667 670 1735 il.

412 1772 480 1853 ἐμοὶ
503 1772 639 1852 γένοιτο,
663 1778 718 1840 eoi
742 1776 856 1857 ζθοης,
878 1775 1001 1855 τέκνον,

411 1879 564 1961 έλεθθερον
585 1883 717 1945 πιοῦσαν
737 1875 811 1947 οίνον
833 1881 1015 1961 ἀποθανεῖν,

143 1985 221 2074 quid
243 1984 357 2053 dehent
380 1984 487 2051 dicere
510 1983 711 2071 Antiphanes
730 1982 857 2052 docebit
878 1984 997 2055 Athen.
1021 1985 1077 2055 111.
1106 1991 1182 2056 rso.
1204 1989 1238 2055 li.

323 2092 350 2157 εί
374 2092 406 2159 δέ
429 2091 474 2171 μη
496 2088 642 2171 μηδέποθ’
666 2087 741 2171 ὕδωρ
764 2089 864 2170 πίοιμι
891 2092 899 2182 Ι
925 2091 1107 2174 ἐλευθέριοι,

145 2195 231 2285 quod
263 2194 368 2283 ipsum
400 2194 570 2267 Xenaroho
597 2195 743 2263 restitue.
799 2192 899 2283 Saepe
928 2195 1008 2265 haec
1035 2195 1190 2266 conlundi
1219 2206 1285 2265 noto

145 2311 205 2371 ost.
240 2300 415 2367 Aeschines
435 2300 475 2366 de
494 2301 531 2367 F.
550 2299 586 2366 L.
611 2298 636 2389 S
658 2304 711 2367 25.
732 2300 889 2384 διατριβαί
912 2302 967 2369 uui
988 2305 1140 2382 ουνιίθειαι
1160 2307 1230 2385 μεθ’
1249 2306 1285 2386 ἀρ

147 2407 294 2490 ἐλεύθεροι
324 2426 362 2473 en
391 2404 552 2492 plerisque
578 2403 671 2471 libris
698 2405 868 2473 videhntur
898 2406 1034 2489 dixisse,
1061 2408 1143 2476 hene
1169 2410 1286 2479 uoltu

149 2535 188 2583 ex
212 2512 325 2599 paucis
352 2511 474 2598 recepit
502 2511 669 2593 ἐλευθέριοι.
703 2510 761 2578 Vel
792 2512 862 2579 sine
885 2509 976 2579 libris
998 2514 1033 2580 in
1055 2512 1196 2601 ctesiph.
1220 2513 1245 2606 S
1269 2522 1284 2582 1

150 2616 377 2703 corrigendum
406 2624 455 2682 est
482 2616 654 2691 παιδευθείς
684 2618 856 2700 ἐλευθερίως
889 2638 947 2705 pro
977 2619 1155 2701 ἐλευθέρως,
1187 2627 1225 2687 ui
1248 2640 1285 2689 ro

151 2723 271 2809 legitur
301 2722 335 2787 in
363 2719 619 2787 dlemorodilihus
652 2721 692 2789 ll.
718 2742 772 2788 vu.
799 2728 830 2789 4.
852 2724 1025 2806 ἐλευθερίως
1056 2724 1285 2807 πεπαιδευμένα

152 2828 452 2909 οοοίιυὲλεοθέρως,
471 2825 555 2913 quod
575 2827 703 2914 proprie
722 2827 761 2893 ιίο
776 2827 899 2894 dicendi
917 2828 1060 2897 liiutctc
1078 2830 1154 2919 poni
1173 2830 1271 2913 solet,

152 2935 228 3022 poni
254 2931 348 3003 dehet
377 2933 409 3000 in
433 2930 605 2999 Memorab.
627 2931 680 2999 lV.
703 2952 769 2998 vnn
796 2939 825 2999 1.
845 2935 901 3009 τὴν
922 2934 1006 3010 δίκην
1028 2934 1155 3003 πάνπων
1176 2938 1285 3021 ἀνθρθν

150 3038 334 3115 ἀληθέςαπα
364 3038 418 3109 καὶ
449 3039 690 3121 έλευθεριοίπαπα
718 3036 771 3103 καί
802 3037 988 3108 διααιθπαπα
1017 3041 1124 3119 circio,
1154 3040 1232 3129 quia
1261 3062 1284 3111 ol

153 3164 282 3212 summa
294 3144 452 3223 libertate,
471 3165 533 3212 non
554 3144 755 3221 liberalitate,
767 3162 897 3211 oausam
920 3142 1040 3211 dixisse
1052 3144 1201 3216 Socrates
1219 3146 1284 3217 dici

150 3250 286 3319 emenda
308 3250 548 3331 έλευθεροίπαπα.

197 3356 391 3444 Hermippus
414 3363 446 3423 et
468 3355 581 3444 Lysias
609 3356 696 3422 inter
720 3374 754 3421 se
785 3357 954 3444 compositi
981 3364 1128 3427 mutuam
1152 3358 1216 3427 sihi
1246 3379 1284 3449 op

152 3460 266 3528 ferent.
314 3460 427 3527 Pollux
446 3459 514 3527 vll.
539 3465 613 3527 194.
640 3459 686 3526 ito
710 3460 837 3527 scribit:
866 3461 1046 3542 Ἕρμιππος
1068 3463 1120 3530 eol
1144 3470 1200 3533 ποῦ
1232 3490 1284 3551 προ

152 3566 309 3641 εευθένπος
330 3565 405 3633 ἀνευ
426 3566 570 3647 ἀργυρίου
588 3565 685 3633 πίνειν
704 3567 739 3633 iu
757 3568 929 3643 καπηλείου
951 3568 1122 3650 προδθοει
1145 3571 1244 3639 πίνειν
1264 3574 1284 3639 a]

153 3697 215 3739 κεν.
252 3671 365 3760 Lysias
392 3668 508 3741 Athen.
537 3670 621 3737 lllll.
648 3676 726 3739 612.
754 3671 788 3739 G.
839 3672 1031 3741 Aeschinem
1059 3673 1263 3745 Socraticum

152 3775 261 3844 verbis
288 3777 483 3843 insectatur:
506 3779 568 3857 οὐχ
591 3779 617 3843 oi
645 3778 703 3857 μέν
732 3776 867 3853 κάπηλοι
897 3782 924 3847 ci
955 3782 1055 3860 ἐγγὺς
1084 3784 1237 3857 οίιωῦνπες
1268 3809 1284 3851 ο

154 3882 193 3948 ὧν
212 3883 413 3965 προπθοεις
437 3882 612 3962 λαμβάνωυ
635 3887 689 3951 οὐκ
711 3884 875 3951 ἀποδιδωοι
894 3886 1071 3969 δικάζονπαι
1090 3889 1283 3970 adspiceres

154 4013 265 4063 οανπες
297 3991 340 4055 πά
369 3995 548 4064 καπηλεῖας
572 3987 672 4055 Nihili
698 3997 748 4056 est
770 3999 802 4057 ut
824 3991 962 4072 προδθοει
989 3991 1088 4058 πίνειν
1118 4000 1148 4061 et
1178 3995 1283 4077 προπθι

153 4093 345 4174 λαμβάνων,
368 4114 406 4161 ox
431 4100 568 4181 utroque
586 4095 666 4161 vitio
688 4115 765 4162 nera
787 4096 949 4184 scriptura
967 4116 1038 4165 csse
1055 4095 1220 4185 colligitur
1239 4123 1283 4183 πρ

154 4226 215 4273 σοις
236 4200 425 4281 λαμβάνων,
447 4207 560 4289 estque
582 4200 615 4268 id
636 4201 741 4289 ipsum
763 4203 795 4269 in
812 4203 934 4290 optimo
952 4201 1109 4275 Athenaei
1126 4201 1262 4283 Codice,
