2940 5010
692 278 732 339 81

122 442 221 515 imm
250 446 301 513 rei
334 446 462 535 insigne
494 447 675 537 exemptum
712 468 814 536 nuper
850 448 913 515 vidi
949 468 1048 536 quum
1090 447 1309 515 Valckenaerii

122 550 394 621 hummeutarium
429 552 587 621 ineditum
618 553 656 621 ad
689 552 867 621 secundum
899 554 1017 621 iihrum
1049 552 1308 620 Maccahaeorum

122 654 228 725 aeduin
248 666 454 737 excuterem,
476 660 503 725 si
524 658 607 727 iorte
633 659 711 746 quid
736 678 863 726 summo
889 660 957 727 viro
985 659 1119 747 dignum
1144 659 1221 725 hinc
1241 679 1310 746 pos·

122 769 167 831 aa
187 764 225 831 iu
249 765 398 832 omnium
424 765 571 832 notitiam
597 763 742 852 proferri.
791 765 925 851 Legitur
948 764 991 829 ihi
1021 784 1089 851 cap.
1110 765 1164 832 ix.
1191 771 1223 833 7.
1251 770 1311 847 πῦρ

122 866 215 935 πέσον
241 878 309 944 τοῖς
335 872 441 951 θυμοῖς
471 870 522 938 ἐπί
543 872 614 944 τοὺς
638 870 798 943 Ἰουδαίους
829 869 881 936 καί
912 869 1044 936 κελεύων
1075 868 1228 947 έποξιίνενν
1256 872 1311 945 τίρν

123 972 254 1055 τορείαν.
303 974 487 1051 »Vereor”,
513 975 619 1062 iuquit
640 976 907 1049 Valckeuacrius,
933 984 967 1039 nt
987 996 1028 1039 cac
1048 997 1106 1041 aco
1128 976 1313 1044 Graecorum

125 1080 411 1167 moritaniam
434 1079 588 1157 έποξύνενν
613 1103 672 1167 pro
700 1080 907 1148 occcicrore.'’
954 1079 1112 1165 Equidem
1142 1082 1312 1163 ἐποτρύνειν

128 1180 297 1271 imdum
318 1205 434 1253 censeo
453 1186 501 1276 (ui
525 1184 609 1273 apud
635 1185 847 1275 Hesychium:
871 1188 1090 1267 Ὀτρννοῦριενε
1115 1192 1313 1270 ταχυνοῦμεν

131 1286 402 1377 pudiciciam),
434 1311 630 1380 quamquam
665 1292 802 1378 pessime
825 1290 945 1359 Graece
974 1291 1088 1359 scribit
1118 1293 1315 1379 quicumque

135 1388 214 1461 huc
238 1394 418 1465 mundum
446 1398 708 1465 Maccahaeorum
741 1395 860 1463 librum
891 1395 1115 1484 undecumque
1138 1397 1316 1464 contexuit.

137 1494 239 1567 utcu
262 1508 373 1567 umen
405 1504 524 1571 iniuria
548 1502 759 1590 imputaveris
782 1501 934 1567 stolidum
964 1522 1105 1568 errorem
1131 1502 1161 1567 in
1187 1502 1236 1579 X,
1263 1508 1313 1568 11.

143 1600 366 1673 thediturihus
396 1609 623 1687 commissum,
654 1628 749 1695 quem
775 1606 878 1674 obiter
906 1608 1068 1693 corrigere
1095 1606 1173 1695 quid
1205 1606 1314 1674 uetat?

146 1706 265 1777 iiiior:
292 1708 380 1787 οὗτος
404 1716 468 1796 γὰρ
498 1715 526 1803 (ί
555 1715 698 1795 εὐπνίτωρ
723 1712 896 1801 Ἀντίοχος)
927 1715 1121 1795 παραλαβὼν
1144 1713 1199 1788 τὴν
1221 1714 1314 1793 βασι·

150 1814 220 1883 Μίαν
239 1816 390 1895 ἀνέδειξεν
415 1820 466 1885 ἐπί
492 1824 551 1886 τῶν
575 1820 774 1902 πραγμάτων
801 1818 922 1885 Λυσίαν
950 1818 1043 1893 τονοί,
1075 1819 1177 1895 κοίλης
1197 1821 1228 1885 δέ
1253 1829 1319 1885 Συ·

153 1918 203 2001 du
225 1922 277 1991 ui
309 1923 446 2001 Φοινίκης
475 1928 632 2007 speranda
659 1927 859 2008 πρώταρχσνι
890 1943 1068 2010 numquam
1093 1932 1125 1991 te
1147 1924 1318 2013 expedies,

151 2022 233 2097 'hec
255 2026 478 2097 emendaveris
505 2032 702 2114 Πρώταρχον.
751 2028 842 2117 Apud
874 2028 1070 2117 Hesychium
1099 2027 1177 2095 haec
1207 2028 1319 2115 legun·

155 2136 212 2200 tut:
240 2134 478 2215 Μογοίσντνε
513 2136 705 2216 πυρέττουσι.
754 2145 890 2217 Δωριεῖς.
927 2135 1199 2213 Μογεέονσαςε
1233 2158 1318 2217 μοχ·

156 2236 270 2315 fletu.
304 2242 507 2320 Μογνίσαςε
543 2242 775 2317 κακοπαθήσας.
807 2240 990 2319 Μέξοντνε
1023 2240 1211 2320 πυρέττοντι.
1248 2248 1318 2304 Μο·

156 2338 302 2421 iciunae:
333 2348 546 2429 πυρέσσοντες.
587 2347 733 2426 Μίγοςε
772 2346 872 2421 πίνος.
920 2345 1083 2413 Emendat:
1115 2344 1318 2422 Μογίοντνε

157 2450 374 2531 πρίσσουσν-
391 2452 593 2532 montom:
618 2453 807 2534 πυρέττοντι.
841 2453 1076 2531 Μογίονοεςε
1101 2450 1320 2531 πυρέσσοντες,

157 2550 241 2623 iniis
261 2566 302 2623 ri
320 2556 353 2623 in
370 2566 416 2624 TI
440 2559 569 2625 transiit
593 2565 629 2625 ut
645 2558 764 2645 passim
785 2557 868 2646 aptrd
889 2556 1102 2647 hesychium,
1126 2557 1182 2644 qui
1201 2558 1320 2631 Ἀπλνῑ-

158 2680 192 2735 τος
204 2660 295 2729 affert
311 2681 369 2751 pro
387 2664 547 2743 οίπλνργίς,
571 2664 752 2745 ’Λτενίροχον
771 2682 828 2749 pro
844 2662 1018 2745 ἀγέρωχον,
1041 2660 1131 2743 ν’ίρτον
1149 2679 1207 2748 pto
1224 2659 1319 2742 οίργίν

158 2760 177 2833 Ι.
191 2784 218 2855 p.
231 2770 313 2847 72⁸,
335 2770 480 2836 Λίταννον
497 2789 555 2857 pro
571 2771 728 2848 λίγαννον,
752 2769 919 2850 Στένυτρον
940 2787 997 2854 pru
1019 2766 1184 2848 ςενυγρίν,
1207 2766 1319 2844 Tityo

156 2886 198 2957 μυ
215 2872 336 2953 γέλγη,
360 2873 500 2957 Τίρτυρα
521 2896 578 2963 pro
598 2874 755 2957 ρίργνρα,
779 2883 811 2942 et
834 2882 946 2941 contra
971 2874 1089 2961 passim
1109 2882 1133 2939 r
1154 2891 1211 2959 pru
1231 2883 1261 2939 T
1285 2881 1324 2939 ut

156 2972 384 3061 ίΙἋρτίγονος,
406 2980 539 3060 Γέγγεν,
561 2982 677 3056 Γέλεα,
700 2980 753 3045 Γίν
772 2980 842 3070 (pro
854 2979 929 3068 σοί),
945 2982 1136 3058 Ἔγλασοος,
1159 2982 1321 3058 Ἠνγνοῖτο,

155 3088 278 3173 οῑιιορο
297 3082 393 3153 alibi:
415 3084 531 3153 deiude
548 3087 683 3166 μοτίοντν
700 3093 731 3151 ct
750 3086 906 3165 μστίοντες
925 3104 943 3151 a
966 3084 1185 3173 tachygrapho
1203 3086 1323 3172 scripta

154 3186 259 3269 λέξουσι
277 3198 312 3259 ei
334 3189 503 3271 μίξονσες,
525 3191 916 3278 μοξοῦνσεςρθῃοουοιιηί.

186 3294 374 3363 dcusniatur
387 3296 470 3384 apud
488 3296 697 3365 Menandrum
718 3315 814 3363 sonex
833 3295 981 3361 iuvenem
1003 3295 1049 3383 (iu
1067 3292 1230 3360 Plutarchi
1251 3315 1325 3361 cou-

156 3398 199 3469 ti.
216 3386 362 3491 hpoiion.
384 3402 577 3491 p.105.1).)
603 3412 635 3469 et
658 3401 708 3467 his
729 3400 836 3467 rochis
857 3401 1033 3466 orationem
1059 3397 1238 3485 corroiudit:

320 3508 359 3576 σὺ
382 3510 409 3575 δ’
432 3508 493 3576 odt’
516 3507 779 3590 ὑπερβάλλοντα,
802 3504 941 3589 τρίφορί,
963 3506 1131 3580 οὶποίλεσας

318 3613 450 3693 ὦγαθοί,
473 3614 516 3681 τίν
538 3615 601 3679 νυνί
623 3620 652 3678 τ’
673 3614 717 3681 eet
742 3611 854 3693 μέτριοί
877 3635 922 3676 σον
944 3609 1049 3689 κακοί,

318 3716 372 3789 ὅς’
394 3720 456 3786 eve
479 3720 572 3800 μέσον
593 3743 650 3785 που
674 3717 726 3784 καί
751 3718 787 3783 τὸ
809 3717 914 3783 λσνπίν
937 3716 972 3792 hh
995 3716 1093 3799 Φέρε.

156 3818 201 3889 uti
217 3842 274 3911 pro
292 3822 329 3890 ri
348 3824 456 3892 λονπίν
477 3822 712 3892 emendandum
737 3842 806 3890 csse
826 3820 965 3887 arbitror
984 3821 1019 3887 ri
1036 3828 1169 3900 λυποῦν,
1192 3823 1226 3888 id
1244 3824 1325 3910 qnod

145 3932 182 4009 Ι1ο
197 3930 319 3997 οουοίοί.
367 3928 467 4017 Saepe
489 3932 524 3997 τὸ
541 3934 657 3997 λυποῦν
681 3929 712 3994 in
736 3926 904 3994 Comoedia
925 3929 1078 3993 occurrit.
1125 3927 1323 4015 Antiphanes

160 4024 230 4101 hot
250 4033 360 4103 utorit
385 4036 491 4104 xutx.
513 4042 567 4103 51.

320 4138 409 4209 ν’ίσαν
431 4143 467 4208 τὸ
490 4148 605 4210 λυποῦν
626 4143 688 4212 έςτν
709 4141 851 4221 οίνέρώπῳ
871 4137 953 4211 νίσος

319 4244 446 4327 δνίροαί
468 4247 587 4331 ἔχοντα
610 4246 726 4314 πολλοί.

146 4340 269 4419 teon
294 4372 396 4421 causa
419 4352 588 4423 manifesta
620 4361 688 4421 ost:
721 4378 737 4418 ν
762 4359 793 4418 et
817 4376 840 4417 σν
872 4359 936 4447 tam
961 4368 1055 4435 saepe
1082 4346 1324 4419 couiuuduutur
