2940 5010
703 303 770 365 atu

142 480 224 551 τοῦς
250 478 421 561 νοιυάρχους
442 476 597 550 πολλοίκις
619 478 688 543 ἀντ’
712 477 889 551 ἐπιτηδείων
911 476 1082 555 γενομένων
1104 478 1157 543 κκί
1178 478 1247 561 ἀρτι
1268 504 1336 547 ουν·

144 584 255 651 ιόυτων
276 584 319 650 τά
340 585 474 651 νοιυτικά
497 585 549 649 κιο)
573 584 735 664 ἀνθρώποις
759 586 798 657 ὡς
826 581 957 665 χρηςέον
985 582 1220 660 γιγνωσκόντων
1243 589 1335 655 ἀπεί·

144 714 218 771 ρους
247 688 408 765 όκλάττης
432 689 609 770 πέμποντες
638 688 691 754 κοοί
720 690 866 768 ἀγυῦτοος
897 697 960 761 τοῖς
989 688 1056 752 ε’κεῖ
1084 689 1277 758 κινδυνεύοιέν
1303 718 1333 759 τι

145 798 261 863 πιιίεῐυ
281 797 331 863 διά
349 801 461 862 τοῦτον
486 795 518 861 in
543 794 594 860 his
618 794 688 860 iure
713 794 828 860 merito
852 802 981 879 recepta
999 801 1047 858 est
1070 792 1206 861 laeobsii
1229 818 1336 865 euren-

146 898 239 967 uario
263 904 332 967 ἀντ’
355 901 532 977 ἐπιτηδείων
556 920 613 987 pro
633 899 871 976 ἀνεπιτηδείων,
896 898 952 964 sed
975 896 1059 984 quod
1084 896 1169 965 item
1194 901 1226 967 in
1257 905 1336 969 scri·

147 1014 247 1093 ptura
277 1008 421 1073 omnium
450 1005 606 1072 librorum
631 1005 794 1087 ἀνθρώποις
825 1006 864 1078 ὡς
892 1005 1022 1086 χρηςέου
1044 1007 1078 1070 οῦ
1102 1006 1335 1083 γιγνωσκόντων

146 1112 307 1199 expunxit
329 1114 379 1191 οά,
403 1120 527 1199 poterat
551 1116 729 1176 sententiae
753 1110 858 1176 ionius
880 1117 913 1175 et
934 1109 1049 1175 melius
1071 1108 1250 1177 subvenire.
1296 1113 1335 1179 ln

149 1226 210 1283 0¹1*
234 1214 313 1283 toret
337 1228 386 1285 et*
421 1215 692 1302 seribendumque
712 1212 747 1281 εὖ
769 1215 1012 1296 γιγνωσκόντων.
1060 1215 1228 1282 Praeterea
1260 1237 1334 1306 sup·

147 1320 303 1409 piendum
329 1324 362 1388 ἐν
384 1326 427 1405 τῷ
453 1322 527 1412 (ἀεὶ)
551 1322 776 1399 διοκλάττειν,
800 1332 844 1387 ΔΙ
868 1324 955 1387 errirn
978 1320 1172 1409 praecedens
1194 1330 1238 1387 ΑΙ
1264 1322 1336 1411 (pro

146 1426 237 1513 nm)
269 1426 428 1515 absorpsit
461 1436 494 1495 et
526 1425 694 1494 inserenda
730 1427 843 1514 copula
880 1436 929 1493 est
965 1427 1044 1516 (κοί)
1078 1427 1270 1495 κινδυνεύοιέν
1303 1454 1335 1496 τι

145 1534 261 1601 τιτόεῖν
291 1534 343 1600 διά
368 1539 469 1601 τοῦτο.
518 1534 574 1600 tlis
607 1533 708 1620 igitur
737 1533 784 1598 sie
816 1533 1002 1599 constitutis
1036 1552 1098 1598 non
1128 1541 1178 1599 est
1206 1532 1335 1602 difficile

146 1638 223 1704 uitii
255 1638 363 1705 sedem
397 1638 549 1723 indagare
582 1648 614 1704 et
645 1657 753 1704 verarn
789 1636 957 1704 lectionem
988 1637 1184 1725 exsculpere.
1243 1640 1335 1708 Patet

143 1744 236 1809 enim
262 1742 341 1811 haee
363 1753 531 1831 propterea
556 1743 690 1820 iactari,
726 1752 762 1809 ut
794 1742 956 1832 Lysander
982 1740 1028 1807 itti
1053 1744 1188 1831 imperio
1211 1745 1333 1832 perido-

145 1868 246 1927 neus,
269 1849 491 1916 Catlioratidas
508 1858 620 1914 eontra
641 1849 745 1935 impar
768 1868 837 1914 esse
860 1855 1040 1935 putaretur.
1073 1849 1331 1935 Ergo‘tlatiiera·

144 1952 235 2021 titius
254 1956 462 2022 insimulatur
477 1974 546 2021 esse
569 1953 691 2035 ἀπειρος
709 1963 766 2030 τῆς
786 1952 946 2028 όκιιάττης
965 1953 1017 2018 nat
1039 1956 1142 2032 ἀγνὼς
1163 1966 1226 2029 τοῖς
1250 1958 1332 2033 ἐκεῖ,

144 2056 316 2149 Lysander
348 2069 460 2127 eontra
491 2063 659 2137 ἐπιτήδειος
689 2060 750 2124 not.
773 2058 860 2142 ἀρτι
897 2059 1042 2132 συνιείς
1077 2060 1127 2125 τά
1159 2063 1331 2128 νοουτικά

141 2165 201 2231 uzi
233 2168 396 2248 ἀνθρώποις
428 2170 467 2240 ἀς
503 2166 633 2249 χρητὲον
657 2161 691 2230 εὖ
724 2167 914 2243 γιγνώσκων.
962 2164 1047 2229 Haeo
1075 2166 1183 2231 ournia
1211 2168 1331 2253 optime

144 2270 328 2357 proeerlont
353 2280 479 2359 praeter
504 2291 613 2337 unum.
664 2269 846 2336 absurdunt
869 2270 955 2334 enirn
982 2277 1031 2335 est
1054 2270 1107 2336 κκί
1129 2270 1199 2354 ἀρτι
1220 2274 1332 2339 συνιέν-

142 2402 210 2443 των
231 2377 274 2443 τά
299 2376 453 2453 νοουτικά,
478 2396 580 2463 neque
604 2377 689 2441 enirn
713 2378 748 2441 τό
777 2375 907 2441 τυνιόνοιι
931 2375 962 2438 in
994 2394 1028 2440 re
1053 2377 1182 2443 nautica
1208 2379 1331 2464 praeni-

142 2500 246 2569 puanr
281 2481 407 2548 laudern
443 2481 537 2548 habet
567 2479 622 2547 sed
653 2484 688 2547 τὸ
719 2480 861 2561 ἔμπειρον
891 2476 987 2555 είνκι,
1024 2482 1076 2545 cui
1111 2486 1283 2569 opponitur
1316 2486 1330 2551 i

141 2587 272 2669 ἀπειρος
293 2596 350 2663 τῆς
373 2587 553 2661 ίκιιοίττηςι
584 2594 616 2651 et
650 2585 742 2673 piano
774 2584 946 2651 ridiculum
969 2591 1019 2649 est
1042 2584 1128 2668 ἀρτιε
1153 2588 1246 2674 longo
1270 2609 1330 2656 usu

141 2690 277 2759 tanturn
302 2695 428 2779 paritur
450 2702 482 2757 et
507 2691 671 2777 colligitur
695 2691 746 2756 itta
772 2690 946 2776 singularis
971 2692 1016 2755 rei
1041 2693 1224 2760 maritimae
1246 2697 1331 2780 peri·

141 2800 213 2877 tia,
243 2818 307 2885 qua
335 2798 455 2863 suornri
486 2797 635 2880 νκύκρχοι
664 2804 696 2863 et
724 2796 801 2862 otim
828 2795 989 2882 poliebant
1020 2806 1053 2862 et
1087 2816 1173 2865 nuno
1199 2799 1329 2886 pollent.

141 2902 219 2971 rton
241 2911 345 2991 potest
366 2904 468 2988 igitur
491 2903 624 2969 stultius
651 2901 814 2991 Lysander
845 2899 969 2966 laudari
994 2921 1090 2986 quarn
1117 2905 1164 2969 sio
1188 2913 1223 2971 ut
1245 2905 1330 2973 diea-

141 3018 206 3077 tut·
226 3010 271 3077 τά
289 3009 421 3075 νκυτικά
444 3008 530 3091 ἀρτι
555 3007 749 3082 συνιένοοι,
773 3008 805 3071 in
829 3025 893 3092 quo
916 3007 1091 3091 quantvim
1114 3008 1332 3097 habeatprae·

141 3134 223 3183 oens
243 3121 369 3202 tempos
392 3114 507 3179 sentiri
528 3122 632 3199 potest
659 3114 686 3178 si
712 3111 948 3199 comparaveris
970 3110 1040 3194 ἀρτι
1063 3114 1207 3192 μκνόάνω
1231 3123 1263 3182 et
1288 3118 1331 3183 si·

142 3220 250 3289 mitia.
294 3220 399 3301 Quam
428 3220 571 3284 suaviter
595 3217 737 3285 riderent
761 3238 873 3283 ornnes
902 3218 948 3282 rei
978 3218 1127 3285 nauticae
1151 3221 1268 3306 periti,
1303 3225 1330 3291 si

140 3324 202 3391 uui
225 3324 284 3391 boe
303 3327 388 3391 serio
412 3323 497 3389 laudi
519 3333 699 3390 verteretur
714 3323 759 3390 ότι
782 3327 826 3390 τά
849 3322 981 3387 υκυτικά
999 3321 1069 3404 ἀρτι
1093 3334 1230 3401 συνῆκεν.
1277 3328 1331 3396 Ni·

139 3430 194 3499 uit
217 3429 280 3497 tale
312 3450 331 3497 a
362 3428 570 3517 Xenophonte
602 3429 778 3515 protectum
808 3438 878 3507 ost,
910 3427 965 3493 sed
987 3448 1045 3514 pro
1073 3428 1143 3513 ἀρτι
1172 3433 1331 3503 συνιέντων

139 3534 281 3603 verbum
304 3543 475 3623 posuerat,
498 3554 562 3621 quo
596 3555 656 3599 non
687 3546 757 3601 erat
787 3534 873 3601 aliud
898 3544 930 3601 et
955 3536 1000 3601 rei
1031 3537 1274 3606 convenientius
1298 3551 1330 3609 et

139 3639 313 3731 Lysandro
332 3641 436 3727 magis
458 3638 680 3705 honorificum.
728 3639 817 3721 Quod
839 3639 961 3725 igitur?
998 3639 1117 3726 Nempe
1145 3643 1199 3708 κκί
1230 3648 1329 3728 ἀκρι-

138 3746 326 3829 βούντων
353 3748 397 3813 τά
417 3745 570 3821 νκυτικά,
594 3764 676 3832 quae
695 3766 821 3810 summa
846 3746 916 3812 lans
940 3754 1010 3824 ost,
1034 3754 1066 3811 ut
1090 3765 1221 3831 prorsus
1246 3751 1331 3818 inter

139 3853 366 3919 recontrans
390 3852 523 3916 suntab
547 3849 669 3932 ἀπειρου
692 3846 846 3927 είνοοιτῆς
879 3851 1040 3926 όκλάττης
1071 3859 1103 3915 ei
1125 3852 1161 3916 τό
1184 3854 1226 3917 τά
1259 3880 1328 3921 νοου-

138 3958 221 4027 τοκά
255 3957 414 4039 ἀκριβοῦν.
470 3954 572 4035 Quam
609 3954 689 4021 hene
720 3955 849 4021 dicator
880 3958 1027 4037 ἀκριβοῦν
1059 3956 1102 4021 τά
1134 3960 1265 4024 νοιυτικά
1297 3970 1330 4028 et

140 4080 244 4151 quarn
276 4062 319 4127 sit
347 4059 547 4146 Xenophonti
583 4058 740 4126 familiare
766 4061 899 4127 verboru
923 4063 1069 4142 ἀκριβοῦν
1094 4062 1146 4126 vix
1170 4082 1250 4148 opus
1282 4078 1331 4134 est

142 4168 261 4235 multis
295 4165 527 4233 denronstrare.
582 4164 742 4251 lihapsorli
776 4166 931 4231 dicuntur
962 4168 1005 4232 τά
1028 4166 1087 4241 ἔπη
1120 4169 1265 4249 ἀκριβοῦν
1296 4173 1329 4239 in

140 4271 319 4341 Memorat.
344 4270 398 4337 lv,
423 4292 456 4337 ιι.
484 4277 546 4345 10,
578 4279 610 4337 et
634 4273 779 4354 ἀκριβοῦν
802 4274 857 4346 την
888 4272 1076 4347 δικκιοτόυηυ
1105 4274 1209 4339 estin
1233 4274 1330 4363 Cyro-

141 4376 239 4467 paeti.
262 4378 286 4445 Ι.
313 4398 357 4445 ιιι.
387 4380 426 4442 16
450 4386 481 4444 et
514 4375 612 4465 §a
637 4378 680 4443 τά
703 4378 808 4443 δίκοοιοο
829 4377 984 4459 ἀκριβοῦν.
1032 4376 1119 4443 Cont.
1142 4377 1180 4443 ll.
1205 4401 1249 4445 ιιι.
1277 4390 1328 4450 15.
