2940 5010
714 310 779 371 509

139 488 200 549 τῶν
230 482 431 563 ὑπαρχόντων
455 478 568 545 dicunt
591 499 723 559 ornnes,
747 492 778 547 et
804 477 976 567 Xenophon
1010 479 1091 548 dixit
1122 484 1165 547 τοὶ
1188 482 1329 565 παρόντα

133 586 251 653 ,πάντα
278 606 335 673 pro
361 585 469 652 ταντα
490 582 512 651 ἃ
534 584 692 661 ἐκέκτησο.

185 692 224 759 ln
247 692 317 757 VH.
341 711 406 757 unt.
431 696 451 756 5
483 692 550 756 terto
579 692 611 757 δὲ
634 692 678 757 τοὶ
710 695 805 772 toste
828 694 843 757 ὅ
866 694 1036 770 Εὖκλειῒνρς
1065 690 1152 760 εἶπεν
1185 692 1231 760 ὅτι
1260 695 1327 761 τεί-

138 801 217 865 οοιτσ
240 798 326 879 αὐτῷ
356 798 402 874 μὴ
425 792 526 861 εἶναι
557 799 734 878 χρήματα,
759 797 974 865 obscurarunt
1004 798 1151 866 Graeculi
1184 801 1328 865 Atticam

139 900 294 989 loquendi
323 902 588 967 consuetudinem
610 921 706 988 quam
732 922 793 967 mm
825 905 904 969 satis
930 903 1168 991 intelligebant:
1193 901 1238 969 ὅτι
1263 906 1329 971 τεί-

140 1010 219 1075 torro
242 1010 328 1089 αὐτῷ
349 1009 395 1088 μὴ
419 1006 435 1073 ἔ
439 1032 525 1090 χειν
544 1009 711 1090 χρήματα.
751 1008 902 1087 Πείοομαί
926 1034 972 1075 σοι
995 1011 1040 1087 μὴ
1064 1010 1149 1094 ἔχειν
1172 1012 1330 1093 χρήματα

140 1110 305 1199 signifieat
333 1114 478 1194 πείθομαί
508 1138 554 1178 σοι
584 1112 630 1178 ὅτι
661 1115 817 1195 χρήματα
840 1116 892 1180 οὐκ
922 1115 1018 1196 ἔχεις.
1067 1115 1239 1202 Sequiores
1273 1124 1330 1179 aut

140 1218 268 1297 λέγοντι
297 1216 457 1283 addebant
482 1227 539 1282 aut
563 1217 625 1283 aiio
647 1218 740 1284 modo
765 1217 840 1284 talia
870 1222 977 1285 omnia
1002 1220 1191 1287 tormahant.
1238 1221 1329 1285 Anti·

141 1322 311 1411 quiorihus
331 1322 408 1389 sniis
432 1325 589 1390 usitatum
614 1332 663 1387 est
687 1324 734 1387 sic
758 1323 882 1401 dicere,
909 1334 944 1390 ut
968 1324 1208 1412 Xenophontem
1232 1325 1329 1391 dixis-

143 1448 178 1497 se
199 1430 415 1515 suspicamur.
463 1428 617 1515 Exempla
648 1448 748 1514 pauca
773 1428 813 1495 de
837 1430 950 1495 multis
982 1430 1153 1518 proteram.
1202 1431 1331 1496 Axioni-

144 1554 202 1601 cus
225 1532 310 1621 apuu
336 1532 451 1599 Athen.
477 1556 507 1620 p.
533 1538 597 1600 442
623 1536 659 1601 Α.

372 1640 497 1717 γυναικὶ
521 1642 556 1716 et
580 1641 686 1710 τίτευε
710 1642 756 1719 μὴ
780 1640 903 1707 τίνειν
927 1640 1013 1724 ὕδωρ.

145 1742 321 1831 Xenophon
344 1743 465 1811 Hellen.
489 1745 525 1810 V.
551 1767 583 1811 ιι.
612 1753 626 1811 1
661 1746 808 1824 λέγοντες
839 1744 884 1812 ἔτι
915 1750 969 1813 οὐκ
998 1746 1038 1812 ἂν
1060 1746 1241 1817 τιςεύσειαν
1274 1743 1331 1810 ἄλ-

145 1868 208 1927 λοις
231 1853 337 1925 αὐτοῖς
368 1853 414 1931 μὴ
437 1852 492 1917 σὺν
515 1859 579 1924 τοῖς
612 1853 769 1929 πολεμίοις
801 1853 995 1930 γενέσθαι.
1044 1854 1080 1919 ln
1110 1850 1334 1919 Demosthenis

146 1974 230 2043 quen
252 1954 357 2023 fertur
379 1956 521 2041 Epistola
545 1956 585 2022 ll.
611 1960 654 2021 et
688 1956 812 2029 εἰκότως
836 1958 863 2023 δ’
886 1956 924 2023 ἄν
951 1981 1003 2037 μοι
1031 1958 1187 2028 τιςεύοιτε
1213 1955 1333 2030 ταύτην

146 2064 202 2139 τὴν
228 2060 362 2129 διάνοιαν
384 2060 570 2142 ἔχεινκαὶ
597 2063 641 2140 μὴ
662 2068 712 2128 νῦν
735 2062 840 2141 ματνν
863 2064 1072 2143 θρασύνεσθαι.
1120 2062 1236 2149 Lysias
1250 2060 1333 2127 XIX.

147 2172 189 2235 hh
213 2168 267 2234 καὶ
288 2167 434 2237 τιςεύετε
457 2166 576 2239 τούτοις
600 2169 699 2243 ἀληθῆ
727 2169 884 2245 λέγειν,
907 2163 934 2233 οἳ
959 2168 997 2234 ἂν
1022 2206 1058 2217 -
1089 2169 1121 2232 ἐν
1143 2164 1262 2233 ἅπαντι
1290 2168 1334 2246 τῷ

147 2274 204 2357 βίον
228 2274 390 2355 παρέχωσι
414 2273 572 2355 σώφρονας
596 2277 684 2355 σφοῖς
703 2273 826 2345 αὐτούς.
852 2272 971 2338 Eodem
996 2271 1123 2339 dicendi
1149 2270 1250 2337 forma
1274 2270 1334 2359 Ly-

148 2380 213 2445 siae
234 2376 397 2444 reddenda
422 2397 491 2443 esse
525 2376 603 2442 mihi
639 2377 767 2444 videtur
791 2378 902 2443 XXXI.
928 2380 970 2444 54
1004 2377 1060 2444 uhi
1084 2376 1218 2466 editur:
1243 2377 1335 2442 οὶοιοιοὶ

148 2482 262 2553 tresue)
285 2484 388 2563 ὑμᾶς
419 2484 472 2548 καὶ
497 2481 570 2548 ἄνευ
594 2484 708 2548 τούτων
736 2486 848 2557 αὐτοὺς
872 2485 915 2549 τα
942 2485 1141 2567 συμφέροντα
1173 2492 1212 2565 τῇ
1243 2481 1333 2547 πόλει

149 2588 340 2665 γνώσεσθαι,
363 2587 522 2654 edendum
549 2597 618 2665 est,
645 2598 679 2654 ut
706 2609 764 2675 ego
787 2589 948 2667 arbitror,
971 2590 1060 2657 cinnat
1084 2588 1198 2658 τιςεύω
1223 2589 1335 2667 ὑμῖν,

148 2692 355 2781 quodquam
386 2690 479 2760 facite
502 2693 542 2758 oh
571 2714 709 2781 sequens
740 2696 853 2768 αὐτούς
886 2696 1050 2780 corrumpi
1085 2694 1225 2782 potuerit
1257 2696 1337 2759 satis

147 2799 356 2887 perspicuum
386 2807 446 2864 est.

189 2904 228 2971 ln
254 2901 279 2993 S
301 2908 341 2970 te
370 2900 451 2978 ὅπως
479 2903 522 2968 τοὶ
545 2900 632 2969 ἔτλα
656 2904 756 2988 ἔχοιεν
780 2907 848 2983 πρὸ
878 2912 938 2972 τῶν
961 2905 1159 2985 τοξευμάτων
1191 2924 1265 2971 vera
1291 2903 1334 2970 le-

142 3010 213 3077 etio
234 3028 306 3075 enee
334 3008 463 3075 videtur
494 3010 567 3092 πρὸς
599 3017 658 3075 τῶν
684 3009 902 3089 τοξευμάτων,
927 3010 957 3075 id
984 3019 1033 3077 est
1060 3012 1094 3075 ιἰι
1123 3020 1335 3098 comportem

140 3116 276 3181 οἱινοτοο
307 3114 390 3181 rende
425 3115 488 3179 telo
526 3115 776 3182 coniier'ehcntur.
834 3114 1026 3203 Saepissime
1061 3116 1134 3197 στρος
1168 3136 1205 3183 eo
1238 3135 1336 3183 sensu

142 3227 342 3307 usurpatum
366 3223 400 3285 in
423 3220 480 3302 τρο
500 3220 668 3307 depravari
694 3220 784 3287 soiet.
833 3220 886 3286 Sic
917 3221 948 3285 in
977 3221 1201 3306 Aristophanis
1223 3222 1336 3309 Vespis

141 3329 237 3393 1236
261 3326 295 3391 in
318 3326 440 3412 optimo
463 3325 544 3391 titre
569 3326 752 3393 Rauennate
773 3325 892 3410 legitur
915 3327 971 3407 τρὸ
991 3326 1086 3392 ποδῶν
1110 3328 1335 3406 κατακείμενος

140 3430 293 3517 iugulato
320 3439 423 3496 metro
444 3442 476 3496 et
500 3440 613 3496 contra
644 3432 859 3510 sententiam,
887 3451 970 3518 quae
1001 3434 1074 3512 πρὸς
1104 3434 1201 3499 σιδῶν
1226 3441 1334 3519 postu·

140 3534 226 3605 iant.

201 3640 293 3709 Unus
324 3640 463 3727 denique
498 3641 586 3707 iocus
610 3642 643 3707 in
668 3642 806 3709 Anahasi
842 3653 1009 3730 superest,
1044 3644 1139 3710 cuius
1171 3643 1335 3729 scriptura

144 3744 291 3814 nonnum
313 3748 394 3813 satis
416 3746 557 3812 stabilita
577 3756 626 3813 est
650 3748 683 3812 in
706 3746 730 3838 S
754 3752 797 3816 25
820 3750 954 3815 ἐνταῦθα
977 3751 1029 3816 τον
1054 3750 1117 3815 θεὸν
1139 3750 1204 3814 οὖν
1228 3749 1335 3833 ᾐτια-

144 3878 242 3921 σατο
273 3859 429 3935 Ξενοφῶν,
462 3853 496 3917 in
528 3850 620 3917 ituris
653 3861 703 3920 est
730 3855 782 3920 τον
814 3856 877 3921 θεὸν
908 3856 1074 3931 ἠσπάσατο
1108 3861 1164 3919 ant
1195 3856 1246 3920 τὸν
1271 3856 1336 3921 θεὸν

146 3958 314 4045 hrodnace.
370 3958 519 4024 Editoros
550 3966 607 4023 aut
637 3960 803 4035 ἠσπάσατο
834 3960 1040 4045 interpretari
1080 3959 1249 4037 nituntur,
1280 3969 1337 4026 aut

150 4063 232 4155 (οὖν)
263 4062 416 4148 ᾐτιάσατο
446 4063 653 4129 coniecerunt
683 4084 753 4130 esse
785 4063 1032 4130 emendandum.
1079 4064 1141 4145 Qui
1172 4064 1338 4138 ἠσπάσατο

151 4190 267 4237 senum
293 4190 362 4235 esse
386 4167 531 4233 iudicant
555 4168 585 4234 ci
616 4168 712 4234 uerbo
736 4168 1005 4259 significationem
1033 4168 1190 4253 affingunt
1215 4168 1339 4237 inaudi-

155 4284 220 4343 tam
244 4285 278 4343 et
301 4276 581 4349 commenticiam,
605 4274 689 4361 quod
712 4282 744 4339 ct
768 4274 952 4340 Dindortius
975 4274 1069 4351 iecit,
1093 4274 1165 4359 qui:
1201 4296 1279 4338 »reon
1303 4277 1341 4342 de

156 4380 324 4449 salutando
355 4381 434 4457 dcc,
469 4380 596 4465 inquit,
630 4381 682 4444 ocri
705 4382 742 4447 do
773 4380 932 4447 laudando
961 4381 1112 4446 ‹iictum’'
1145 4381 1235 4465 quasi
1270 4401 1343 4448 vcro
