2940 5010
607 299 670 361 109

187 474 299 557 φιλιιὸι
320 474 388 553 ἔην,
410 478 514 557 χωλὸς
537 474 564 539 δ’
588 472 685 555 ἕτερον
709 471 805 547 nola,
829 474 870 537 τὼ
893 472 925 539 δέ
948 474 974 538 oi
994 474 1064 551 ὤμω

185 580 297 663 sarrai,
319 580 371 647 ἐπὶ
394 582 481 656 cnidos
504 578 770 662 σνννκιιχότε.

114 700 241 773 anquam
267 693 301 753 et
332 685 495 753 Bellerus
525 695 558 751 et
587 681 772 749 ltindorfius
804 683 836 747 in
867 683 1054 769 nuperrima
1080 682 1228 751 Editione

114 788 193 857 ἰιιιι
211 792 407 878 scripturam
430 791 623 873 συνοχωκότε
647 787 731 855 male
754 798 934 854 servarunt.
980 792 1156 871 Κιτικωχή
1176 809 1228 856 ae·

114 912 151 963 nn
171 894 246 962 tulit
272 895 358 982 apud
381 895 545 964 Platonem
569 892 694 959 duobus
716 892 810 959 locis:
843 894 875 958 in
899 892 1042 960 Phaedro
1066 915 1136 981 pap.
1162 899 1227 961 245

115 1000 190 1083 ulan
211 1002 245 1067 dl
266 1002 332 1069 dard
353 1008 483 1069 Maeotia
507 1002 673 1082 ιιιιτνιιωχή
696 1025 731 1064 τε
755 1001 807 1065 acal
831 999 949 1077 μιινίιι,
979 998 1032 1065 ubl
1056 1001 1090 1065 in
1117 999 1228 1086 pleris-

114 1102 220 1173 tlilnir
242 1114 293 1173 est
312 1106 482 1174 manifesta
504 1104 707 1191 interpolatio
727 1106 871 1188 κιιτιχή,
897 1113 929 1170 et
953 1106 986 1171 in
1012 1106 1087 1172 lone
1109 1126 1139 1192 p.
1161 1111 1229 1173 556

114 1210 167 1297 lrlp
186 1212 280 1297 palpo
301 1213 355 1280 nat
377 1220 563 1294 κιιτικιιχῇ,
589 1229 784 1296 quamqualn
811 1209 1007 1276 tralaticium
1031 1212 1147 1277 vitium
1170 1238 1227 1280 aa*

114 1326 177 1401 um
203 1320 240 1383 in
263 1316 356 1404 longe
384 1318 534 1405 plurimis
563 1324 704 1402 apparet.
759 1315 875 1382 Natum
904 1313 979 1382 hinc
1009 1320 1226 1400 κιιτικώχιμνς

117 1440 236 1489 summo
267 1422 385 1512 ubique
410 1420 554 1509 periculo
584 1428 632 1487 est
666 1440 705 1485 nc
735 1430 791 1487 aut
819 1424 852 1487 in
883 1422 1108 1506 κιιιιικώχιμνς
1132 1422 1227 1491 abeat

124 1524 180 1595 uto
198 1548 264 1615 quo
279 1530 360 1596 vitio
382 1528 587 1615 depravetur.
635 1526 814 1615 Hesychius
836 1531 1061 1610 Κατοκινχνὶτ
1085 1530 1226 1610 ccccxi,

114 1634 392 1717 Κιτικῶχνιμιιε
421 1632 575 1714 κάτοχον,
600 1633 725 1715 ἐχυρόν,
750 1632 804 1698 ulai
827 1632 1085 1699 rescribendum:
1109 1644 1225 1700 Karo-

114 1761 231 1821 pnaoa:
255 1740 450 1823 ιιιιιόχιμνν,
472 1738 629 1820 ἐνέχυρον,
653 1737 749 1824 idque
769 1738 870 1823 perite
890 1739 978 1804 lsaeo
999 1739 1143 1804 restituit
1162 1738 1224 1805 llo-

114 1859 159 1911 ιιι
177 1844 212 1911 iu
235 1841 369 1911 Adsere.
391 1844 417 1912 1.
441 1864 473 1930 p.
500 1846 565 1910 288
586 1851 619 1909 ct
641 1841 825 1909 llindorfius
848 1842 889 1910 ad
912 1842 1022 1929 Steph.
1048 1843 1141 1909 Thes.
1165 1845 1224 1911 διε-

114 1971 143 2015 ur
160 1948 197 2017 τὸ
213 1950 326 2033 χωρίον
348 1950 515 2034 πραθῆναι,
538 1947 588 2015 ἵνιι
616 1949 833 2030 κιιτνκώχιμιν
859 1949 990 2027 γένηται
1015 1968 1071 2035 pro
1093 1950 1225 2032 κατόχι-

114 2100 119 2119 .
152 2054 261 2123 Facile
283 2054 335 2123 lais
356 2056 483 2121 vincam
506 2054 721 2136 κιιιιικώχιμιι
750 2053 835 2140 apud
858 2053 1029 2120 lloeridem
1049 2074 1089 2121 en
1111 2054 1222 2123 eodem

114 2174 153 2227 rr
172 2178 321 2228 manmse
343 2169 375 2227 et
398 2158 502 2228 sicubi
528 2158 604 2225 alili
631 2158 716 2246 apud
741 2159 871 2226 Veteres
901 2178 939 2225 ea
969 2158 1070 2225 lorma
1105 2159 1225 2245 legitur
1299 2246 1304 2255 1

114 2264 372 2333 emendatione
394 2286 464 2333 esse
487 2263 641 2331 utendum
662 2272 695 2329 et
713 2268 865 2347 ιὶνιικωχιί
890 2264 988 2354 (unde
1012 2266 1142 2331 initium
1165 2264 1223 2332 du·

114 2370 161 2461 tua)
184 2391 248 2439 uon
277 2372 386 2438 minus
409 2370 619 2459 depravatum
651 2390 720 2436 esso
750 2389 846 2455 qnam
878 2374 1053 2454 παρικωχή
1078 2381 1134 2438 aut
1156 2372 1223 2437 iia·
1289 2424 1294 2433 .

114 2478 142 2557 pi.
172 2476 267 2543 Nulla
291 2495 445 2563 umquam
467 2476 759 2543 Grammaticorum
783 2478 976 2542 auctoritato
998 2476 1082 2543 effici
1107 2478 1225 2563 poterit

115 2582 192 2651 iuter
215 2584 368 2664 ἅνιιιιωχὶί
397 2591 430 2649 ct
457 2584 600 2665 ἀνικιιχή
630 2579 717 2647 aliud
747 2580 921 2647 discrimen
953 2602 1023 2648 esse
1053 2580 1223 2649 credamus

126 2686 206 2776 quod
229 2688 290 2755 laoc
308 2687 443 2775 prolium
467 2695 499 2754 et
522 2688 699 2774 genuinum
723 2693 786 2763 est,
818 2686 898 2753 illud
923 2707 961 2753 ex
989 2686 1221 2753 Graeculorum

114 2792 168 2862 iila
200 2792 379 2881 proiectum
411 2801 444 2859 el
474 2799 528 2859 τοῦ
562 2798 686 2873 πονηροῦ
718 2791 892 2871 κόμματος.
945 2792 1221 2859 Contemnendum

114 2912 144 2965 tr
161 2918 275 2967 cenam
296 2899 502 2965 Ammoninm
526 2899 572 2964 sic
595 2895 805 2964 scribentem:
830 2899 1038 2980 Ἀνιικωχνὶ
1062 2898 1115 2963 καὶ
1143 2900 1223 2966 ἀνι·

114 3005 149 3087 pl
168 3004 318 3087 διαφέρει.
364 3006 532 3085 ’Λνιικωχή
552 3003 610 3082 μὲν
633 3001 696 3083 γάρ
719 3003 782 3071 ἐςιν
806 3006 824 3079 ἡ
845 3003 897 3069 ἐπὶ
921 3009 979 3068 τῶν
1004 3010 1073 3068 νεῶν
1095 3004 1221 3087 dccxci·

113 3134 140 3187 ι,
158 3112 177 3189 al
198 3110 231 3177 di
252 3110 305 3177 teat
326 3116 381 3176 τοῦ
403 3134 418 3177 a
441 3112 584 3191 ιὶννκωχή
611 3111 710 3192 ιὶννχὶι
735 3109 832 3190 μικρὰ
855 3108 1003 3188 πολέμου.
1050 3108 1115 3173 Nae
1138 3110 1220 3175 mul·

114 3236 117 3279 ι
141 3212 297 3282 lalluutor
322 3216 378 3301 qui
410 3214 529 3282 librum
560 3214 628 3295 περὶ
659 3214 810 3297 διαφόρων
838 3213 951 3291 λέξεων
971 3212 1011 3280 ab
1032 3214 1165 3300 antiqno
1187 3224 1221 3282 ct

114 3336 134 3385 a
162 3318 380 3389 Grammatico
415 3320 635 3406 conscriptum
667 3338 736 3385 esse
767 3320 949 3405 opinantur.
1006 3318 1084 3383 Tam
1118 3318 1221 3387 inulta

114 3424 180 3493 luet
202 3433 235 3493 et
258 3424 421 3491 levissima
445 3434 477 3491 et
500 3423 670 3491 falsissima
700 3433 736 3489 nt
758 3425 915 3510 sequioris
946 3425 1061 3490 aetatis
1085 3422 1219 3511 farragi-

114 3548 195 3599 tanc
212 3528 437 3617 undecumque
460 3530 625 3596 collectam
644 3530 736 3596 lacile
756 3530 969 3597 demonstrari
991 3530 1107 3616 possit,
1133 3530 1219 3618 qnod

114 3644 182 3705 ater
202 3635 285 3704 'alias
307 3634 433 3703 luciam.
481 3636 549 3703 Una
570 3644 667 3721 atque
690 3636 800 3702 eadem
825 3643 874 3701 est
904 3637 1047 3718 ἀνικωχὶι
1074 3638 1138 3713 ἤτοι
1162 3644 1217 3705 τοῦ

114 3738 170 3819 laon
190 3742 262 3809 duci
290 3748 345 3809 τοῦ
373 3743 529 3825 ἕκεχιιρίιι
553 3742 570 3817 ἢ
595 3744 665 3807 νεῶν
696 3744 747 3807 ἐπ’
774 3741 917 3823 ἀγκύρας
947 3742 1217 3813 neocaesaream.

115 3842 243 3935 ligitur
265 3866 307 3913 ne
328 3845 487 3937 Hesychia
511 3846 640 3933 quidem
665 3845 876 3923 credendum,
901 3844 955 3911 uhi
978 3846 1077 3912 veluti
1100 3867 1139 3912 ex
1160 3868 1216 3912 an·

114 3950 280 4029 ἱΙλέξεσιν
306 3952 480 4039 exprottrit:
511 3955 723 4036 Ἀνιικωχεῖν,
754 3951 999 4034 Ἀνιικωχεύειν,
1030 3953 1216 4035 'Apamam

114 4066 214 4141 aazia
233 4066 267 4125 et
289 4061 588 4139 Ἀνακωχήσιιντες,
613 4078 751 4143 trattnpte
770 4061 946 4139 ιὶνιικωχεῑν
965 4056 1059 4121 uilrili
1080 4056 1213 4123 vocabu·

125 4172 186 4243 ast,
207 4163 419 4247 ὶνιικωχεύειν
439 4184 478 4230 ex
495 4163 698 4245 ἀνακωχεύειν
715 4164 943 4248 aleprnvatum.
967 4162 1061 4228 cuius
1079 4162 1217 4249 simplex

114 4284 141 4334 n
165 4267 250 4358 apud
282 4270 386 4357 ipsum
423 4268 617 4358 Hesychinna
651 4276 771 4335 exstat:
814 4268 1073 4348 Ὀκωχεύεινι
1110 4268 1212 4349 ἔχειν,

114 4394 190 4455 zen:
212 4376 322 4462 linque
349 4375 472 4457 ἀνέχειν
504 4376 664 4443 veteribus
694 4374 896 4455 ιὶνικωχεύειν
924 4372 1108 4451 diceneum,
1130 4393 1213 4460 ptrue

986 4486 1010 4525 ll
