2940 5010
734 264 797 326 335

201 428 266 501 vidit
289 432 339 499 tir
363 431 592 519 sagacissimus
622 444 800 506 ΔΕΞΑΙΜΙ
837 436 996 505 tralaticio
1019 441 1098 506 vitio
1128 441 1248 531 duplici
1279 447 1358 513 scri·

199 546 275 627 pum
294 556 365 607 esso
387 556 446 626 pro
467 548 655 610 ΔΕΞΕΜΕΙ
677 549 709 608 et
730 541 966 610 emendandum
989 564 1078 612 esse:

358 644 439 712 πίνει
461 645 497 710 τὸ
517 649 645 727 λοιπὸν,
668 649 739 721 τοὺς
762 650 932 729 λογισμοὺς
955 649 981 715 δ’
1004 649 1120 731 ἐξεμεῖ.

232 746 330 839 llopne
348 749 460 817 minus
475 757 570 817 acuta
596 760 629 819 et
646 751 722 819 felix
745 763 795 819 est
815 755 995 830 correctio,
1019 776 1083 842 qua
1107 757 1358 832 Valckenaerius

199 856 242 947 (ti
259 856 370 925 llerod.
393 852 447 921 vt.
470 856 538 946 65.)
574 860 719 926 restituit
750 859 859 926 locum
883 860 1001 927 Teletis
1024 862 1110 948 apud
1134 861 1221 930 Stob.
1246 866 1356 935 Floril.

197 958 297 1033 luen,
320 974 375 1035 31,
398 964 457 1037 τῶν
477 964 547 1042 μὲν
567 966 672 1032 εἰδῶν
697 968 872 1048 exampliat
895 970 1026 1045 ποιήσας
1050 970 1199 1049 περιχέας
1219 971 1259 1038 ἂν
1278 975 1357 1059 ἐλᾴ-

196 1066 244 1139 ittr
265 1076 393 1151 mirac
424 1075 573 1156 ἥρίςησεν.
621 1069 710 1136 Vidit
741 1072 886 1137 enimin
920 1074 978 1152 plo
1010 1073 1093 1139 εἱδῶν
1122 1073 1221 1142 latere
1250 1082 1356 1156 μαινί-

148 1250 152 1261 ,
197 1172 256 1261 iu,
283 1178 368 1269 qnod
396 1200 499 1268 genus
528 1175 758 1266 pisciculorum
784 1176 930 1244 homines
962 1179 1150 1264 pauperculi
1183 1182 1353 1251 esitabant.

148 1298 153 1319 ·
197 1278 347 1373 iuquam
373 1294 602 1355 Mnrumnu
628 1284 897 1350 tantummono
923 1282 1132 1370 depravatum
1159 1295 1210 1352 est
1232 1291 1357 1359 exstitit

197 1384 311 1459 rdenlu
331 1392 495 1481 scriptura
517 1393 575 1472 μὲν
598 1390 692 1457 εἰδῶν.

231 1492 377 1577 Quoniam
408 1499 511 1583 igitur
538 1497 571 1562 in
600 1513 793 1581 unoquoque
823 1492 977 1559 vocabulo
998 1494 1118 1562 Gracco
1139 1504 1249 1564 nostro
1270 1500 1354 1567 arbi·

198 1600 361 1671 moueat
380 1628 414 1671 ou
437 1611 470 1671 et
492 1628 529 1682 ε,
552 1626 578 1666 ει
600 1608 633 1667 et
656 1625 684 1678 ι,
708 1623 753 1675 ει,
776 1623 786 1664 ι
811 1605 843 1664 et
865 1623 902 1665 ιει
929 1600 1014 1665 inter
1036 1620 1070 1667 se
1094 1610 1280 1687 permutare
1302 1624 1356 1673 ne·

199 1712 247 1787 {¹⁸
262 1704 323 1775 utta
342 1709 387 1775 sit
410 1709 443 1774 in
465 1707 583 1774 talibus
603 1704 756 1772 (lodicum
779 1703 854 1769 llss.
879 1705 1076 1783 auctoritas,
1100 1726 1140 1772 ne
1164 1709 1354 1778 tenuissima

198 1808 320 1893 elidem,
344 1812 424 1901 quid
445 1832 564 1902 quaeso
582 1811 713 1901 prodest
740 1809 936 1896 farraginem
959 1810 1141 1877 istiusmodi
1162 1813 1353 1882 mendorum

198 1910 373 1985 airadum
396 1920 633 2005 scripturarum
661 1935 700 1982 ex
723 1913 819 1981 Codd.
851 1912 1020 1982 corradere
1043 1924 1076 1982 et
1105 1918 1186 1984 istas
1207 1922 1354 2007 quisqui-

197 2008 243 2085 ΓΗ
263 2024 381 2092 nemini
412 2042 567 2110 umquem
599 2020 806 2110 profuturas,
841 2017 897 2085 sed
927 2019 1039 2086 multis
1062 2023 1159 2089 etiam
1188 2027 1354 2095 nocituras

196 2116 272 2195 dare
290 2129 323 2197 in
355 2127 486 2197 lucem?
534 2127 697 2209 Quantum
728 2124 902 2191 lectionum
926 2123 1140 2193 absurdarum
1164 2130 1212 2196 sic
1235 2132 1354 2200 exhau-

195 2224 281 2299 ffltur
299 2232 357 2301 ulti
379 2233 477 2301 semel
501 2233 607 2299 inanis
637 2230 792 2298 librorum
817 2233 993 2297 auctoritas
1020 2230 1144 2299 desinet
1168 2233 1287 2304 formas
1310 2240 1353 2306 ri·

195 2324 298 2407 &ulus
327 2340 435 2416 tueri,
469 2337 525 2404 sed
556 2337 595 2404 ad
624 2335 851 2403 vindicandam
878 2334 1052 2402 lectionum
1085 2337 1179 2405 fidem
1210 2343 1293 2408 ratio
1321 2353 1354 2412 et

195 2446 258 2507 ut
285 2444 415 2531 linguae
449 2443 589 2509 Graecae
619 2444 828 2529 requirentur
864 2449 896 2506 et
931 2440 997 2506 sola
1029 2441 1192 2512 valebunt.
1248 2450 1353 2534 Quam

194 2540 277 2615 uua
301 2556 378 2616 sunt
411 2547 473 2615 alia
502 2547 647 2615 eiusdem
678 2547 826 2634 generis,
857 2566 939 2632 quae
964 2547 1034 2613 sine
1065 2547 1130 2614 ullo
1159 2549 1354 2621 detrimento

153 2680 161 2693 ·
194 2654 295 2731 Mul
322 2654 462 2722 resecari
486 2662 518 2721 et
541 2653 658 2730 abiici,
688 2653 728 2717 de
757 2650 875 2737 quibus
905 2650 985 2717 alias
1017 2652 1146 2721 dabitur
1177 2655 1353 2727 identidem

193 2744 298 2828 &udi
320 2759 421 2828 locus.
468 2760 579 2846 ltaque
611 2767 859 2825 ΙΠΠΟΔΑΜΙΛ
888 2757 1045 2843 quomodo
1074 2760 1242 2828 emendate
1274 2765 1353 2831 scri·

191 2848 309 2933 bium
333 2865 399 2944 sit,
430 2865 549 2931 reiecta
580 2863 735 2929 librorum
759 2863 1004 2948 superstitione,
1034 2883 1128 2931 nomo
1151 2867 1293 2954 ambiget
1321 2877 1354 2936 et

123 3052 126 3069 Ι
190 2958 358 3058 dieique
382 2989 488 3057 pergo.

123 3080 126 3147 f
220 3068 284 3141 Non
315 3081 366 3142 est
389 3074 468 3141 hene
495 3074 614 3142 Graeco
646 3075 770 3141 dictum
805 3072 889 3159 quod
920 3072 1040 3158 legitur
1062 3073 1103 3139 ll.
1127 3095 1171 3140 ιιι.
1198 3081 1250 3142 tlt.
1282 3076 1351 3146 ἅδ’

182 3170 219 3245 ὦ
241 3174 329 3246 rim
355 3183 395 3253 ὥς
426 3181 487 3259 ἐγώ
511 3181 590 3257 εἶμι
623 3175 680 3253 οἶος
704 3179 756 3244 cisi
778 3202 854 3243 ποτε
878 3180 1142 3258 μεταβάλλεσθαι
1167 3180 1223 3247 sed
1246 3187 1352 3270 requi·

176 3280 257 3351 fitur
287 3286 329 3359 oie
362 3284 424 3363 ἐγὼ
454 3284 527 3360 εἵην.
584 3283 716 3370 Semper
741 3283 915 3370 Xenophon
948 3285 980 3348 iu
1013 3284 1071 3349 tali
1102 3305 1137 3351 re
1171 3290 1351 3373 optativum

171 3388 283 3477 pouit,
315 3388 373 3475 qui
399 3408 531 3477 prorsus
560 3399 608 3456 est
639 3389 840 3456 necessarius
872 3390 996 3476 siquis
1026 3389 1103 3475 quid
1137 3389 1177 3456 ab
1211 3392 1274 3460 alio
1304 3395 1352 3462 di·

169 3502 261 3565 ctum
296 3512 369 3561 esse
398 3490 498 3560 refert
528 3493 612 3580 quod
644 3494 711 3580 ipso
744 3493 851 3561 iudice
885 3494 1089 3562 mendacium
1117 3505 1187 3563 est:
1220 3501 1253 3564 in
1288 3521 1352 3588 qua

165 3616 207 3669 re
234 3597 333 3667 multi
360 3598 421 3682 epa
449 3597 592 3677 addunt,
625 3602 664 3672 ὡς
688 3597 749 3681 ἄρα
776 3601 837 3678 ἐγὼ
863 3599 936 3674 εἵην.
982 3600 1071 3668 Idem
1095 3603 1275 3671 remedium
1299 3625 1352 3672 ex·

164 3710 295 3795 flpoelttt
315 3702 546 3771 Demosthenes
569 3724 599 3792 p.
621 3708 705 3781 ute,
733 3707 783 3769 16.
815 3706 938 3785 ἐτόλμα
970 3707 1037 3789 περὶ
1070 3709 1145 3786 ἐμοῦ
1177 3708 1283 3788 λέγειν
1311 3715 1352 3784 ὡς

161 3810 231 3891 Μ
252 3810 291 3877 ‘ri
321 3810 446 3891 πρᾶγμ’
478 3808 565 3888 εἰμὶ
597 3814 685 3874 τοῦτο
717 3810 886 3891 δεδρακώς,
919 3813 984 3877 imo
1007 3830 1082 3877 vero
1105 3810 1168 3888 sinu
1190 3820 1280 3880 τοῦτο
1305 3817 1352 3881 δε·

161 3914 297 4001 ’parade
345 3913 480 4002 Saepius
502 3922 596 3980 ΕΙΜΙ
621 3922 653 3980 ot
675 3924 779 3980 EtHN
804 3915 869 3980 vidi
902 3917 1100 4002 permisceri.
1149 3918 1202 3983 Bis
1226 3920 1258 3984 in
1283 3920 1352 3986 Pla·

160 4020 255 4091 ίοΙΙῖΙ
273 4019 426 4108 Apologia
448 4019 481 4085 id
500 4019 623 4085 iactum
646 4028 712 4086 esi:
737 4040 807 4106 pag.
827 4025 867 4086 57
893 4022 927 4087 B.
952 4027 1070 4087 πολλοῦ
1089 4021 1143 4086 δέω
1164 4031 1235 4089 κατ’
1254 4027 1351 4104 ἐμαυ-

157 4128 222 4197 πῧ
243 4125 322 4210 Ιριΐν
344 4127 439 4201 αὐτὸς
461 4129 500 4200 ὥς
524 4123 610 4202 ἄξιές
634 4126 699 4206 sipi
721 4150 775 4192 roo
802 4132 919 4204 κακοῦ,
943 4128 1068 4211 corrige
1096 4131 1136 4200 ὡς
1156 4127 1241 4205 ἄξιος
1265 4131 1350 4213 εἴην,

159 4240 199 4303 et
227 4238 425 4320 postpauca
456 4253 487 4320 p.
512 4238 554 4299 57
577 4230 610 4296 C.
643 4235 746 4307 πολλὴ
777 4230 895 4311 μέντᾶν
921 4258 963 4310 με
994 4237 1178 4316 φιλοψυχία
1210 4236 1300 4318 ἔχοι,
1323 4241 1350 4306 εἱ

155 4334 258 4415 adm
276 4336 428 4419 meets
450 4339 535 4419 sipi,
559 4337 699 4404 rescribo
720 4335 869 4416 ἀλόγιςις
892 4337 964 4412 εἴην.
1013 4339 1114 4405 Periit
1136 4342 1268 4427 optativi
1289 4341 1351 4411 lor·
