2940 5010
712 266 775 326 ’ὁδὶ

145 442 239 523 βίαια
264 447 368 505 ποιεῖν.
416 436 529 524 ltaque
556 437 659 518 βίαιόν
683 463 713 505 τι
743 438 861 519 τιέσχω
892 446 924 504 ut
946 439 1041 518 βίαια
1068 438 1190 521 πιθσχω
1216 438 1335 505 Graece

144 547 278 613 dicitur.
325 541 511 611 Ascordum
545 553 595 610 est
623 542 753 623 δεσμόν,
785 543 938 623 θσθνατσν,
967 546 1075 628 <burin
1109 553 1212 612 πσιεῑν
1243 543 1335 623 ruri.

144 653 253 738 itaque
274 648 450 715 absurdum
465 657 515 715 est
532 649 644 729 δεσμὸν
666 649 806 731 πθσχειν
831 658 892 717 cet.
940 648 1111 718 Caeterum
1132 649 1268 735 vulgata
1286 670 1335 715 sa·

146 758 281 824 nissima
304 762 354 821 cst
372 762 437 829 πῶς
456 756 520 836 γὰρ
544 752 582 819 ἄν
604 780 652 830 τις
672 756 815 837 τύραννος
835 794 880 808 -
897 758 1074 838 δεσμοὺς
1097 754 1334 839 σέντιπαρσέσχσι

142 861 228 938 iocus
252 861 287 939 δὴ
311 860 514 940 έδέσμευσεν,
538 858 595 927 sed
624 858 711 926 docti
736 858 883 928 homines
905 862 1014 943 δεσμσθ
1035 869 1069 929 et
1091 860 1203 942 δσσρασέ
1233 862 1336 948 negli-

141 969 273 1056 gentius
303 964 528 1033 confuderunt.
576 965 693 1046 Δεσμιέ
725 976 804 1033 sunt
834 966 982 1044 vinculo,
1005 965 1127 1055 quibus
1159 968 1237 1053 quis
1261 987 1335 1035 eou-

142 1073 339 1159 stringitur,
363 1070 418 1138 sed
442 1072 554 1152 δεσμός
578 1078 630 1138 est
651 1072 686 1137 in
709 1093 866 1138 carcerem
889 1073 1036 1139 conicetio
1063 1081 1093 1140 et
1116 1073 1285 1160 captivitas
1303 1075 1335 1139 in

141 1179 285 1246 uinculis.
334 1177 388 1244 sie
410 1177 545 1243 Athenis
568 1178 680 1257 δεσμὸν
703 1178 976 1257 καταγιγνώσκειν
1005 1177 1165 1245 dicuntur
1188 1176 1333 1259 iudices,

141 1304 281 1373 quorum
304 1283 475 1350 sententiis
498 1281 616 1368 aliquis
641 1285 673 1348 in
698 1283 877 1350 custodiam
899 1283 1062 1367 publicam
1081 1284 1282 1366 coniicitur,
1303 1295 1334 1353 ot

141 1389 254 1470 δεσμθς
279 1387 442 1474 siguificat
474 1385 539 1454 lere
562 1391 597 1455 τδ
620 1389 777 1468 δεδέσθαι,
803 1398 839 1456 ut
869 1390 1001 1464 θθνατσς
1031 1397 1082 1456 est
1106 1391 1143 1457 τὸ
1176 1390 1331 1459 reinbrat.

141 1499 255 1584 ltaque
286 1503 322 1561 ut
352 1491 392 1560 de
414 1492 563 1580 pluribus
595 1496 720 1562 θθνατσι
744 1495 810 1561 dici
841 1495 939 1573 solet,
972 1495 1021 1562 sic
1047 1495 1200 1576 δεσμσέσ
1232 1496 1333 1565 Xeno·

141 1603 262 1691 pbonte
292 1607 342 1668 est
370 1600 513 1688 positum
537 1598 577 1666 de
600 1600 769 1688 pluribus,
801 1601 857 1687 qui
886 1601 918 1664 in
944 1620 1111 1668 carcerem
1142 1619 1165 1669 a
1194 1610 1332 1691 tyranno

141 1709 218 1776 olim
240 1707 377 1775 coniecti
403 1703 551 1772 luissent.
599 1706 661 1787 Qui
693 1707 763 1773 lieri
786 1713 911 1794 potest,
942 1707 1050 1791 inquit
1076 1705 1199 1786 Hiero,
1222 1715 1263 1774 ut
1287 1717 1331 1797 ty·

140 1834 264 1882 rannus
287 1832 363 1899 opes
382 1830 462 1898 quas
486 1812 643 1898 eripuerit
664 1831 776 1879 omues
798 1814 968 1890 restituat,
991 1819 1024 1878 et
1049 1811 1178 1879 tamdiu
1199 1813 1234 1879 iu
1262 1832 1330 1880 car·

139 1941 213 1989 cere
225 1919 322 2007 degat
344 1919 430 2006 ipse,
454 1917 611 2005 quamdiu
632 1917 711 1983 alios
733 1919 765 1982 in
793 1916 931 1983 vinculis
951 1917 1112 1996 tenuerit,
1134 1925 1170 1984 et
1193 1925 1328 1987 mortem

139 2028 237 2094 toties
272 2032 419 2112 oppetat,
455 2032 533 2110 quot
567 2025 654 2089 cives
688 2022 819 2109 capitali
854 2023 1013 2109 supplicio
1047 2021 1217 2090 affecerit?
1267 2023 1328 2091 Hoc

139 2135 247 2220 ipsum
270 2130 391 2197 tamdiu
411 2129 447 2194 ia
468 2150 592 2196 corrue
615 2149 681 2196 csse
703 2128 856 2216 quamdiu
877 2129 979 2194 udum
1000 2129 1035 2194 iu
1057 2128 1196 2196 uinculis
1230 2140 1328 2196 ισιιιιι·

137 2239 184 2304 ru
207 2237 329 2324 optime
352 2235 472 2304 Graece
492 2232 557 2300 dici
581 2235 694 2314 δεσμὸν
716 2234 940 2318 ἀντιπαρέχειν
963 2236 1024 2302 riui
1047 2242 1080 2301 et
1112 2234 1154 2301 de
1183 2234 1344 2322 pluribus·

138 2343 271 2424 δεσμοὺς
301 2341 524 2423 ἀντιπαρέχειν
548 2337 635 2413 ὅσους
657 2364 706 2412 τις
729 2341 824 2413 αὐτὸς
848 2339 954 2416 ἔδησεν
986 2339 1175 2426 intelligunt
1198 2358 1327 2417 omnes,

139 2450 195 2537 qui
226 2446 346 2514 Graece
377 2447 496 2511 sciunt.
544 2445 593 2510 Ex
624 2444 676 2510 bis
706 2448 785 2512 satis
815 2445 1012 2532 intelligitur
1040 2466 1139 2533 quam
1170 2445 1280 2514 lutilis
1299 2456 1327 2513 et

140 2554 247 2622 inanis
270 2553 315 2618 sit
336 2550 487 2616 lloeridis
506 2550 786 2617 adnotatiuncula:
812 2551 1142 2634 oeconomorum
1166 2557 1325 2627 Ἀττικῶς.

140 2658 283 2738 δεσμοὶ
308 2659 471 2738 ἀρσενικῶς
495 2662 694 2732 Ἑλληνικῶς.
743 2655 885 2743 Utraque
908 2655 1012 2723 lorma
1030 2664 1070 2723 et
1091 2658 1214 2724 caeteri
1238 2657 1326 2726 (irae-

140 2767 172 2834 ci
193 2783 305 2831 omnes
328 2771 361 2829 et
384 2762 484 2829 Attici
508 2770 667 2840 utuntur,
700 2759 755 2826 sed
788 2781 852 2827 non
883 2764 1086 2850 promiscue,
1122 2771 1158 2828 ut
1188 2764 1278 2831 inter
1297 2781 1326 2829 se

140 2868 322 2959 permutari
346 2869 485 2956 possint,
510 2868 610 2935 veluti
632 2869 665 2933 in
690 2866 833 2934 Platonis
857 2868 934 2955 llep.
955 2868 994 2934 11.
1020 2888 1051 2955 p.
1072 2872 1137 2935 578
1162 2868 1200 2936 b.
1232 2870 1324 2953 Ἥρας

140 2981 172 3046 δέ
196 2976 371 3056 δεσμοὺς
403 2974 461 3040 ὑπὸ
486 2975 563 3048 ullor
587 2975 640 3041 uui
664 2974 821 3056 Ἡφαέςσν
843 2975 943 3057 ῥίψεις
968 2975 1026 3041 ὑπὸ
1056 2974 1195 3055 πατρές,
1227 2975 1261 3042 id
1284 2983 1326 3043 est

138 3086 173 3152 τδ
198 3083 335 3150 δεδέσθαι
366 3081 465 3162 Ἥραν
489 3083 548 3147 ὑπὸ
571 3081 647 3155 ulier
672 3081 725 3146 καὶ
749 3083 808 3146 ὑπὸ
842 3080 957 3161 πατρὸς
986 3079 1145 3162 Ἥφαιςσν
1169 3081 1324 3165 ἐρρῖφθαι,

138 3193 185 3257 ita
209 3189 404 3255 dictumest
430 3195 465 3252 ut
487 3186 590 3266 δεσμθ
615 3206 673 3274 pro
703 3187 834 3265 δεσμούς
866 3185 1070 3272 suppositum
1094 3186 1200 3252 risum
1225 3207 1322 3254 more

138 3304 199 3364 rot.
247 3291 421 3360 borvillios
455 3292 556 3377 igitur
585 3311 686 3378 quum
719 3290 876 3357 scriberet
909 3291 978 3356 »oet
1009 3291 1209 3358 mmiocritcr
1238 3314 1323 3380 pecu-

138 3401 224 3466 nioso
246 3419 309 3463 non
328 3396 456 3483 difficile
480 3408 522 3463 tot
545 3408 676 3463 catenas
698 3398 895 3463 restituere'’
919 3398 1050 3476 δεσμούς
1074 3406 1107 3463 et
1129 3396 1236 3478 δεσμσέ
1256 3418 1324 3465 eou-

139 3505 278 3572 lundens
306 3503 500 3569 sententiam
533 3503 593 3567 loci
619 3522 683 3567 non
707 3511 756 3567 est
780 3510 968 3581 assecutus,
1001 3510 1034 3569 et
1055 3503 1103 3569 sio
1126 3502 1236 3570 locum
1267 3524 1325 3572 uon

139 3608 340 3678 intellectum
362 3606 482 3674 inlelici
504 3607 763 3674 correctiuncula
784 3609 949 3696 corrupit,
972 3628 1069 3695 quam
1089 3617 1199 3676 tamon
1218 3630 1325 3678 omnes

138 3717 244 3785 adbuc
268 3714 389 3780 frustra
412 3712 589 3799 probarunt
612 3724 645 3780 et
668 3724 862 3800 receperunt
886 3716 919 3780 in
939 3724 1076 3781 textum.

184 3821 300 3903 Δεσμθ
332 3818 513 3885 scribarum
547 3820 691 3885 socordia
724 3820 856 3905 irrepsit
889 3821 922 3884 in
954 3820 1174 3906 fragmentum
1211 3823 1327 3891 incerti

139 3929 286 4016 Tragici,
310 3946 405 4015 quem
430 3924 523 3992 lacile
544 3927 651 4012 quivis
671 3925 859 4013 Euripidem
886 3945 956 3993 esse
979 3927 1218 4014 suspicabitur,
1243 3925 1327 4016 apud

137 4035 334 4103 Clementem
358 4029 528 4098 Alexandr.
562 4030 681 4097 Strom.
705 4030 759 4099 lV.
796 4051 825 4117 p.
849 4036 925 4098 587.
962 4031 1069 4111 Pott.‚
1093 4032 1148 4100 ubi
1174 4034 1224 4102 sic
1249 4034 1327 4102 scri-

139 4142 245 4208 bitur:
266 4142 310 4207 “A
331 4140 357 4205 δ’
381 4138 564 4204 ἐκπυθέσθαι
587 4146 643 4213 τῆς
666 4138 743 4215 ἐμῆς
764 4138 889 4220 χρῄζεις
914 4138 1044 4220 φρενός,

204 4285 206 4291 ·
319 4243 382 4309 οὔτ’
406 4242 445 4308 διν
468 4245 621 4309 καταθέων
646 4243 714 4309 οὔτε
740 4245 851 4325 κρατὸς
875 4242 911 4321 έξ
935 4242 1026 4326 ἄκρου

320 4350 430 4423 δεινοὺς
456 4350 568 4423 καθιεὶς
594 4351 663 4430 πρέ
671 4374 754 4424 σνας
788 4352 830 4424 εἷς
855 4348 964 4433 ἄκρους
989 4352 1086 4423 πιδας
