2940 5010
627 287 691 348 ten

68 460 310 547 ternariguntcs
332 468 389 525 aut
413 460 445 525 in
470 456 534 525 alto
557 456 731 545 deprensas
764 476 822 543 pcr
845 457 907 523 vim
940 460 1058 528 retinet
1087 470 1120 530 et
1143 474 1252 553 captas

67 564 203 633 deducit
224 566 257 631 in
277 572 419 653 portum.
466 563 547 631 Nota
580 583 632 630 res
658 573 726 640 cst,
758 562 797 628 de
827 582 891 649 qua
915 563 978 630 vid.
1002 566 1189 655 Harpocrat.
1222 592 1251 637 ν.

66 670 234 751 Κατάγιιν
258 672 302 737 τά
323 680 443 752 πλοῖα,
475 670 584 758 ibique
606 669 813 756 interpretes.
863 668 944 735 lllud
970 671 1098 758 ipsum,
1121 685 1253 745 auctore

68 776 303 865 Xenophonte,
327 773 440 843 Graeci
465 774 610 843 iecerunt
637 772 736 840 Anah.
759 773 794 837 V.
819 794 840 839 r.
868 780 919 841 11.
944 785 976 841 et
999 780 1118 864 passim
1140 780 1253 849 Graeci

66 882 169 951 ctiam
192 882 358 969 nequiores
380 882 429 948 sic
453 881 538 967 loqui
562 880 688 958 solent,
722 888 756 945 ut
780 878 953 947 ridiculum
982 882 1024 947 sit
1047 885 1200 965 κατάγειν
1220 896 1254 955 et

66 989 268 1069 κατάγεσθαι
303 988 389 1054 inter
422 1006 458 1055 sc
489 993 684 1073 permutare.
742 985 931 1053 Rectissime
969 986 1185 1057 Schneidcrus
1219 992 1253 1058 in

66 1096 135 1183 §li
158 1094 214 1161 toul
235 1093 391 1180 expunxit
414 1092 447 1158 ln
467 1091 643 1157 verbisne}
666 1092 716 1157 ε’πί
738 1092 826 1157 λείαν
845 1094 924 1165 τινὲς
944 1094 1097 1176 οἰχόμενοι
1109 1097 1249 1186 -[καί]

65 1200 243 1281 είλιίφεσαν
262 1199 412 1281 τράβατιι
436 1197 563 1273 πολλά,
586 1194 642 1262 sed
666 1216 759 1263 nemo
780 1195 909 1283 praebet
936 1216 1061 1266 aurem.

127 1304 196 1373 llou
227 1303 324 1371 credo
354 1301 576 1389 Xenophontis
606 1321 676 1368 esso
710 1302 742 1366 in
770 1302 838 1385 §9-
868 1300 960 1387 ἦρκεν
983 1305 1015 1370 δὲ
1035 1305 1107 1372 τίτε
1131 1308 1254 1379 πάντων

65 1416 131 1479 τῶν
152 1412 309 1487 Ἑλλήνων
330 1411 357 1476 ot
380 1407 639 1486 Λανεδαιμάνιοι,
663 1427 766 1494 neque
797 1411 978 1475 necessaria
1005 1411 1166 1480 istasunt
1195 1434 1253 1482 nec

65 1514 191 1583 hebent
223 1512 363 1581 colorem
399 1514 554 1580 orationis
589 1512 751 1599 antiquae.
807 1513 942 1580 Romani
981 1525 1091 1603 postca
1130 1520 1254 1587 πάντων

65 1626 131 1691 rur
151 1620 308 1696 Ἑλλήνων
331 1617 445 1703 ἦρχον,
468 1616 710 1686 Lacedaemonii
731 1623 821 1707 512.
845 1629 901 1696 πῆς
924 1621 1076 1698 Ἑλλάδος
1100 1622 1255 1692 dicuntur

65 1724 255 1809 προεςάναι,
275 1733 308 1792 et
331 1728 417 1809 §ln
441 1724 494 1791 καί
515 1724 546 1790 ἐν
570 1734 609 1809 τῇ
631 1736 675 1809 γῇ
694 1725 746 1792 καί
768 1727 799 1791 ἕν
822 1736 861 1809 τῇ
884 1725 1027 1811 ίαλάττν
1045 1726 1173 1811 ἄρχειν,
1197 1732 1252 1798 sed

66 1832 151 1901 eatis
177 1831 385 1919 perspicuum
416 1838 466 1896 est
495 1848 594 1916 quam
624 1831 667 1895 sir
699 1830 862 1898 diversum
896 1832 1055 1914 mosaicae
1083 1830 1159 1902 εἶναι
1192 1839 1252 1903 τῶν

64 1938 226 2015 Ἓλλνίνονν
256 1944 289 2003 et
309 1936 366 2011 mir
390 1937 558 2016 ἡγεμονίαν
579 1942 637 2000 τῶν
658 1938 814 2014 Ἑλλήνων
845 1934 948 2019 ἔχειν,
978 1937 1018 2004 alt
1048 1938 1134 2018 iuis,
1169 1961 1252 2028 quae

64 2042 179 2131 spuria
200 2060 271 2109 ense
292 2040 527 2108 contendimus.

113 2147 151 2215 lu
175 2148 194 2231 fi
215 2152 267 2214 10.
290 2147 317 2212 εί
340 2148 386 2225 μί
408 2170 457 2221 τις
481 2145 602 2213 ἐκδώσει
626 2148 677 2212 clo
697 2145 837 2230 άρξαντα
861 2148 997 2228 βάλλειν
1019 2152 1178 2219 articulus
1200 2173 1251 2221 en·

66 2251 149 2323 cidu
170 2253 222 2320 τδν
245 2250 387 2335 άρξανπα
409 2257 464 2319 τοῦ
486 2250 641 2331 βάλλειν,
675 2260 710 2317 ut
734 2251 760 2319 I.
783 2273 824 2317 ru.
852 2259 903 2321 lii.
936 2253 1085 2335 άοξαντες
1112 2264 1166 2324 τοῦ
1187 2260 1252 2325 δια·

66 2360 210 2441 βαίνειν,
233 2365 266 2424 et
286 2357 359 2424 aliis
378 2356 466 2423 locis.
513 2355 634 2423 Deinde
653 2358 772 2444 optime
793 2358 944 2425 Sciraeier
966 2356 997 2426 ὃν
1019 2360 1121 2445 ἐξῄτει
1145 2384 1251 2431 emen·

65 2466 156 2533 davit
177 2484 237 2553 pro
263 2463 386 2545 ἐζήτει,
420 2461 523 2528 solent
549 2459 627 2529 haec
659 2463 692 2527 in
713 2461 805 2528 libris
826 2464 979 2531 conlundi
1003 2476 1035 2533 et
1059 2469 1252 2557 respondent

64 2570 128 2639 tilii
148 2570 234 2636 inter
253 2588 288 2635 se
306 2567 439 2645 ἐξαιτεῖν
463 2575 495 2635 et
518 2567 676 2633 ἐκδιδόναι.
723 2567 759 2633 ln
788 2568 806 2649 ἓ
826 2575 876 2636 15.
901 2573 1073 2656 άποκλῄσει
1095 2594 1152 2661 pro
1173 2578 1251 2643 άτο·

64 2676 183 2743 κλείσει
205 2672 425 2760 recipiendum
450 2692 489 2739 ea
511 2674 642 2758 optimis
661 2671 754 2738 libris
772 2676 945 2753 άτικλήσει
969 2679 1194 2760 servantibus,
1218 2691 1250 2750 et

65 2780 143 2849 alibi
163 2780 293 2867 saepius
312 2786 436 2845 ueteres
455 2776 577 2843 formae
595 2779 700 2859 κλῄει,
724 2779 877 2864 κέκλημαι
898 2791 981 2861 cet.,
1007 2792 1041 2849 nt
1061 2805 1158 2872 snpra
1170 2786 1249 2854 dixi·

65 2906 163 2966 mus,
186 2883 389 2973 Xenophonti
415 2880 603 2949 reddendae.

108 2990 193 3059 trare
214 2989 356 3057 abundat
381 3007 554 3077 pronomen
579 2990 611 3052 in
638 2993 728 3070 §¹4-
752 2992 804 3056 καί
829 2993 892 3075 γάρ
918 2997 951 3059 αἱ
980 2993 1086 3069 πόλεις
1113 2996 1247 3084 [inum.

64 3092 127 3165 lto
146 3096 260 3175 ίσμίν,
283 3096 437 3163 τείίονται
456 3095 579 3169 αὐτοῖς,
604 3102 636 3159 cl
657 3092 799 3181 111515.
825 3100 953 3183 requiro
975 3099 1013 3165 άν
1033 3102 1127 3176 αὐτὸς
1148 3104 1249 3184 Ἀγα·

63 3203 135 3279 σίας
159 3206 207 3285 Φῆ
232 3220 289 3288 pro
311 3202 416 3283 Φῆσν,
440 3208 472 3265 el
496 3199 528 3263 ln
553 3209 570 3289 ᾗ
595 3202 645 3264 18.
659 3202 884 3302 ἐυρρίθνθοίιη
904 3205 1012 3271 τούτου
1037 3203 1111 3293 (οὖν)
1135 3206 1247 3289 ἕνεκα,

63 3330 158 3401 saepe
181 3309 248 3376 vidi
278 3318 350 3397 post
372 3334 420 3377 -oo
445 3307 602 3375 excidisse
634 3321 690 3377 OT
718 3306 805 3398 (οὖν).
852 3312 971 3381 Eodem
999 3317 1092 3382 niodo
1122 3323 1248 3407 corrige

64 3414 132 3485 Vll.
149 3436 173 3483 1.
189 3418 222 3483 6.
244 3416 353 3482 τοιίτιιι
378 3413 451 3505 (οὖν)
476 3411 565 3479 ἕνεκα
585 3417 680 3495 μηδὲν
692 3416 832 3483 τελείτω.
858 3418 1080 3506 l‘rlgidissime
1099 3423 1248 3495 Graeculi

63 3520 278 3591 messoriam
302 3520 428 3608 ellipsin
452 3518 682 3605 suppleverunt
706 3522 739 3587 in
764 3526 781 3608 §
802 3526 855 3589 iu.
887 3530 993 3591 τοῦτον
1015 3529 1072 3607 μὲν
1096 3532 1159 3615 γάρ
1179 3530 1249 3601 οἶδα

61 3626 158 3709 ἄνδρα
187 3627 305 3706 άγαάδν
333 3628 428 3703 ὄντα,
459 3622 617 3700 Δέξιππον
645 3626 677 3691 δὲ
705 3623 798 3717 [σίδαι]
826 3632 983 3710 αίρείίντα
1008 3635 1066 3700 ὑπὸ
1094 3646 1150 3713 τῆς
1174 3665 1246 3721 τρα-

61 3736 134 3807 τιάς
157 3768 205 3783 —-
231 3730 311 3819 [καί]
343 3728 522 3813 άποδράντα
557 3728 742 3820 [Δέξιππον]
777 3734 829 3799 καί
858 3736 1006 3817 προδόντα
1027 3741 1097 3814 τοὺς
1122 3747 1248 3824 sportol-

59 3862 143 3918 τινε,
166 3836 320 3904 lraeccinc
342 3834 584 3922 Xenophontem
609 3837 654 3902 ita
677 3839 846 3924 scripsisse
869 3842 1080 3928 putabimus?

106 3946 256 4031 npncscc
275 3941 387 4008 stilum
411 3939 649 4027 interpolatoris
674 3944 707 4008 in
731 3950 748 4031 ς
769 3948 820 4010 tt.
852 3947 879 4011 εί
902 3948 934 4013 δὲ
953 3949 992 4014 σὺ
1012 3944 1087 4029 ἦγες
1107 3952 1125 4029 ἢ
1149 3952 1247 4030 άλλις

58 4072 108 4125 τις
132 4056 194 4117 τῶν
217 4047 304 4131 παρά
327 4052 380 4114 σοῖν
411 4046 477 4135 [καί
502 4048 546 4126 μὴ
569 4054 628 4112 τῶν
651 4051 725 4128 παρ’
747 4052 831 4127 ἡμῶν
859 4052 1094 4145 άποδράντοιν],
1127 4055 1161 4125 εὖ
1188 4060 1247 4129 latr

58 4152 107 4223 ὅτι
134 4154 220 4221 οὐδὲν
247 4154 424 4221 dcccdccc
452 4152 600 4228 ἐποίησα,
637 4152 818 4221 inducenda
842 4166 917 4223 snrrt
942 4157 1038 4225 verba
1066 4164 1168 4231 otiosa
1190 4185 1249 4234 uec

59 4256 143 4329 lteue
173 4278 248 4327 cum
280 4260 417 4326 caeteris
441 4259 613 4324 coniuncta
637 4266 668 4324 et
694 4259 777 4325 male
807 4260 928 4329 Graeca
948 4264 1000 4329 καὶ
1025 4268 1070 4346 μὴ
1093 4276 1152 4335 τῶν
1174 4276 1248 4355 παρ’

62 4368 146 4449 ὴμῶν
165 4364 381 4449 άτιδράντιιν,
411 4364 504 4451 quasi
527 4383 601 4431 vero
627 4363 802 4432 multitudo
823 4378 906 4435 essct
927 4389 1061 4451 eorum,
1085 4377 1141 4462 qui
1165 4377 1249 4447 clam
