2940 5010
65 100 176 181 πηγὴν
198 98 306 181 άφιῑαε
336 95 472 176 δακρύων
502 92 587 161 κάτω
620 93 753 175 ctum
789 98 846 177 ὀψὲ
878 94 1254 176 καταμανθάνοντα
1315 114 1448 183 sad&

63 206 125 283 τίρν
146 202 334 284 ἐλευθερίαν,
356 197 622 283 sicllirschigius
642 198 765 278 edidit,
789 221 851 266 non
875 198 1038 281 tacturus,
1064 209 1099 268 ut
1118 202 1251 289 opinor,
1300 224 1450 305 ”ml-⁹⁵⁸

63 310 97 377 ai
117 308 323 377 meminisset
340 304 402 371 loci
424 302 510 392 apud
533 302 725 371 Aeschinem
746 306 778 372 in
801 306 997 394 ctesiphont.
1022 308 1039 391 ς
1063 312 1137 372 157.
1160 331 1251 388 πρεσ·
1309 302 1380 320 ““

62 414 175 497 Brim-
201 412 395 495 άνθράπονς,
426 410 638 491 πρεσβύτιδας
664 421 840 488 γυναῖκας,
874 413 931 494 ίψὲ
953 411 1250 492 μεταμανθάνοντας
1288 422 1294 493 l

60 522 123 597 τὴν
145 518 335 600 ἐλευθερίαν,
359 517 415 603 qui
439 514 603 581 Charitoni
636 515 754 582 iterum
778 516 1007 583 obversabatur
1033 536 1063 604 p.
1083 520 1170 593 net,
1195 520 1249 582 28.

61 624 120 693 καί
144 620 226 691 οὗτοι
248 622 307 702 μὲν
329 620 407 699 ἦσαν
430 622 462 685 ἐν
485 621 644 694 τοιαύταις
667 628 842 705 συμφοραῖς
873 624 930 705 epe
958 620 1250 702 μεταμανθάνοντες

59 730 123 807 τίον
154 727 335 809 ἐλευθερίαν.
381 724 502 792 Eodem
531 726 633 812 igitur
663 725 756 792 modo
784 746 884 814 quum
909 727 1065 794 scriberet
1091 725 1196 804 ὀλίγον
1219 727 1249 790 τ’

60 834 208 903 ίπενθιυν
236 832 320 900 οὐδέν
350 830 551 898 describebat
581 830 781 920 Thucydidis
808 832 914 899 locum
938 832 979 898 ll.
1003 836 1036 897 8.
1082 831 1249 909 ὀλίρον

60 940 97 1007 τ’
129 937 315 1007 θπενθουν
346 937 460 1005 οὐδὲν
489 935 661 1019 άμΦθτεροι
694 940 770 1003 αλλ’
793 935 915 1019 ἔρρωντο
945 939 976 1011 ἐς
1006 937 1058 1002 τθν
1091 934 1250 1015 πθλεμον,

61 1042 245 1113 multorum
269 1044 450 1109 imitatione
481 1040 690 1108 celebratum.
739 1042 811 1109 ntia
834 1040 1034 1131 Thucydidei
1059 1041 1121 1107 loci
1145 1040 1249 1105 imita·

60 1150 113 1219 tio
143 1146 237 1217 iaeiie
264 1146 515 1235 deprehenditur
545 1167 577 1233 p.
602 1150 689 1225 498,
714 1152 768 1213 tn.
799 1148 907 1228 δίδωμί
937 1172 981 1214 σοι
1005 1145 1110 1222 πάσης
1133 1146 1249 1218 Ἰωνίας

59 1252 177 1339 lmen
209 1253 262 1319 καί
297 1259 413 1335 πρῶτος
448 1252 611 1333 εὐεργέτης
643 1252 686 1326 είς
719 1249 796 1318 οἷκον
827 1254 984 1333 βασιλέως
1015 1254 1249 1334 άναγραφηση,

59 1356 258 1427 momenta
283 1357 361 1425 haee
389 1368 466 1424 sunt
489 1378 529 1425 ex
556 1358 744 1424 Artaxerxis
773 1356 815 1423 ad
846 1358 1037 1425 Pausaniam
1068 1356 1202 1444 epistola
1223 1354 1249 1424 l.

61 1468 149 1533 129.
171 1462 235 1531 nisi
258 1462 344 1551 quod
366 1465 482 1545 πρῶτος
506 1462 547 1529 de
569 1482 629 1528 sno
650 1461 775 1528 addidit
799 1462 948 1549 Sophista
980 1484 1045 1529 non
1075 1460 1248 1528 admodum

58 1576 183 1647 acute,
208 1576 245 1636 ut
266 1566 365 1635 vides.

108 1672 210 1743 Plano
232 1673 319 1741 idem
350 1674 487 1755 vitium,
519 1672 604 1761 quod
627 1692 646 1740 e
668 1672 839 1739 Charitone
866 1672 1080 1752 sustulimus,
1111 1672 1186 1739 olim
1210 1692 1249 1738 en

58 1780 211 1869 Appiano
242 1778 446 1867 llusgravius
480 1778 617 1845 feliciter
660 1776 804 1845 sustulit.
862 1777 1026 1844 Edehatur
1067 1776 1152 1865 apud
1187 1780 1250 1863 hp·

57 1886 154 1977 pinu.
175 1882 217 1953 de
239 1883 316 1951 Bell.
338 1882 429 1950 civil.
446 1884 501 1950 111.
526 1888 580 1950 tt.
611 1884 772 1967 ἐφιέμενος
795 1880 834 1949 ὦν
856 1883 972 1949 ἐπένθει
995 1892 1140 1966 Καίσαρ,
1163 1882 1249 1969 quod

59 1992 99 2059 in
120 1998 314 2059 eneruem
346 1988 465 2055 latebat
486 1997 679 2056 ΕΠΕΝΟΕΙ
703 1989 823 2076 reperit
845 1990 1049 2075 hlusgranins
1071 1986 1110 2056 ὧν
1133 1987 1249 2061 ἐπενίει

56 2102 210 2178 Καίσαρ,
245 2092 504 2183 quodomnium
532 2092 649 2181 plausu
679 2102 856 2181 receptum.
902 2095 995 2162 Nunc
1018 2094 1059 2162 ad
1085 2093 1248 2161 llellenica

58 2200 172 2271 τοίου.

107 2304 150 2373 lrr
179 2302 263 2373 libro
282 2304 351 2372 Vll.
375 2326 397 2373 r.
430 2309 461 2371 6.
495 2306 548 2371 ὑπ’
575 2305 697 2379 ἐκείνοις
728 2312 890 2381 παντελῶς
919 2304 1084 2385 ἐγένεσθε,
1118 2304 1248 2372 demon·

57 2410 167 2481 stravi
187 2410 254 2477 iam
275 2409 353 2477 alihi
377 2430 437 2477 our
457 2410 510 2477 ἐπ’
534 2410 656 2485 ἐκείνοις
677 2411 720 2477 sit
742 2408 981 2498 corrigendum.
1028 2410 1107 2477 lhid.
1132 2410 1201 2477 Vll.
1226 2432 1249 2478 ι.

58 2524 118 2587 17.
150 2514 285 2591 σπονδάς
312 2516 518 2598 ποιησάμενος
549 2517 621 2597 πρὸς
654 2516 801 2597 Θηβαίαν
830 2520 956 2595 μᾶλλον
986 2518 1004 2593 ἢ
1029 2518 1103 2597 πρὸς
1132 2517 1248 2582 ἑαυτῶν

54 2618 158 2695 οὕτως
177 2622 318 2697 άπῆλθεν
338 2619 573 2688 emendandum
597 2630 646 2686 est
669 2622 740 2702 πρὸς
761 2623 883 2687 ἑαυτοῦ.

106 2723 191 2795 thid.
213 2724 282 2793 Vll.
306 2746 327 2792 r.
352 2730 406 2794 21.
438 2723 656 2808 introspicere
685 2725 907 2811 retingendum
931 2734 981 2791 est
1004 2722 1065 2791 ὅσοι
1092 2735 1246 2809 παρῆσαν.

55 2830 182 2901 umero
200 2855 258 2913 περ
281 2841 313 2899 et
336 2856 401 2913 παρ
426 2832 458 2896 in
483 2830 574 2897 libris
598 2829 862 2908 contunduntur,
894 2830 1022 2917 saepius
1042 2854 1101 2913 περ
1126 2831 1158 2896 iu
1183 2856 1248 2915 παρ

56 2934 231 3027 depranam
254 2936 335 3003 solet
358 2936 576 3022 scribiturque
599 2956 629 3001 ν.
651 2956 679 3002 ο.
703 2934 773 3001 ἔνθα
805 2933 1051 3017 παρετάχθησαν
1083 2956 1141 3024 pro
1163 2938 1248 3005 ε’νίά-

56 3066 121 3127 περ
142 3040 324 3127 ίτάχθησαν
356 3052 389 3109 et
412 3042 507 3120 sim,
538 3059 781 3127 nonnumquam
813 3048 924 3107 contra
956 3050 1085 3108 erratur
1115 3050 1153 3109 nt
1186 3043 1247 3112 hoc

103 3250 177 3321 Non
199 3272 363 3341 cuneoque
386 3252 454 3318 Vll.
480 3274 500 3319 r.
526 3256 579 3318 25.
612 3252 695 3330 γένει
719 3277 754 3318 τε
783 3252 899 3326 οὐδενὸς
921 3252 1020 3330 ίνδείρς
1042 3254 1188 3336 χρήμασί
1209 3280 1244 3320 τε

56 3358 221 3443 προήκειν,
246 3377 387 3445 namque
410 3358 502 3424 nihili
526 3376 658 3443 prorsus
677 3366 727 3424 est
749 3358 832 3437 γένει
856 3359 971 3432 οὐδενὸς
995 3360 1107 3436 ἐνδεής.
1154 3360 1245 3441 Quod

55 3482 175 3533 mea
195 3464 229 3529 in
252 3482 290 3531 ea
315 3482 349 3531 re
375 3461 478 3530 solent
505 3462 612 3529 dicere
639 3462 840 3551 Xenophonti
870 3461 1064 3529 reddiderim
1088 3465 1171 3543 γένει
1194 3468 1244 3532 οὐ·

55 3568 146 3643 irate
163 3568 363 3651 δεύτερος.
409 3568 446 3634 ld
469 3568 574 3655 ipsum
605 3569 722 3634 iterum
747 3588 861 3635 censeo
884 3567 1120 3635 restituendum
1143 3569 1197 3636 lv.
1223 3590 1246 3647 1,

57 3678 92 3745 6.
127 3674 213 3743 ποίου
238 3676 318 3748 τινος
342 3675 449 3754 μένους
480 3673 543 3743 isin
567 3675 581 3739 ὁ
603 3674 828 3758 Σπιθριδάτηςς
859 3675 924 3739 ὅδ’
947 3668 1032 3738 εἶπεν
1054 3670 1099 3740 θ’τι
1123 3682 1246 3757 Περσῶν

59 3780 181 3855 οὐδενος
202 3780 439 3862 θνδείςερος,
464 3780 529 3845 irnu
550 3798 624 3844 vero
649 3780 763 3855 οὐθενὸς
786 3779 984 3861 δεύτερος.
1030 3777 1152 3846 Deinde
1176 3790 1248 3867 post

59 3902 168 3975 panon
191 3882 260 3951 llll.
285 3904 307 3950 1.
331 3890 386 3953 25.
417 3886 537 3951 insono
570 3884 707 3952 articulo
738 3885 891 3973 legerim:
921 3888 960 3959 ὡς
990 3881 1091 3965 μθνοις
1109 3885 1167 3965 μὲν
1191 3888 1248 3955 ad-

60 3998 131 4069 τοῖς
152 3990 266 4075 πατρίς
291 3988 336 4079 (ἦ)
361 3992 590 4067 Πελοπόννησος
613 3990 670 4063 είη.
