2940 5010
701 282 766 348 580

143 455 257 539 Φθορθος
292 452 563 539 ἐξαρεσκευθμενον
599 453 740 542 legitur,
776 455 846 521 siue
880 453 944 520 ulla
982 450 1089 520 mendi
1123 452 1321 541 suspicione:

143 560 236 648 qnasi
259 580 348 640 nero,
381 560 507 627 etiarnsi
528 559 632 627 torma
654 560 776 649 optima
799 567 899 638 esset,
923 557 1167 643 έξαρεσκεθομαι
1194 556 1258 625 ulto
1273 578 1322 649 pa·

141 675 194 734 cto
228 667 467 745 έακυλθνδσμαι,
500 664 654 744 ἐξοκέλλει
685 675 741 732 aut
771 663 894 752 aliquid
923 663 1111 733 huiusmodi
1143 662 1324 751 significare

142 791 296 858 umquam
327 780 444 859 posset.
501 770 732 860 accipiendum
768 780 816 838 est
851 769 936 858 quod
966 768 1071 838 Codex
1106 767 1324 858 Xenophontis

141 897 227 944 nnus
249 876 381 964 praebet
404 876 659 959 ἐξαρεσκομένους
684 875 740 944 sed
763 877 810 942 sic
836 884 872 943 ut
894 874 1006 943 cadem
1029 874 1224 963 operantia
1246 874 1323 951 θεαῖς

141 1001 199 1070 pro
222 989 286 1058 τοῖς
303 985 379 1057 θεοῖς
401 981 619 1062 rescribatur,
641 982 739 1049 sicuti
764 990 795 1049 ct
821 983 854 1048 in
876 1001 947 1068 cap.
965 980 1004 1047 V.
1029 983 1101 1067 §5.
1125 981 1237 1057 θεοὺς
1259 978 1323 1059 έξα·

138 1087 297 1169 ρέσκεσθαι
322 1087 542 1175 reponendum
567 1109 625 1177 pro
657 1089 776 1163 θεοῖς.
823 1086 950 1154 Certaru
985 1086 1070 1153 enim
1102 1083 1202 1154 tidem
1234 1084 1325 1153 uano

137 1193 308 1276 θρέσκομαι
332 1203 365 1261 et
381 1191 593 1280 ιέξαρέσιιομαι
626 1193 709 1270 θεούς
741 1212 800 1281 pro
830 1191 1021 1273 indemnata,
1055 1199 1089 1259 et
1118 1190 1325 1277 έξαρέσιινμαθ

138 1323 209 1365 τινα
236 1298 335 1380 δώροις
369 1319 427 1386 pro
449 1300 553 1366 πείθω.
602 1296 688 1367 Satis
711 1304 844 1386 apparet
865 1318 903 1364 ex
933 1318 1001 1385 sqq.
1028 1294 1125 1385 plane
1146 1296 1235 1365 idem
1258 1316 1323 1365 esse

139 1402 357 1487 έξαρέσκεσθαι
380 1407 452 1480 τοὺς
476 1405 558 1479 θεούς
583 1412 616 1471 et
638 1407 709 1479 σοὺς
730 1405 813 1480 θεοὺς
834 1402 1030 1471 θλσθσιιεσθαι.

186 1508 222 1574 ln
253 1529 324 1596 cap.
345 1509 398 1576 Vl.
427 1511 446 1595 §
470 1514 502 1577 2.
531 1509 610 1577 latet
633 1510 837 1597 perineptum
861 1508 1120 1576 additamentum
1141 1508 1176 1574 in
1202 1506 1323 1576 inin:

138 1614 163 1680 εθ
187 1614 406 1695 ἐπανέλθωμεν
428 1612 487 1681 tea
512 1616 733 1696 ὁμολογοῦντες
752 1615 978 1694 διεληλύθαμεν
1003 1611 1070 1701 [ἵν’]
1094 1614 1130 1690 iv
1151 1638 1219 1690 πονε
1239 1614 1323 1681 iuvi·

139 1721 220 1800 μεθα
247 1719 465 1810 [πειραθῶμεν]
488 1718 565 1788 οὕτω
588 1721 642 1787 καὶ
665 1722 710 1788 σοὶ
734 1721 831 1787 λοιπθι
854 1718 1005 1798 διεξιέναι.
1054 1717 1223 1802 Quomodo
1241 1718 1322 1786 enim

138 1822 188 1903 ἵνα
215 1828 405 1909 πειραθῶμεν
438 1833 471 1894 et
501 1829 535 1904 ἦν
569 1851 633 1899 ποις
657 1826 813 1904 δυνώμεθα
839 1827 992 1912 coniungi
1024 1843 1181 1912 umquam
1208 1830 1323 1912 potue·

138 1930 242 1997 runt?
278 1933 314 1999 πθ
336 1931 401 2015 γαρ
425 1934 659 2015 πειραθῆναι
687 1935 780 2016 ρ’ᾷςον
811 1932 862 1998 καὶ
887 1931 1005 2007 πανπθς
1026 1933 1090 2001 έςιν
1113 1938 1147 1996 et
1171 1927 1271 1996 rerba
1291 1928 1321 2005 aia

138 2036 363 2119 ancirianam
389 2058 452 2104 non
483 2038 545 2105 nisi
569 2037 665 2104 deca
692 2057 729 2104 re
756 2039 831 2124 poni
855 2045 1011 2125 possunt,
1035 2055 1118 2123 qnae
1141 2033 1261 2103 habeat
1280 2032 1322 2100 in·

139 2150 265 2209 certum
297 2151 459 2211 eventum.
519 2143 674 2230 Suspicor
705 2140 756 2208 ῖνα
784 2146 974 2227 πειραθῶμεν
1005 2143 1091 2208 inter
1121 2160 1241 2208 sersus
1273 2136 1321 2205 ad·

138 2250 297 2336 scriptum
320 2247 360 2315 acl
383 2248 609 2337 explicandum
635 2268 698 2335 qno
722 2268 819 2315 sensu
839 2250 873 2325 ἤν
896 2274 961 2323 πως
983 2248 1140 2328 δυνώμεθα
1161 2245 1323 2313 diceretur

139 2351 254 2420 deinde
273 2354 450 2422 oscitanter
470 2374 541 2421 esse
564 2363 741 2441 receptum.
791 2354 852 2421 Sed
874 2353 1017 2420 nondum
1035 2358 1085 2418 est
1109 2347 1321 2438 interpotandi

140 2457 212 2525 finis
236 2458 337 2527 iacta:
369 2461 402 2526 in
436 2458 531 2526 οὕτω
562 2459 614 2525 καὶ
644 2459 687 2525 τοὶ
711 2460 807 2527 λοιποὶ
840 2459 980 2539 διεξιέναι
1015 2456 1321 2548 [συνομολογοῦντες]

137 2573 297 2650 expuncto
321 2563 451 2631 demum
476 2565 647 2652 participio
671 2567 773 2633 oratio
793 2585 871 2632 sana
895 2566 968 2631 crit.

184 2669 462 2756 Praepositiones,
496 2689 577 2756 quae
613 2670 773 2750 assolent,
807 2669 890 2737 mate
929 2671 1014 2736 inter
1049 2688 1083 2735 se
1121 2674 1319 2756 permutatae

138 2784 214 2842 sunt
234 2775 288 2842 Vl.
313 2780 343 2842 6.
370 2781 403 2841 in
427 2772 551 2842 verbis:
576 2776 692 2859 πθτερα
712 2778 796 2844 δοκεῖ
810 2779 937 2860 οἱρθγειν
960 2783 999 2859 τῇ
1022 2773 1112 2860 χεῖρα
1135 2774 1153 2852 ἢ
1176 2772 1316 2858 ὑφεμέ·

138 2906 219 2959 νους
243 2890 299 2960 τοῖς
322 2887 383 2960 γῆς
407 2882 451 2947 τὰ
469 2881 562 2964 raim
586 2871 829 2966 διαιρὶυλοθττειν.Ι
871 2880 1105 2968 corrigendum
1128 2886 1181 2946 est
1200 2877 1316 2963 θφεμέ·

137 3012 212 3064 νουι.
261 2987 322 3071 Qui
347 2985 430 3053 volet
450 2985 544 3053 tacite
563 2988 739 3074 comperiet
762 2989 915 3073 ἐφίεσθαί
933 3011 1012 3063 τινος
1035 3005 1093 3073 pro
1112 2986 1168 3051 έρῖν
1186 3009 1218 3052 aa
1238 2980 1314 3073 apud

138 3113 250 3160 omnes
286 3102 352 3160 tanr
388 3098 575 3159 constanter
606 3112 703 3180 quam
736 3091 924 3179 frequenter
958 3091 1022 3159 dici
1057 3090 1183 3167 sotere,
1220 3104 1315 3176 neque

137 3200 283 3283 ὑφίεσθαι
305 3206 362 3275 τῆς
392 3206 453 3277 γῆς
477 3218 535 3285 pro
565 3199 621 3274 rip
651 3207 711 3277 γῆν
738 3198 792 3264 tar
816 3218 886 3265 esse
914 3197 1083 3266 Graecum.
1130 3192 1315 3283 Exemplum

138 3323 239 3371 unum
271 3302 439 3382 adscribo,
476 3305 551 3390 quia
579 3303 613 3368 in
643 3303 761 3370 vicinia
796 3304 916 3390 legitur
941 3302 995 3371 VI.
1022 3305 1074 3369 16.
1111 3300 1315 3385 cotenon

137 3414 193 3484 τῆς
217 3414 318 3483 καλῆς
340 3409 460 3491 ὄψεως,
485 3408 515 3474 id
547 3416 597 3476 est
617 3410 673 3485 σῖρν
693 3411 794 3485 καλὴν
817 3409 887 3492 θψιν
910 3409 1061 3475 έοθσαντα.

182 3514 219 3581 Ιιι
248 3533 319 3601 cap.
340 3513 392 3580 Vl.
418 3516 449 3579 9.
481 3510 561 3589 αὕτη
588 3517 604 3591 ἡ
629 3516 763 3597 έργασθα
793 3515 887 3582 ἕδθκει
911 3554 956 3565 -
979 3521 1051 3589 ταῖς
1079 3519 1207 3596 ψυχαῖς
1230 3510 1315 3592 inse

137 3619 295 3703 οῖσχολθαν
316 3619 467 3701 παρέχειν
490 3620 592 3703 φίλων
614 3645 650 3686 τε
673 3622 726 3687 καὶ
749 3620 798 3688 πθ
804 3637 901 3688 λευν
924 3621 1197 3701 συνεπιμελεῖσθαι
1220 3616 1315 3705 suspi-

138 3744 193 3793 cor
216 3744 275 3812 pro
293 3724 412 3791 πόλεων
432 3724 659 3810 corrigendum
683 3746 755 3797 csse
778 3728 908 3801 πόλεως.
931 3725 972 3792 ct.
997 3726 1050 3792 lv.
1076 3730 1106 3792 5.
1134 3724 1188 3791 ubi
1212 3722 1314 3791 eaden

137 3831 235 3899 rerba
265 3830 419 3918 leguntur
445 3837 477 3897 ct
504 3840 592 3898 recte
622 3832 741 3907 πόλεως
768 3834 927 3920 scripturn
955 3840 1014 3898 est.
1062 3828 1196 3897 Videat
1219 3828 1314 3899 xta

138 3945 171 4006 et
194 3941 248 4006 15.
295 3937 420 4004 Dixerit
450 3935 568 4024 aliquis
600 3936 800 4025 singulorum
824 3937 943 4004 civium
965 3956 1035 4003 esse
1058 3935 1178 4011 πθλευε
1200 3956 1314 4001 συνεπι-

136 4044 320 4126 μελεῖσθαι,
356 4039 411 4107 sed
443 4041 624 4129 complures
662 4044 830 4110 notissimo
868 4062 928 4108 usu
969 4042 1166 4109 Graecorum
1203 4041 1316 4128 optimc

137 4149 202 4216 dici
234 4147 295 4223 τοὶς
320 4147 426 4220 πόλεις
455 4148 631 4231 ἐπωφελεῖν
658 4170 715 4236 pro
746 4151 801 4226 ‘ria
833 4152 942 4215 ἑαυτοῦ
972 4149 1062 4215 πθλιν
1091 4143 1216 4222 έναι-ος.
1261 4140 1315 4211 Sed

137 4256 185 4321 sic
214 4251 375 4320 articulus
401 4254 581 4320 necessario
612 4253 717 4322 iuerat
742 4253 942 4321 adiicientes
967 4256 1046 4321 τῶν
1079 4253 1180 4336 φίλων
1209 4247 1313 4319 τεκαὶ

137 4365 204 4427 τῶν
238 4358 354 4426 πθλεων
379 4363 669 4442 συνεπιμελεῖσθαι,
703 4371 739 4430 ut
767 4364 799 4428 in
831 4382 902 4449 cap.
928 4361 982 4427 lV.
1011 4365 1042 4431 5.
1076 4362 1101 4426 οῖ
1127 4363 1252 4428 τοιοῦτοι
1275 4357 1313 4423 δο-
