2940 5010
802 249 866 313 set

236 422 353 489 laetum
376 421 492 489 vitium
524 420 655 489 subesse
682 422 876 509 suspicetur.
924 418 1056 502 Quoties
1089 418 1186 487 etiam
1215 437 1303 486 nune
1334 416 1421 506 apud

238 525 483 595 Demosthenem
507 524 627 611 legitur
655 525 806 610 ἄνθρωπος
830 524 885 592 ubi
910 524 1098 612 Philippus,
1125 532 1159 591 et
1181 522 1268 611 apud
1292 523 1422 591 hesohi·

239 652 313 699 stem
339 631 392 699 uhi
417 630 646 700 Demosthenes
670 652 745 700 oum
769 639 936 698 oontemtu
963 637 996 697 et
1022 629 1095 695 odio
1117 629 1346 715 significatur,
1367 628 1421 695 nhi

239 736 357 805 Orator
377 745 513 823 uterque
539 734 691 818 ἅνθρωπος
715 736 850 803 dixerat.
900 735 1004 817 Quam
1033 754 1128 822 saepe
1155 736 1231 817 θνθρ
1260 735 1295 801 in
1318 732 1421 801 (lomi-

242 862 353 909 eorum
378 842 514 909 senonis
540 841 660 927 legitur
684 842 716 907 in
741 843 861 929 optimo
889 858 1017 927 quoque
1041 838 1178 920 Codice,
1202 838 1257 906 uhi
1280 846 1422 907 metrum

242 947 369 1034 longam
396 945 549 1036 syllohom
578 945 718 1031 postulat
745 955 779 1013 et
800 946 961 1013 sententia
981 945 1041 1012 looi
1065 944 1242 1012 artienlum
1266 944 1423 1031 requirit,

242 1063 280 1119 ut
306 1051 392 1140 apud
418 1052 506 1120 Stoh.
531 1050 598 1117 llel.
622 1050 751 1139 Physie.
775 1051 799 1118 l.
825 1071 866 1118 rr.
893 1056 947 1118 50.

421 1160 527 1239 ἐχθρὸς
549 1158 608 1236 μὲν
629 1158 702 1237 rivin
725 1154 815 1223 duhel
837 1158 893 1233 ritu
916 1155 1012 1230 Δθιιιιν
1035 1155 1129 1235 σέβοι.

241 1261 297 1328 uhi
328 1260 505 1329 Haeremus
536 1281 593 1348 pro
627 1281 686 1327 sua
719 1262 813 1328 metri
846 1260 962 1347 peritia
992 1258 1093 1327 edidit
1123 1260 1230 1343 ἐχθρὸς
1259 1260 1338 1343 ἀνὴρ
1365 1260 1423 1341 μέν

242 1366 428 1433 trochaeum
462 1385 582 1454 ponens
610 1367 643 1432 in
667 1368 772 1453 prima
800 1363 895 1433 sede:
927 1363 1110 1432 emendavit
1142 1361 1248 1430 looum
1283 1362 1423 1433 Guislor·

241 1469 325 1550 dus,
348 1479 380 1539 et
403 1470 488 1559 apud
518 1469 726 1537 Plutarchum
748 1472 780 1537 in
804 1468 947 1537 Aristide
972 1490 1043 1557 eap.
1062 1468 1115 1535 lV.

422 1579 516 1660 σοφὸς
540 1578 604 1659 γὰρ
627 1579 701 1658 ἀνὴρ
723 1586 779 1653 τῆς
802 1576 834 1642 δὲ
856 1576 958 1657 χειρθς
981 1577 1015 1641 oti
1038 1580 1174 1657 sparsis,

239 1680 297 1747 uhi
329 1680 578 1749 Valckennerius
611 1682 642 1747 io
678 1681 779 1748 Diatr.
813 1701 844 1768 p.
869 1684 945 1747 220.
977 1688 1085 1747 uetere
1115 1679 1276 1765 opinionis
1314 1700 1424 1751 errore

242 1788 316 1869 ὡνήρ
340 1788 500 1872 reposuit,
530 1806 613 1873 quae
647 1787 761 1853 lloriea
792 1787 894 1852 erasis
920 1794 990 1863 est,
1022 1785 1164 1851 httieam
1195 1786 1270 1868 ἁνήρ
1297 1787 1425 1873 primus

242 1892 389 1957 restituit
414 1891 615 1959 Sohuelerus.
663 1891 820 1958 Similiter
843 1893 962 1977 passim
990 1899 1157 1977 petentum
1184 1899 1235 1957 est
1264 1890 1298 1956 in
1328 1890 1425 1959 ssodd.

242 1995 392 2061 outuibus
412 1997 444 2061 lu
467 2000 571 2077 οὶνθν,
596 1998 753 2080 ἀδελφός,
777 1996 960 2073 Ἀπόλλων,
984 1994 1066 2061 aliis·
1112 1994 1250 2061 Mullum
1271 1994 1367 2063 aneu
1388 2002 1426 2065 ul

239 2099 335 2168 hodie
365 2101 415 2168 vel
443 2123 460 2168 e
486 2104 589 2189 poetis
620 2101 729 2169 sordes
757 2100 939 2168 istiusmodi
969 2120 1081 2167 omnes
1115 2101 1183 2167 siut
1213 2110 1425 2188 expurgatae.

241 2207 301 2274 llhi
322 2215 463 2274 metrum
488 2206 633 2273 lmrtdem
657 2208 774 2292 retegit
794 2206 904 2273 critici
932 2204 1037 2271 olheio
1059 2225 1118 2270 suo
1138 2204 1345 2291 iunguntur,
1369 2206 1424 2273 uhi

241 2320 382 2379 snetrunt
406 2310 530 2379 salvum
552 2321 601 2379 est
621 2312 730 2378 minus
747 2310 917 2378 attendunt
936 2309 1102 2388 animum,
1126 2318 1163 2377 ut
1182 2310 1215 2376 in
1240 2310 1425 2399 Lysistretn

244 2420 319 2482 166.

512 2526 545 2590 οθ
567 2524 631 2605 γὰρ
653 2524 791 2591 οὐδέποτ’
814 2523 1058 2604 εὐφρανθήσεται

422 2627 518 2707 ἁνήρ,
542 2629 596 2693 εὀὶν
619 2632 663 2708 μὴ
687 2639 726 2711 τῇ
750 2627 874 2706 porussi
898 2629 1059 2709 συμφέρῃ,

242 2732 316 2817 quis
335 2732 524 2818 praesertim
545 2732 728 2799 admonitus
751 2753 812 2798 oon
836 2730 922 2798 videt
949 2733 1070 2818 requiri
1092 2730 1187 2811 θνῆρθ
1234 2730 1307 2798 Alio
1330 2732 1425 2802 modo

243 2839 276 2902 in
300 2836 469 2903 eademne
493 2846 658 2922 peceatum
682 2847 731 2904 est
755 2838 786 2903 iu
811 2836 932 2902 hvihus
963 2858 1009 2903 rs.
1036 2842 1112 2904 out.

332 2938 385 3008 εἶθ’
408 2938 426 3007 θ’
445 2944 480 3019 γ’
504 2944 666 3009 Ἀπόλλων
689 2944 791 3024 ἷοιτρθς
815 2948 848 3022 γ’
871 2944 910 3008 ὢν
932 2942 1037 3009 idedu.
1061 2944 1242 3025 μισθοφορεῖ
1259 2942 1305 3009 dd.

241 3048 296 3113 uhi
321 3046 455 3114 alteram
478 3050 512 3126 γ’
536 3049 691 3115 omittunt
714 3048 786 3113 lihri
811 3048 947 3132 optimi,
978 3068 1143 3134 perperam
1166 3056 1199 3113 et
1220 3058 1337 3117 eontra
1360 3070 1426 3117 me·

241 3163 348 3225 trum.
383 3153 439 3219 sed
471 3154 559 3239 prior
589 3178 630 3232 νε
662 3155 798 3240 pessime
827 3151 969 3219 altuodal
1000 3161 1031 3217 et
1064 3151 1243 3236 magistello
1274 3151 1425 3223 dehetur.

241 3257 486 3327 Entendaudum
517 3268 566 3326 est
596 3256 649 3325 εἶθ’
673 3259 836 3326 ‘Arduum
859 3258 960 3340 θοισρθς
981 3264 1015 3335 γ’
1039 3259 1077 3323 ὢν
1100 3257 1204 3323 idolo.
1251 3255 1366 3327 Obiter
1390 3262 1424 3329 io

240 3362 350 3429 eadem
375 3362 482 3429 iahuln
505 3385 552 3428 vs.
574 3368 649 3430 722.

242 3592 356 3639 reuoca
380 3572 552 3658 fugitivum
574 3575 748 3641 artieulurn
773 3575 867 3652 ἐσμὲν
889 3576 903 3639 l
924 3584 1070 3653 uetustior
1093 3573 1268 3640 Ἀπολλων.
1316 3576 1354 3646 ln
1380 3580 1427 3646 ri·

240 3678 327 3741 oinia
350 3697 396 3743 vs.
429 3684 504 3745 705.
529 3677 769 3764 subindigneris
789 3698 850 3743 oon
874 3699 945 3745 esse
968 3686 1129 3765 receptam
1153 3678 1290 3747 Dohruei
1315 3702 1426 3751 emen·

240 3781 401 3849 dationem
425 3786 627 3851 verissimam
652 3793 684 3851 et
707 3785 911 3870 perspicuam
935 3786 968 3850 in
990 3784 1118 3851 verbis:

1049 3888 1105 3957 cita
1129 3892 1187 3969 μέν
1209 3892 1306 3971 ἐσμεν

284 3992 366 4058 πολὺ
389 3994 599 4074 πρεσβύτατοι
623 3996 746 4062 πάντων
769 3995 927 4076 μοικοθρων.
953 3999 1042 4076 ἡμεῖς
1066 3996 1093 4061 θ’
1116 3999 1154 4070 ὥς
1177 3998 1270 4075 ἐσμὲν
1286 4002 1424 4081 Ἔρυτος

284 4106 411 4171 πολλοῖς
434 4100 544 4176 δῆλον·
569 4102 749 4180 σετθμεσθοθ
772 4127 808 4168 σε
830 4103 893 4183 pop
917 4102 969 4167 sal
993 4110 1089 4167 σοῖσιν
1110 4103 1194 4185 ἐρῶσι
1218 4102 1392 4185 σύνεσμεν.

238 4203 434 4289 quicumque
467 4207 553 4275 enim
582 4205 642 4273 hoe
673 4214 746 4291 aget
778 4206 899 4273 incidet
922 4208 954 4272 in
986 4205 1118 4272 eaodem
1143 4206 1425 4291 emendationem,

239 4328 337 4393 quom
360 4307 523 4377 llohrueus
547 4313 672 4397 primus
695 4319 727 4377 et
755 4311 842 4377 solus
866 4312 1015 4398 protulit:
1048 4310 1103 4379 ὦδε
1126 4313 1184 4391 μέν
1214 4315 1312 4394 ἐσμεν
1343 4319 1425 4385 πολὺ
