2940 5010
702 308 769 371 652

135 489 225 556 πόλει
255 486 306 553 nei
336 486 439 569 φίλοις
471 487 587 548 πολλοῦ
620 479 705 559 ἄξιόν
735 481 781 551 ἔτι
814 480 988 566 οθμμοιχου
1018 484 1202 559 κεκτῆσθαι.
1255 484 1313 555 Neu

137 591 285 659 dissimili
315 589 409 656 modo
440 584 528 651 Plato
556 586 638 653 dixit
669 588 701 652 in
734 583 878 652 Phaedro
914 608 944 674 p.
969 591 1046 655 258.
1070 587 1109 655 A.
1145 590 1313 671 ἱπυυυμθοο

134 702 205 768 οὔτε
229 699 328 771 καλὴν
353 696 423 761 οὔτε
455 690 588 768 ἕποοξιόον
619 694 851 768 κεκτῆσθαι.
898 692 1100 779 luieiiigisue
1119 694 1222 761 eiiam
1246 697 1314 763 stitt-

135 805 202 883 los,
234 822 334 888 quum
360 797 554 885 exquisitum
580 796 706 865 dicendi
737 816 840 882 genus
859 796 912 863 eei
937 801 980 874 εἰς
1003 798 1124 875 κάλλος
1153 802 1313 881 ἠσκημένον

136 930 198 975 non
224 909 303 973 sutis
327 911 496 992 cuperent,
521 924 580 969 sno
599 923 688 969 more
710 901 842 968 turbere
861 914 894 969 et
911 905 1054 990 grassari
1076 904 1246 991 coepisse?
1273 906 1315 975 in·

136 1014 289 1101 terposito
314 1022 433 1077 temere
461 1013 516 1079 κοοθ
549 1010 744 1076 coniunxere
776 1008 829 1074 κοιθ
865 1010 969 1092 φίλοιο
1006 1009 1103 1099 [καὶ]
1139 1010 1317 1097 συμμάχοις

136 1121 325 1195 κοκτῆοθοοι,
360 1119 510 1203 quoniam
545 1118 655 1199 φίλους
688 1115 741 1180 eat
775 1114 969 1198 συμμάχους
1000 1135 1095 1203 saepe
1134 1115 1318 1185 coniuncto·

139 1226 247 1291 videre
272 1224 393 1289 assueri
417 1231 520 1288 eraut.
568 1219 689 1288 Deinde
712 1224 765 1286 κοοὶ
790 1221 878 1288 πόλει
904 1222 936 1286 in
959 1220 1092 1287 eandem
1125 1218 1234 1289 tabem
1262 1230 1317 1291 ln·

137 1341 226 1400 otum
258 1339 307 1395 est
338 1336 369 1393 et
396 1329 441 1394 sie
470 1337 519 1394 est
554 1336 665 1393 uatum
692 1328 744 1393 rei
769 1326 880 1393 τθοιεοο
906 1327 959 1392 καὶ
979 1328 1084 1409 φίλοιο
1118 1326 1174 1393 sai
1200 1328 1318 1409 συμμό-

137 1460 225 1521 xor:
259 1436 404 1512 interea,
440 1440 477 1499 ut
501 1432 609 1509 rides,
634 1431 794 1497 sententia
827 1432 887 1498 ioei
910 1432 1017 1519 periit.
1064 1430 1131 1497 Cur
1153 1432 1201 1499 sit
1222 1431 1317 1521 legen·

139 1544 216 1609 tium
240 1539 292 1607 xxi
318 1540 406 1605 πόλει
433 1539 507 1628 (ιιοιι
532 1536 655 1625 τθλεοι)
681 1538 733 1603 κυνὶ
759 1539 861 1620 Φθλοις
893 1535 1102 1603 ruerriiesluut
1128 1546 1204 1615 est,
1228 1558 1318 1627 quum

139 1649 178 1715 de
203 1668 264 1713 ouo
284 1645 363 1711 lineo
393 1644 564 1720 dicuutur,
597 1644 652 1729 qui
682 1652 713 1709 et
737 1642 777 1709 de
800 1663 866 1728 rep.
892 1650 922 1707 et
948 1642 988 1708 de
1011 1643 1127 1709 eminis
1151 1642 1234 1711 bene
1261 1662 1318 1713 me·

139 1763 261 1823 rentur.
309 1750 384 1816 Siue
409 1748 556 1816 articulis
579 1749 626 1813 sio
650 1747 714 1813 diei
740 1746 842 1813 solere
866 1747 917 1813 κοο)
947 1748 1036 1814 τθλει
1067 1750 1122 1817 ueri
1146 1752 1253 1833 Φίλοις
1273 1768 1319 1817 stt·

141 1857 262 1949 praed
286 1858 459 1923 Hieronem
483 1853 786 1922 demonstravimus.
834 1855 990 1941 Goumara
1020 1854 1153 1921 Memor.
1175 1856 1204 1923 1.
1228 1875 1261 1923 u.
1280 1858 1318 1923 id

140 1976 172 2033 et
195 1966 220 2032 l.
247 1985 289 2031 vr.
315 1968 346 2029 9.

188 2070 222 2137 iu
248 2090 317 2155 cup.
338 2066 375 2132 V.
401 2070 432 2132 θ.
464 2068 552 2146 μθνον
572 2069 625 2133 τὸν
646 2074 822 2148 λοομττῆροο
846 2067 946 2146 ἐγγὺς
970 2067 1220 2148 προσενεγκάτω.
1266 2066 1319 2135 Ne·

142 2196 229 2243 cesse
261 2182 308 2240 est
340 2183 375 2237 nt
407 2198 453 2247 τις
489 2175 671 2251 inseretur,
704 2170 787 2259 quod
823 2191 909 2237 rruuo
936 2172 1067 2258 quidem
1091 2170 1233 2259 intelligi
1263 2190 1319 2239 nou

142 2289 266 2370 potest,
299 2287 334 2343 ut
368 2279 399 2341 iu
428 2278 597 2352 edereedere
622 2278 661 2344 li.
688 2284 751 2356 tl,
782 2278 933 2364 quoniam
971 2278 1068 2344 unius
1098 2286 1229 2345 tontum
1258 2286 1320 2345 erut

144 2388 202 2452 troo
226 2386 331 2450 iacere
355 2384 563 2450 exeuntibus
587 2385 642 2469 qui
667 2383 819 2461 aderaut,
844 2382 1053 2469 quamobrem
1084 2382 1259 2469 legendum
1277 2392 1320 2451 est

144 2492 243 2572 ἐγγύς
271 2488 342 2578 (τις)
369 2489 614 2569 προσενεγκάτω.
664 2488 800 2575 Saepius
823 2515 869 2562 τις
905 2490 1011 2577 perire
1035 2487 1135 2565 solet,
1161 2498 1201 2555 ui
1232 2506 1321 2575 supr&

144 2601 207 2665 inm
230 2596 451 2668 ostendimus,
487 2594 600 2658 autin
627 2590 669 2667 εἷς
694 2593 873 2681 depravari.
921 2594 957 2659 ln
989 2593 1137 2682 Sympos.
1162 2594 1189 2662 l.
1214 2598 1247 2661 8.
1279 2594 1321 2661 dr·

144 2705 252 2780 νοοὶοοιο
286 2700 358 2789 (τις)
390 2704 432 2765 τοο
464 2700 660 2778 γιγνόμενοι,
692 2718 731 2765 ex
762 2698 902 2765 Aristide
924 2725 971 2773 τις
995 2708 1180 2765 revocatum
1206 2708 1272 2779 esi,
1292 2698 1320 2765 iu

144 2805 365 2894 Xenophontis
404 2805 496 2870 liiuis
531 2802 681 2869 omuibus
713 2805 879 2869 omissum.
935 2804 1063 2870 Excidit
1097 2831 1145 2879 τις
1180 2815 1213 2873 et
1244 2802 1321 2893 apud

145 2912 372 2999 Autiphouteru
399 2911 436 2975 V.
463 2916 515 2975 ut.
548 2912 577 2974 ἕν
602 2912 658 2988 μὲν
682 2911 745 2990 yde
767 2912 869 2991 οὶκεςῷ
891 2911 1059 2991 τροθρμοοτι
1081 2912 1134 2976 uxi
1158 2913 1237 2995 ὀργῇ
1253 2936 1322 2995 χρη·

144 3019 294 3099 οοομὲνους
327 3016 379 3082 κον)
412 3018 544 3098 δινοβοο.ῇ
572 3016 763 3095 πειθομένους
799 3015 945 3103 (eureude
975 3016 1164 3105 πυθομένους)
1198 3019 1322 3085 ἔλοοττον

146 3126 208 3195 ἔςιν
232 3123 430 3204 ἐξαμαρτεῖν.
454 3121 631 3201 μεταγνοὺς
656 3121 719 3201 yde
743 3120 788 3185 ἔτι
813 3120 851 3186 ἂν
876 3123 961 3203 θρθῶς
992 3125 1212 3202 βουλεύσοιτο.
1258 3122 1322 3191 Pet·

146 3233 227 3297 sime
256 3236 429 3313 corruptus
461 3228 549 3292 iocus
582 3234 650 3291 est:
683 3226 728 3292 ἔτι
759 3226 797 3290 θον
821 3230 907 3307 ὀρθῶς
933 3236 1044 3292 uatum
1069 3238 1117 3294 est
1143 3248 1182 3295 eu
1213 3228 1324 3295 veum

146 3337 327 3421 scriptume
367 3332 513 3417 reliquiis
547 3340 819 3397 ΕΠΛΝΟΡΘΩΣ
856 3332 872 3361 ⁴
894 3332 911 3363 ⁴
934 3334 969 3409 ⁴,
1006 3332 1038 3397 iri
1083 3342 1133 3399 est
1167 3334 1324 3415 ἐπονορθθ·

147 3439 283 3530 οθοοιτο),
307 3458 371 3524 quo
394 3446 522 3524 recepto
548 3435 762 3521 suppleverint
786 3439 964 3518 μεταγνοὺς
985 3439 1048 3521 γὰρ
1073 3438 1123 3527 (ἄν
1147 3464 1197 3513 τις
1220 3441 1256 3506 τθ
1276 3464 1324 3519 ρο·

146 3546 247 3633 you)
273 3544 524 3623 ἐτονορθθοοιιτο.
561 3541 681 3607 Eodem
706 3545 886 3610 leuteritote
906 3542 1116 3630 interpolator
1138 3544 1234 3630 penio
1256 3554 1324 3612 anto

148 3656 166 3738 §
193 3658 247 3718 90.
281 3648 431 3715 dederat:
464 3648 759 3729 ἀποψηφισαμένοις
784 3652 841 3728 μὲν
866 3651 937 3729 ὑμῖν
961 3651 1036 3727 ἐμοῦ
1068 3656 1118 3715 νῦν
1151 3650 1234 3729 ἔξεον
1257 3652 1323 3719 τθτε

143 3760 277 3842 χρῆσθαι
302 3752 320 3821 θ’
344 3781 373 3821 τι
398 3755 432 3829 δὴ
462 3754 612 3833 βούλεοθο
647 3754 784 3842 (corrige
808 3751 826 3818 θ
846 3780 876 3820 τι
902 3754 940 3820 θον
968 3753 1162 3843 βούλησθε),
1194 3758 1323 3823 duoto-

144 3866 355 3944 ρήοοοοθοιι
387 3861 452 3925 οὐδὲ
483 3860 713 3938 aseendente
747 3860 792 3924 ἔτι
828 3861 895 3941 περὶ
936 3862 1011 3940 ἐμοῦ
1043 3864 1190 3945 ἐγχειρεῖ.
1246 3862 1326 3929 Luce

144 3970 264 4035 elarius
294 3975 343 4033 est
367 3987 424 4053 pro
447 3968 704 4043 circumirentur
729 3962 854 4031 dedisse
879 3964 1044 4033 Oratorem
1073 3968 1252 4034 οἰτολέτοοοι
1278 3966 1327 4045 δέ.

142 4054 390 4162 quodomnium
415 4073 538 4158 priuuu
563 4069 725 4137 iioirraeus
748 4073 918 4157 perspexit.
967 4072 1057 4139 Unde
1077 4074 1179 4157 igitur·
1200 4072 1255 4140 iila
1276 4072 1327 4141 ab·

143 4180 241 4248 surda
266 4178 452 4263 scripturo?
499 4176 617 4263 Nerupe
649 4185 817 4263 supererat
842 4178 873 4242 iu
906 4177 986 4243 iiitro
1012 4188 1138 4245 uetusto
1162 4199 1201 4246 ee
1224 4178 1330 4247 lnoero

139 4297 262 4353 Alton
288 4286 364 4315 *⁴*
380 4288 394 4313 ⁴
420 4292 551 4359 OTAE,
575 4283 657 4369 quod
681 4281 856 4349 Graeculus
877 4282 916 4349 de
940 4305 998 4349 suo
1015 4283 1196 4371 supplerit,
1222 4306 1332 4373 quem·

140 4390 311 4457 admodum
344 4390 397 4456 isti
429 4390 561 4457 inermos
585 4388 712 4476 expiere
744 4387 846 4457 soient
879 4390 1012 4459 seilicet.
1060 4388 1253 4477 Expeditior
1286 4400 1334 4461 est
