2940 5010
647 285 709 347 tut

130 456 169 523 lu
197 461 268 545 57.
301 476 358 543 pre
388 460 532 531 συνῆλθον
562 457 675 543 optimi
700 456 772 523 libri
796 459 905 533 ἐνῆσαν
939 456 1111 537 exhibent,
1141 460 1173 525 in
1206 479 1270 547 qun

80 572 224 648 συνῇσαν
248 560 348 629 intere
379 561 517 630 videtur.
565 562 685 629 Tamen
720 565 887 641 συνῆλθον,
917 581 968 629 me
998 561 1127 642 iudice,
1157 564 1273 631 metior

82 668 251 756 scriptura
273 674 333 735 est.
379 666 583 758 Ceni.§14.

132 772 171 841 lu
199 770 257 839 lli.
289 792 320 838 u.
346 777 398 839 15.
428 775 455 839 οἱ
484 772 624 852 πολέμιοι
654 775 690 840 οὗ
718 775 926 853 προσήλαυνον
955 776 1032 840 ἀλλ’
1066 773 1187 840 ἐθεῶνπο
1217 772 1270 838 καὶ

83 874 219 959 ὅμοιοι
256 872 335 953 ἦσαν
368 878 598 961 θαυμάζειν
633 875 701 945 ὅποι
739 879 815 944 ποσέ
849 878 1014 960 τρέψονται
1049 879 1076 944 οἱ
1107 877 1273 953 Ἕλληνες.

84 980 211 1071 Optimi
233 1002 347 1051 carnes
367 984 537 1067 θαυμάζειν
568 993 718 1062 servent,
739 984 859 1050 caeteri
886 983 1106 1067 θαυμάζοντες.
1152 982 1274 1050 Neutra

85 1088 252 1176 scriptura
275 1108 351 1155 vera
374 1108 444 1156 esse
467 1098 581 1175 petest.
628 1087 733 1155 Foede
763 1097 915 1175 corrupta
949 1097 1019 1155 enat
1053 1087 1218 1156 Graecitas
1241 1096 1274 1156 et

85 1194 288 1284 desipiebant
311 1193 430 1261 Graece
453 1193 631 1261 scribentes
654 1213 754 1281 quum
780 1193 865 1259 ἔοικα
888 1195 1050 1275 ἡδόμενος,
1074 1192 1158 1259 ἔοικα
1180 1195 1274 1260 ἐλεῶν

86 1308 124 1367 et
148 1302 221 1367 sim.
254 1307 430 1387 coeperunt
462 1298 580 1366 dicere.
627 1299 671 1366 Ne
703 1308 775 1366 tum
798 1298 929 1385 quidem
953 1298 1079 1367 dicebat
1102 1299 1273 1386 quisquam

84 1402 187 1487 θμοιθο
209 1406 275 1485 aius
299 1403 474 1487 θαυμάζων.
521 1404 728 1472 Necessarius
752 1414 800 1472 est
825 1406 856 1469 in
882 1403 1000 1471 talibus
1031 1404 1194 1491 participii
1217 1402 1275 1470 da-

87 1510 188 1577 tirus.
232 1508 276 1577 ut
295 1508 380 1575 ἔοικα
410 1508 541 1595 quidem
564 1510 611 1576 sic
640 1511 780 1596 pesitum
815 1508 901 1597 apud
933 1508 1176 1595 Xenophontem
1207 1528 1275 1576 sae·

88 1615 223 1705 pissime
255 1614 383 1701 iegitur.
437 1613 574 1701 Elegans
606 1614 787 1701 exemplum
822 1623 872 1682 est
905 1614 957 1681 tv.
982 1635 1047 1681 mir.
1073 1618 1127 1682 20.
1162 1616 1189 1681 ci
1217 1616 1275 1695 μὲν

88 1720 196 1801 turos
218 1720 392 1795 θθνιδοαθπες
414 1720 535 1804 σφθδρα
567 1721 726 1799 μεθύουσιν
751 1720 907 1803 ἐῴκεσαν,
940 1722 966 1787 οἱ
996 1721 1027 1786 δέ
1057 1720 1139 1787 πολὺ
1170 1744 1275 1801 μαινο·

87 1826 209 1907 nime,
241 1826 268 1893 oi
290 1826 323 1891 bi
347 1825 401 1892 καθ
421 1827 672 1903 ἀποθνήσκουσιν.
720 1824 810 1907 Quod
834 1826 996 1892 Perscnus
1019 1825 1146 1892 iuvenis
1169 1825 1276 1893 admn-

87 1928 168 1997 tlutu
198 1931 338 1999 cuuicuit
361 1927 413 1998 οἷον
444 1930 523 2010 ἦσαν
553 1930 743 2014 θαυμάζειν,
767 1939 816 1998 est
849 1929 926 1996 iilud
944 1930 1075 2016 quidem
1097 1930 1275 2010 Graecum,

88 2032 147 2103 set
180 2054 245 2102 nen
278 2034 440 2123 signiticat
474 2035 507 2103 id
542 2034 627 2123 qued
659 2036 706 2102 rei
739 2043 855 2102 natura
885 2034 1034 2122 postulat.
1089 2035 1156 2101 Nnn
1184 2035 1277 2103 viden

88 2138 168 2227 quid
191 2139 280 2208 uliud
303 2142 351 2208 rei
375 2141 544 2208 conveniat
576 2159 672 2228 quam
704 2137 797 2221 ὅμοιοι
822 2138 899 2217 ἦσαν
933 2138 1150 2223 θαυμάζουσιν.
1204 2140 1276 2209 Plu·

88 2244 225 2313 turcbus
258 2246 292 2311 in
325 2246 502 2312 brtcxerne
532 2265 602 2332 cap.
625 2245 708 2312 vill.
741 2244 781 2312 de
811 2245 979 2313 Clearcbe:
1014 2242 1113 2325 ὅμοιος
1149 2242 1183 2321 ἦν
1217 2248 1277 2315 ὑπὸ

87 2350 172 2427 ’teas
196 2356 257 2419 reis
279 2352 435 2433 παρθνπυν
466 2351 677 2432 ἐκβεβλκκθπι
706 2353 777 2423 ποὺς
800 2350 868 2435 περὶ
900 2359 959 2419 πῶν
983 2349 1060 2418 ὅλοιν
1082 2354 1277 2433 λογισμούς,

88 2465 123 2525 et
144 2474 241 2545 nepe
263 2457 309 2525 ita
331 2454 530 2544 loquuntur,
562 2465 600 2523 ut
628 2455 741 2523 Latine
761 2457 877 2523 ridenti
899 2457 1036 2535 sinaitis,
1059 2457 1174 2523 cimitis
1195 2478 1278 2525 mne·

88 2562 195 2643 cuti,
224 2560 310 2641 alia,
345 2582 404 2649 pre
432 2561 563 2628 ridentis
594 2563 728 2649 speciem
756 2562 911 2648 praebens
942 2561 1007 2630 elici
1041 2562 1131 2629 sciet.
1185 2563 1278 2646 Queri

90 2664 286 2735 Plutarchus
310 2668 343 2733 in
372 2668 483 2735 Artox.
504 2666 618 2734 xxiii.
651 2665 788 2745 scribit,
820 2668 927 2750 κύψας
948 2668 1127 2751 παρέσχε
1159 2667 1278 2748 δόξαν

88 2776 343 2855 προσκυνοῦντος,
363 2772 550 2840 aVeternm
564 2791 626 2839 usu
638 2771 808 2852 abherret,
829 2782 862 2840 et
881 2772 1032 2840 Latinum
1054 2775 1158 2860 magis
1177 2794 1276 2861 quam

90 2876 250 2945 Graccum
274 2886 342 2957 cst,
364 2898 423 2966 pro
451 2874 550 2959 θμοιος
574 2874 609 2955 ἦν
628 2885 841 2959 προσαυνοῡνπι
863 2878 912 2945 vel
942 2883 1156 2962 προσαυνοῦνπι
1180 2878 1277 2961 ἐῴκει.

90 2982 184 3067 Quod
214 3002 313 3071 supra
344 2982 546 3051 ostendimus
577 3002 635 3069 pre
657 2983 741 3067 ἐῴκει
773 2983 897 3050 Atticos
928 2984 1128 3070 antiquiores
1157 2985 1223 3069 ῴκει
1243 2994 1277 3051 et

91 3088 177 3173 Ικιιυ
196 3098 273 3156 aute
295 3088 436 3155 vecaiem
465 3087 601 3165 dixisse,
624 3089 709 3155 etin
736 3087 857 3155 Avibus
885 3092 982 3156 1298.
1006 3090 1058 3157 sci
1081 3089 1144 3171 γὰρ
1167 3090 1278 3173 ῴκειυ

87 3192 197 3277 tanna
231 3194 327 3263 unice
357 3213 469 3260 verum
493 3212 565 3262 esse
584 3212 643 3281 pre
676 3191 768 3272 ἧκεν,
799 3192 883 3279 qued
916 3195 1106 3272 Ravennae,
1129 3202 1162 3261 et
1184 3194 1276 3273 ἧκεν,

88 3296 179 3387 queri
209 3298 352 3366 Venetus
381 3298 463 3365 liber
491 3297 639 3377 exhibet,
672 3296 884 3365 ceniirmatur
914 3299 1129 3367 disertissime
1151 3300 1278 3386 antiqui

89 3402 205 3471 critici
228 3406 432 3483 testimonie,
455 3405 550 3473 cuius
570 3405 718 3471 notitiam
744 3404 855 3470 Pbetie
877 3404 1053 3485 debemus,
1077 3404 1162 3495 apud
1180 3426 1277 3494 quern

86 3510 174 3579 baec
195 3508 366 3599 leguntur:

455 3617 610 3684 Ἤΐκεννε
634 3615 734 3695 ὅμοιος
758 3614 803 3695 ἦν.

90 3722 181 3791 iuter
194 3724 275 3789 Ἥια
295 3728 327 3787 et
340 3718 478 3801 Ἧισμει
499 3722 744 3807 interpositum,
768 3720 883 3789 deiude
902 3730 974 3809 post
992 3721 1101 3790 Ἠϊθυα
1122 3731 1155 3789 et
1173 3722 1280 3790 Ἥκειυ

90 3844 177 3895 nerra
199 3826 305 3914 glossa
329 3825 407 3893 baec
429 3826 657 3912 subiungitur:

224 3934 376 3999 Ἤαεινε
398 3933 434 3999 πθ
457 3931 594 4015 ἐῴκειν
618 3932 669 3999 ἐπὶ
693 3934 795 4014 πρθσου
818 3934 986 4016 προσώπου.
1010 3932 1104 4009 οὕτως

367 4036 583 4122 Ἀριςοφοὶνκς.

90 4140 304 4211 manifestum
325 4152 375 4211 cst
403 4142 572 4229 utrobique
595 4146 678 4228 ῴκειν
701 4164 740 4211 er
763 4143 823 4210 bec
858 4146 928 4231 ipse
957 4144 1079 4212 Comici
1102 4144 1171 4210 icen
1193 4164 1280 4213 snm·

91 4256 165 4317 turn
186 4250 363 4337 genuinam
387 4250 582 4338 scripturam
607 4271 686 4321 esse.
736 4248 825 4335 Quod
852 4252 884 4318 in
909 4251 1020 4321 eadem
1052 4250 1170 4319 ricinia
1195 4249 1279 4338 apud
