2940 5010
652 288 715 349 tta

90 462 148 531 alii
172 462 256 531 rnale
276 469 467 549 spreverunt
490 459 638 527 Editores
661 460 742 541 άρα,
765 456 849 545 quod
875 458 907 522 in
930 458 1090 527 llareiano
1109 459 1191 527 lilino
1209 484 1276 529 ser·

89 578 203 636 ratum
235 577 302 647 est,
334 575 366 633 et
391 566 586 633 Ravennatis
618 564 744 631 Codicis
775 561 929 629 rnendunr
958 564 1050 643 τάμα
1085 566 1118 629 in
1148 568 1173 631 l’
1205 567 1277 649 ἅμα

89 674 241 743 relietum
266 679 466 759 reeeperunt.
514 671 640 753 Quanto
665 671 780 737 molius
804 670 837 735 in
860 668 1034 735 Eeolesioz.
1064 690 1111 735 vs.
1135 676 1189 739 91.

363 778 396 843 el
417 778 481 859 γάρ
504 775 543 842 ἂν
565 786 668 859 χεῖρον
691 775 849 857 άκροῷμιιν
872 772 933 856 άρα

273 882 444 961 ξαίνουσας
468 883 577 961 γυμνοὶ
600 883 626 947 δ’
650 882 699 951 ἔτί
720 904 771 959 μοι
795 880 839 945 τά
863 881 982 946 παιδία.

88 986 298 1057 admisissent
322 987 456 1055 liobraei
481 988 712 1055 correctionem
735 983 823 1064 άμα
846 984 1005 1062 ξαίνουσα.
1052 985 1145 1071 Apud
1172 988 1274 1055 Xeno·

89 1092 243 1181 pliontern
278 1101 446 1181 postquam
480 1095 562 1167 εἰδώς
590 1100 659 1158 erat
691 1090 901 1157 obscuratum
926 1089 1042 1176 aliquis
1071 1088 1111 1156 de
1143 1112 1201 1159 suo
1226 1120 1275 1175 yr-

86 1200 234 1279 γνάσιιων
260 1198 394 1265 addidit.

137 1305 292 1391 Apertum
329 1305 507 1371 sententiae
539 1304 653 1369 vitium
679 1304 711 1367 in
741 1301 776 1365 V.
803 1323 843 1366 vr.
870 1307 924 1368 st,
957 1299 1112 1367 librorum
1144 1324 1274 1393 eorrup-

87 1408 187 1479 lelam
213 1410 379 1495 arguitio
410 1408 535 1476 turbis:
560 1408 655 1475 καλόν
688 1432 739 1485 μοι
770 1407 853 1474 δοκεῖ
884 1400 960 1471 εἶναι
991 1406 1175 1489 σωζομένους
1206 1410 1276 1478 ἔνθα

84 1514 268 1597 βουλόμεθα
290 1516 396 1593 μισθὸν
419 1522 475 1588 τῆς
506 1514 656 1594 σωτηρίοις
686 1511 874 1592 λαμβάνειν.
923 1508 1050 1597 Opiime
1084 1515 1203 1581 senties
1229 1518 1274 1581 vi·

86 1620 195 1698 tium,
219 1621 247 1687 si
277 1639 352 1685 ounr
387 1620 446 1685 lrao
476 1618 613 1685 lectione
644 1616 732 1683 illam
764 1636 954 1703 compones,
985 1635 1067 1703 quae
1093 1619 1172 1686 nrilri
1198 1642 1274 1689 vera

85 1744 159 1793 eada
181 1724 310 1792 videtur·
331 1727 437 1805 μισθὸν
468 1734 506 1807 τῇ
534 1724 668 1808 σωτηρίᾳ
700 1723 967 1803 προσλαμβάνειν.
1014 1722 1186 1810 Postquam
1218 1746 1273 1794 tte-

85 1830 192 1917 gleeta
226 1830 471 1917 praepositionis
504 1828 585 1915 sigla
606 1828 785 1907 λαμβάνειν
807 1829 965 1915 scripturn
994 1836 1043 1893 est
1076 1829 1156 1894 nilril
1186 1832 1275 1899 aliud

86 1945 258 2025 supererat
285 1936 346 2000 nisi
371 1944 407 2001 ut
430 1936 536 2014 prolis
559 1943 615 2009 τοῖς
637 1934 786 2014 σωτηρίοις
817 1934 1051 2017 retingendum
1076 1954 1273 2023 quamquain

85 2060 127 2109 aa
158 2040 321 2128 scriptura
355 2058 486 2126 prorsus
510 2048 558 2105 est
590 2058 686 2105 senso
722 2058 833 2104 vaona
881 2036 1073 2104 Sinnillimus
1107 2040 1196 2108 loeus
1224 2054 1274 2111 est

87 2146 157 2213 Vll.
181 2166 228 2213 ιιι.
255 2151 307 2211 15.
338 2145 365 2211 εἱ
389 2146 420 2211 δέ
443 2147 548 2223 μισθὸν
571 2148 794 2227 προσλήψοιντο
814 2140 933 2225 εὕρημα
960 2145 1055 2212 ἐδόκει
1075 2142 1163 2213 εἶναι.
1210 2160 1273 2215 Μι·

85 2254 156 2321 olle
187 2249 444 2333 προσλαμβάνειν
474 2250 557 2337 apud
590 2249 831 2337 Xenophontem
861 2252 1041 2336 comparari
1073 2251 1198 2319 utiliter
1221 2274 1273 2341 po·

88 2364 249 2425 testeum
275 2355 392 2443 lliplrili
418 2356 486 2422 loeo
508 2355 593 2443 opud
624 2354 738 2424 Athen.
764 2376 794 2441 p.
813 2358 878 2419 ese
903 2354 937 2419 B.

276 2462 313 2528 έῶ
336 2463 426 2542 βοάν.
452 2464 581 2540 πληγάς
605 2462 669 2544 γάρ
693 2461 733 2527 ένι
758 2460 1023 2544 προσλαμβάνειν.

86 2566 207 2635 dadam
230 2586 325 2653 opera
352 2566 436 2633 alius
459 2567 548 2634 loeus
570 2566 742 2654 persimilis
766 2564 880 2633 mendo
910 2564 1042 2633 liberari
1065 2570 1182 2653 poterit
1203 2570 1271 2641 Vll.

86 2690 125 2741 tt.
151 2676 208 2741 3⁰.
238 2672 265 2737 el
288 2672 320 2739 δέ
347 2672 382 2747 δὴ
408 2673 423 2737 l
445 2674 658 2754 συμπαρέχων
678 2675 751 2752 ὑμῖν
781 2671 900 2745 ταύτην
931 2673 987 2746 τὴν
1021 2674 1204 2756 άσφάλειαν
1225 2680 1270 2757 μὴ

84 2778 168 2847 πάνυ
192 2778 290 2845 πολὺν
316 2779 422 2857 psello
445 2779 622 2859 προσετέλει
648 2787 704 2855 τῆς
736 2777 920 2859 άσφαλεέοις
948 2780 1038 2843 τοῦτο
1071 2780 1107 2856 δὴ
1132 2782 1167 2847 τὸ
1195 2786 1270 2867 σχέ·

81 2900 169 2951 τλιον
191 2882 345 2963 solimam
366 2885 484 2956 Μισθὸς
503 2892 559 2957 τῆς
583 2883 767 2966 ἀσφαλείας
792 2902 854 2947 non
882 2882 990 2947 minus
1016 2883 1122 2971 inepto
1149 2885 1270 2954 dieitur

79 3008 183 3079 quam
205 2998 262 3065 τῆς
279 2990 429 3070 σωτηρίας
453 2988 571 3066 μισθός.
620 2987 653 3054 Si
677 2998 716 3071 τῇ
737 2989 905 3070 άσΦαλείςι
928 2988 1086 3073 scriplum
1106 2998 1191 3055 esset
1212 2992 1268 3058 all·

72 3092 162 3183 qnid
186 3094 297 3159 miuus
319 3103 402 3161 esset
427 3094 642 3180 ineptiarum,
674 3100 708 3158 tu
733 3112 809 3157 vero
838 3111 986 3178 expunge
1007 3098 1064 3165 τῆς
1085 3094 1269 3178 άσφαλείας

72 3216 119 3267 ae
154 3197 262 3267 seribe
295 3199 393 3267 πολὺν
425 3200 531 3278 μισθὸν
564 3201 636 3279 πρὸς
669 3197 791 3274 ἐτέλει,
828 3205 863 3262 ut
894 3198 927 3261 in
963 3196 1103 3263 Platonis
1138 3200 1267 3289 Apolop.

66 3320 109 3393 p.
137 3306 184 3371 20
206 3306 243 3371 Α.
278 3306 350 3378 τοὺς
381 3304 462 3378 νέους
492 3306 627 3370 πείθουσι
651 3304 742 3385 σφίσι
775 3300 908 3378 ξυνεῖναι
943 3305 1098 3384 χρήματα
1132 3305 1269 3383 διδόντας

65 3410 133 3479 καὶ
158 3408 254 3493 χάριν
285 3411 359 3492 πρὸς
382 3411 503 3476 ειδέναι.
550 3409 618 3475 Non
648 3417 696 3475 est
717 3409 803 3474 eninr
826 3406 982 3473 Graecum
1016 3410 1181 3490 τρόσοιδα,
1211 3414 1267 3480 soil

67 3532 140 3603 pro
162 3516 238 3596 πρὸς
268 3516 385 3589 τούτοις
411 3515 459 3581 vel
492 3515 614 3596 προσέτι
640 3516 671 3579 in
697 3513 815 3579 talibus
847 3514 1004 3579 usitatum
1038 3523 1087 3580 est
1116 3516 1190 3599 τράς
1214 3540 1269 3606 po-

71 3638 182 3699 aare,
204 3618 329 3707 deque
353 3640 387 3686 re
410 3618 502 3705 plura
531 3619 677 3685 dicemus
699 3618 740 3684 od
765 3618 1033 3698 Demosthenem,
1063 3622 1157 3689 ouius
1182 3643 1268 3692 nune

69 3742 185 3793 unum
218 3734 345 3793 tanturn
377 3724 482 3791 loonrn
513 3723 660 3793 adscribo
695 3746 733 3791 en
758 3722 845 3791 Orat.
867 3725 996 3791 xxvtt.
1021 3730 1074 3792 68.
1110 3728 1162 3793 καὶ
1195 3734 1267 3810 τρδς

75 3832 139 3899 ὑπὸ
161 3830 277 3899 τούτων
302 3831 525 3915 ὑβριζομένους.

134 3936 172 4003 Ιιο
203 3934 306 4025 852.
338 3956 435 4023 quarn
472 3935 642 4002 nrolestnm
677 3938 721 4001 sit
753 3936 865 4002 πολλοι
897 3936 929 4001 in
963 3934 1068 4003 rorlris
1104 3938 1179 4015 ὁμοῦ
1210 3941 1267 4017 μὲν

75 4042 162 4116 ὅπως
190 4040 328 4131 [πολλοὶ]
354 4080 418 4119 -—‚
443 4043 685 4115 διασπασθέντες
709 4042 741 4107 δέ
762 4042 945 4107 admonitus
968 4042 1106 4106 seniles:
1131 4042 1158 4106 sl
1188 4043 1267 4129 quid

79 4156 166 4213 esset
189 4144 372 4214 addendum
397 4148 513 4223 πάντες
539 4149 764 4234 potiusquam
790 4148 900 4213 πολλοί
921 4145 1113 4213 adderetur:
1138 4146 1193 4212 sed
1218 4150 1265 4213 ni-

80 4250 125 4317 lril
148 4272 249 4338 opus:
276 4254 308 4318 in
330 4256 403 4333 έμοῦ
428 4258 511 4327 ὄντες
534 4263 610 4320 sunt
639 4255 757 4319 ornnio.

132 4358 170 4425 ln
202 4355 304 4446 356.
338 4379 400 4427 non
435 4370 483 4427 est
513 4358 731 4446 Xenophontis
764 4379 878 4425 manns
919 4359 1179 4424 ἐδεδοίκεσαν
1209 4362 1263 4433 τὴν
