2940 5010
632 268 693 334 707

63 446 222 534 cuiusque
245 445 403 511 sententia
428 443 599 531 componit.
648 443 706 516 Ubi
728 445 788 511 hoo
811 444 945 512 dixisset
978 435 1153 531 Xenophon
1174 436 1246 514 Plu·

10 626 13 647 Ι
61 552 200 621 turchos
223 570 264 633 ne
287 548 411 615 addidit
434 549 580 636 quiulem,
606 558 641 615 ut
663 550 696 615 in
717 549 798 616 libro
821 550 970 617 omnibus
995 559 1080 616 noto.
1127 550 1248 636 Nempe

61 656 152 725 huuc
173 656 294 722 librum
318 675 429 722 ornoes
450 675 506 741 pro
528 655 755 740 Xenophonteo
776 656 920 740 legerant
953 665 1028 721 ante
1048 656 1247 723 Demetrium

60 764 263 851 Bogudem,
287 763 342 847 qui
366 762 491 848 primus
522 763 665 826 ottroiuor
687 763 740 826 οὐκ
764 762 824 844 ἔφη
859 758 936 828 εἶναι
972 768 1161 844 Ξενοφῶντος
1192 761 1249 835 τὴν

61 868 231 945 'Moralem
254 869 305 933 καὶ
334 868 584 945 Λακεδαιμονίων
612 870 790 945 πολιτείαν,
816 877 896 933 teste
918 868 1057 954 Diogene
1080 867 1186 934 taen.
1208 866 1248 932 ll.

63 978 120 1043 tto.
168 974 331 1041 Disertum
359 982 407 1038 est
432 972 553 1061 Polyhii
587 975 808 1038 testimouium
831 973 883 1038 vt.
909 978 963 1038 ru.
996 972 1080 1050 ἄξιον
1103 975 1249 1047 ἕτιςῆοαι

63 1086 130 1155 nic
154 1083 181 1146 ol
199 1081 383 1157 λογιώτατοι
406 1085 463 1143 τῶν
483 1079 623 1167 οὶρρραέοιιρΙ
644 1080 854 1162 συγγραφέων
872 1083 1027 1163 Ἔφορος,
1053 1086 1251 1162 Ξενοφῶν,

62 1185 300 1263 Καλλισθένην,
335 1182 469 1250 Πλάτων
493 1186 548 1259 τὴν
572 1192 692 1266 Κρητῶν
727 1187 886 1252 πολιτείαν
910 1186 1016 1265 ὁμοίαν
1040 1184 1092 1250 καὶ
1116 1186 1171 1260 τὴν
1195 1183 1251 1249 αὖ·

62 1292 124 1369 τὴν
145 1287 226 1357 εἶναί
247 1297 329 1373 <uuor
353 1298 392 1372 τῇ
416 1297 475 1355 τῶν
499 1291 770 1370 Λακεδαιμονίων,
793 1311 833 1358 ex
854 1311 917 1378 quo
937 1291 1036 1359 simul
1059 1289 1252 1377 intelligitur

61 1396 196 1467 nonnisi
220 1403 369 1481 excerpta
403 1394 623 1483 Xenophontai
648 1397 753 1483 operis
776 1407 921 1478 exstare,
954 1398 1047 1464 utin
1071 1395 1190 1483 quihus
1213 1393 1254 1461 de

62 1500 271 1569 Cretensium
303 1520 369 1586 rep.
397 1499 485 1567 nulla
508 1503 639 1567 omnino
664 1500 699 1567 tit
732 1504 863 1570 mentio.
911 1503 1086 1586 Δημήτριος
1109 1499 1125 1567 l
1154 1499 1252 1579 mop-

61 1630 140 1686 ιιρρ,
176 1606 271 1673 homo
305 1606 483 1673 multarum
521 1606 727 1687 tioerorum,
760 1608 906 1675 Ciceroni
941 1606 1106 1694 aequalis,
1146 1605 1253 1672 Attico

54 1714 167 1781 ortam
192 1711 359 1778 familiaris
385 1712 463 1801 (vid.
483 1712 674 1779 Schcurleer
695 1712 734 1780 de
756 1714 918 1781 Demetrio
938 1714 1084 1800 Magnete
1109 1732 1179 1799 pag.
1197 1710 1252 1799 ὅ),

62 1817 271 1887 ιΙιέιεοίοοεεο
294 1818 495 1904 Xenophonti
520 1817 577 1884 hos
604 1817 728 1885 libellos
749 1819 878 1886 videtur
901 1818 1000 1885 simili
1024 1817 1090 1886 lere
1113 1817 1152 1884 tle
1175 1835 1252 1883 cau·
1350 1829 1352 1833 ’

62 1944 103 1993 n
135 1934 232 2011 atque
264 1924 423 1990 Diuorelro
455 1927 633 1990 orationem
659 1924 744 1991 κοντοὶ
768 1925 978 2004 Δηροοέένονι
1012 1922 1097 2010 apud
1133 1923 1251 2010 Diony·

62 2032 154 2099 oium
173 2029 338 2098 llalicarn.
364 2049 432 2116 cap.
459 2035 487 2095 t.
521 2030 611 2096 Tom.
633 2030 670 2093 V.
697 2051 726 2116 p.
746 2034 825 2098 632.
859 2031 966 2097 lleislr.
992 2029 1069 2096 uhi:
1093 2030 1145 2094 καὶ
1170 2028 1253 2108 νομί·

63 2162 148 2207 σειεν
170 2134 209 2201 ἄν
232 2161 301 2214 τις,
327 2136 454 2221 iuquit,
477 2136 591 2212 εὐήθεις
623 2132 794 2209 εἶναιτοὺς
825 2135 1046 2216 ὑπολαβόντος
1076 2134 1128 2200 τὸν
1158 2133 1253 2212 λόγον

63 2244 120 2313 τὸν
145 2243 231 2310 κατὰ
255 2242 465 2319 Δημοσθένους
489 2237 566 2308 εἶναι
588 2243 708 2307 τούτου.
733 2243 813 2308 πολὺ
833 2243 897 2322 γὰρ
926 2240 1044 2322 νέιτέχει
1067 2246 1120 2306 τοῦ
1151 2264 1253 2322 χαρα·

64 2356 186 2430 κτῆρος.
234 2346 353 2412 Eodem
380 2349 481 2432 igitur
503 2345 597 2411 modo
620 2347 767 2432 suspicor
793 2346 862 2411 illos
883 2344 1006 2411 libellos
1037 2344 1163 2426 erudito
1186 2344 1252 2410 Cri·

63 2454 134 2523 tlco
168 2453 253 2517 visos
284 2471 354 2517 esse
386 2453 521 2533 ἀντέχειν
553 2457 607 2517 τοῦ
642 2451 863 2534 Ξενοφωντείον
894 2461 1113 2534 χαρακτῆρος,
1149 2469 1253 2536 neque

62 2558 223 2627 orationis
253 2556 500 2643 Xenophonteae
531 2556 671 2623 colorem
694 2565 727 2622 et
761 2556 905 2623 habiturn
938 2557 971 2622 in
1009 2557 1048 2621 iis
1081 2575 1252 2643 apparere:

62 2664 107 2735 tle
137 2662 320 2731 cuiusmodi
346 2682 380 2728 re
409 2682 526 2749 anceps
560 2661 731 2728 admodum
764 2682 833 2729 esse
868 2661 948 2729 solet
980 2660 1161 2740 iudicium,
1197 2661 1252 2726 uhi

60 2770 149 2841 aliae
181 2785 293 2834 omnes
324 2769 424 2842 τέςεις
455 2766 573 2834 desint.
620 2766 688 2832 Non
712 2787 782 2834 esse
814 2766 905 2833 uobis
938 2765 1024 2832 illam
1055 2766 1251 2833 criticorum

62 2875 293 2945 auctoritatem
330 2894 523 2960 magnopere
555 2874 850 2951 extimescendam,
886 2872 1077 2958 praesertim
1120 2891 1253 2948 eorum,

36 2982 124 3071 »qui
145 2980 233 3047 circa
255 2979 309 3045 illa
332 2986 478 3064 tempora
511 2980 682 3057 vixerunt,
706 2979 786 3044 satis
815 2985 951 3044 constat.
1000 2976 1101 3057 Quem
1127 2986 1253 3044 moveat

62 3084 197 3157 oceotttt
217 3087 250 3150 in
274 3083 329 3149 tali
353 3104 388 3149 re
410 3083 566 3149 iudicium
592 3091 647 3148 aut
667 3084 812 3171 Dionysii
834 3082 1147 3149 Halicarnassensisi
1173 3083 1253 3164 Quis

51 3210 221 3281 :umquam
244 3190 359 3278 Lysiae
382 3190 558 3255 orationem
584 3188 652 3270 περὶ
675 3194 729 3254 τοῦ
754 3195 847 3264 οιρκοῦ
869 3189 1001 3276 eripiet,
1023 3187 1098 3253 olim
1124 3189 1152 3254 ei
1176 3208 1252 3254 cum

58 3297 180 3369 multis
202 3295 275 3361 aliis
299 3294 338 3361 ab
362 3295 511 3381 imperito
533 3293 652 3360 Critico
676 3293 912 3370 abiudicatam‚
947 3303 983 3360 ut
1005 3293 1138 3360 Photius
1162 3292 1253 3360 doce·

60 3402 113 3473 hit
136 3404 171 3469 iu
192 3399 341 3468 Bibliotlr.
366 3400 439 3466 Cori.
460 3404 535 3466 262.
566 3420 597 3485 p.
621 3403 696 3466 489.
731 3399 828 3464 Bell.
854 3399 1057 3477 Demetrius.
1084 3419 1179 3485 quem
1203 3418 1251 3465 re·

60 3509 225 3579 coctiores
250 3515 376 3571 tautum
403 3526 463 3570 non
493 3525 605 3572 omnes
629 3512 828 3590 sequuntur,
862 3505 1015 3572 Veterum
1042 3506 1173 3570 ornoino
1197 3524 1252 3572 ne·

62 3614 148 3683 mini
172 3611 370 3701 persuasisse
395 3610 534 3676 vitietur.
585 3609 799 3687 Plutarchus,
831 3611 887 3696 qui
919 3630 1161 3696 nonnumquam
1195 3611 1252 3676 De·

64 3717 185 3789 metrio
208 3726 290 3785 teste
314 3719 436 3795 utitur,
460 3715 646 3794 inhaere,
671 3725 708 3781 ut
731 3715 893 3793 uidimus,
916 3713 988 3781 eius
1012 3715 1167 3780 iudicium
1189 3734 1253 3781 oon

62 3823 204 3893 curavit.
253 3823 507 3908 Harpocration,
542 3822 597 3907 qui
623 3830 655 3886 et
681 3822 747 3907 ipse
779 3820 934 3887 Demetrii
966 3817 1065 3885 libros
1093 3817 1253 3886 lectitarit

64 3938 99 3999 et
120 3924 251 4006 laudat,
276 3936 383 4014 spreto
408 3927 494 3993 illius
520 3926 637 3992 iudicio
662 3926 693 3990 io
720 3946 748 3992 v.
773 3924 875 4007 Μέραι
908 3924 1070 4011 componit
1099 3925 1252 3991 Aristote-

63 4034 130 4103 letn
152 4034 183 4100 έν
209 4043 248 4116 τῇ
273 4033 525 4111 Λακεδαιμονίων
550 4034 694 4116 πολιτεία
718 4052 792 4096 cum
816 4029 1025 4116 Xenophonte
1056 4027 1088 4094 ἓν
1119 4039 1158 4113 τῇ
1182 4043 1251 4095 Λα·

62 4141 163 4209 norun
186 4141 352 4223 τολιτεέρ,
379 4148 410 4205 et
433 4158 532 4225 quum
555 4137 655 4202 soleat
678 4135 789 4203 sedulo
812 4156 908 4203 surium
933 4134 958 4201 ri
982 4135 1105 4213 γνήσιος
1129 4133 1251 4201 adscri-

61 4244 163 4324 uere,
187 4246 257 4311 siue
282 4244 345 4309 ulta
371 4243 563 4329 suspicionis
587 4250 662 4308 nota
686 4244 820 4330 apponit
853 4240 1071 4327 Xenophontis
1094 4239 1190 4308 uerba
1213 4260 1254 4307 ex

62 4352 119 4421 Xl.
146 4357 177 4420 4.
225 4350 384 4419 Similiter
417 4349 527 4416 Pollux
549 4348 600 4416 Vl.
637 4352 712 4418 lli.
756 4347 1093 4431 αὐτοτχεδιοὶζοιν
1126 4346 1178 4414 καὶ
1213 4348 1252 4421 τέο

977 4450 1034 4490 oo*
