2940 5010
627 323 669 386 37

236 495 453 577 ταριχοπώλου
474 493 558 562 ποίνυ
581 499 680 562 καλοῦ
703 520 739 562 τε
759 496 901 575 κάγαθοῦ

237 601 343 666 τιλτὸν
365 599 495 679 stercor
517 599 602 679 ἄξιον
625 602 771 683 tressis
794 602 874 669 δυοῖν

236 708 379 787 ὀβολοῖν,
401 703 434 772 ὃν
453 709 508 774 οὐκ
531 705 571 773 iso
596 706 844 791 καταφάγοιμεν
868 710 984 790 ἡμερῶν

237 817 323 895 τριῶν
343 811 398 890 ἤδη
422 811 635 889 κατεσθίοντες
655 813 791 880 δώδεκα·

238 917 447 1001 ὑπερμέγεθες
469 915 532 1000 χοίρ
555 919 625 989 isi.

55 1022 92 1092 In
114 1022 229 1091 Codice
248 1032 298 1092 est
319 1024 374 1103 ἤδη
398 1025 634 1092 κατεσθίοντεσ“
658 1022 872 1103 accressere,
899 1042 962 1090 non
979 1021 1066 1111 qued
1081 1021 1247 1091 Bekkerue

54 1128 214 1197 Meinekio
232 1129 420 1197 affirmavit:
444 1130 500 1208 ἤδη
517 1131 729 1205 κατεσθίοντες
752 1127 921 1210 tressera.
969 1130 1124 1197 Pervetus
1143 1129 1248 1215 igilur

56 1242 106 1302 est
134 1234 212 1304 haec
241 1235 444 1323 interpolatio
472 1243 506 1302 et
528 1235 711 1323 corruptela
739 1234 919 1313 librorum,
950 1254 1047 1323 quam
1078 1232 1248 1308 maniiestc

55 1338 176 1408 indicio
200 1349 365 1418 tenemus,
391 1340 550 1409 Graecum
573 1343 660 1410 enim
684 1349 734 1409 est
756 1342 791 1408 in
814 1340 870 1408 tali
889 1359 924 1408 re
947 1336 991 1417 είς
1012 1341 1068 1419 ds,
1092 1341 1139 1411 δί’
1157 1338 1246 1420 θντε,

56 1453 140 1529 τρεῖς
161 1445 264 1526 ὄντες,
288 1457 322 1516 et
344 1447 547 1515 Nicostratus
570 1446 724 1516 dederat:

327 1556 416 1636 τριῶν
438 1554 653 1629 κατεσθίοντες
674 1556 759 1627 ίντες
780 1551 922 1619 δώδεκα.

57 1656 218 1744 quomodo
239 1659 434 1748 Hermippus
456 1657 539 1726 dixit
561 1657 647 1747 apud
674 1658 790 1727 Athen.
813 1657 900 1724 Vlll.
926 1659 1004 1725 544.
1028 1657 1066 1724 ll.

54 1765 127 1839 τοὺς
150 1765 207 1845 μὲν
228 1763 277 1847 ἄρ’
292 1763 411 1841 ἄλλους
425 1766 569 1850 οἰκουρεῖν
584 1775 686 1848 χρῆν,
711 1765 848 1844 πέμπειν
865 1764 897 1831 tl
914 1762 1075 1831 Νθθιππον
1093 1760 1136 1831 ἕν’
1152 1760 1244 1843 θντα,

57 1877 115 1936 aut
134 1869 365 1958 Aristophanes
384 1872 417 1937 in
439 1871 554 1958 Vespis
577 1874 655 1938 693.

626 1973 767 2054 ξυνθέντε
788 1975 825 2042 τθ
843 1978 984 2056 πρᾶγμα
999 1973 1046 2041 tt·
1066 1975 1134 2042 ὅντε

104 2078 336 2146 ἐσπουδάκατον
355 2078 424 2165 κᾷθ’
446 2083 486 2155 ὤς
507 2081 602 2163 πρίον’
622 2078 637 2146 ὃ
659 2080 718 2160 μὲν
736 2078 844 2158 ἕλκει,
867 2079 927 2146 δῖ’
949 2080 1156 2147 οίντενίδυκε.

58 2184 127 2275 (ubi
152 2184 309 2272 Bergkius
331 2182 487 2253 debuerat
504 2184 696 2273 palmariam
716 2183 851 2270 Reisigii
874 2183 1163 2252 emendationema
1186 2185 1246 2252 llo-

56 2290 154 2358 braec
169 2290 336 2378 probatam
352 2292 510 2378 recipere,
526 2290 631 2377 quiin
647 2298 809 2357 ΠΡΙΟΝΟ
827 2287 928 2358 latere
941 2288 1022 2356 vidit
1037 2299 1248 2371 ΠΡΙΟΝΘΟ,

57 2395 91 2464 id
113 2402 162 2464 est
184 2399 223 2471 ὡς
247 2396 359 2479 πρίονθ’
383 2396 397 2462 t
420 2395 479 2475 ρθν
501 2395 582 2484 orl.)
604 2395 730 2481 etquis
753 2413 817 2461 non
841 2414 936 2482 saepe
958 2396 1004 2462 ita
1023 2393 1152 2463 locutus
1171 2395 1246 2463 esti

57 2501 141 2569 ilinc
175 2500 381 2588 Aristophani
414 2500 579 2569 subveniri
613 2508 718 2589 potest
747 2500 995 2589 interpolatione
1028 2509 1180 2591 corrupto
1211 2499 1246 2569 in

56 2606 230 2695 Equitibns
253 2609 343 2674 269...

668 2707 749 2788 είθες
772 2707 809 2779 σί
830 2712 1003 2796 ὑπέρχεται

237 2818 366 2901 είσπερεὶ
389 2819 537 2901 νίροντας
561 2820 647 2899 ἡμᾶς
671 2817 724 2884 καί
748 2818 1008 2898 κοβαλικεύεταις

56 2922 112 2990 ubi
140 2924 342 2991 certissimus
375 2925 468 2991 testis
502 2924 692 3002 flascones,
732 2922 881 3006 νίροντας
915 2924 969 2991 καὶ
1000 2923 1244 3005 κοβαλικεύεται

18 3082 25 3095 .
54 3028 198 3109 exhibet,
222 3028 493 3117 quemadmodum
509 3027 595 3097 idem
616 3030 650 3096 in
674 3027 935 3097 Acharnensibns
955 3033 1031 3096 221.
1053 3036 1161 3097 serrat
1179 3026 1242 3097 lec·

25 3212 27 3220 ⁴
53 3135 175 3203 tionem
203 3135 340 3218 μηδίπερ
362 3135 512 3218 γέροντας
537 3136 684 3232 ἐκφυγὼν
707 3134 895 3215 Ἀχαρνέας.
951 3133 1041 3201 idem
1072 3133 1244 3222 utrobique

54 3241 171 3308 vitium
195 3248 245 3308 est
267 3239 378 3308 eodem
402 3238 495 3307 modo
519 3247 633 3321 natum
656 3245 690 3307 et
711 3236 888 3305 tollendum
909 3257 1050 3327 quoque:
1071 3257 1186 3327 nempe
1207 3246 1245 3306 ut

55 3346 109 3415 bic
132 3345 217 3434 apud
238 3366 348 3414 omnes
367 3352 455 3412 recte
472 3324 627 3411 scribitur
648 3343 785 3427 μηθθπερ
805 3344 953 3427 γέροντας
975 3342 1090 3423 θντας,
1113 3344 1161 3412 sic
1177 3344 1244 3412 illic

55 3450 298 3520 rescribendum
325 3449 455 3533 ὡσπερεὶ
479 3449 628 3532 γέροντας
658 3448 760 3525 ὄντας.
820 3448 882 3532 Qui
906 3449 1054 3519 dodicem
1082 3451 1244 3519 Veretum

55 3558 186 3644 scripsit
209 3556 248 3624 de
271 3577 329 3624 suc
352 3560 437 3638 ἡμᾶς
458 3555 677 3643 interpolavit,
701 3564 738 3623 ut
759 3557 880 3643 passim
904 3554 1151 3645 Aristophanem
1166 3556 1243 3625 leri·

54 3661 116 3729 bus
140 3662 334 3729 coniecturis
364 3682 422 3729 suo
442 3661 577 3728 arbitrio
598 3660 739 3729 retinxit.
784 3660 905 3730 Eodem
926 3660 1020 3729 modo
1043 3662 1129 3751 apud
1151 3662 1244 3731 Nico·

55 3776 195 3835 stratum
218 3765 354 3835 futiliter
373 3767 490 3855 aliquis
516 3768 572 3846 ἤδη
601 3768 759 3846 inseruit,
789 3776 997 3855 caeteraque,
1023 3788 1126 3856 quum
1149 3777 1243 3837 vetus

55 3874 218 3962 scriptura
235 3894 297 3940 non
313 3875 392 3942 satis
407 3882 593 3962 appareret,
610 3871 822 3941 conformavit
834 3882 871 3941 ut
883 3875 997 3962 potuit.
1033 3873 1244 3942 simillimum

54 3981 172 4047 vitium
204 3979 366 4046 incertum
396 3980 576 4046 scribarum
606 3998 647 4045 an
674 3977 845 4047 Editorum
869 3977 1065 4068 negligentia
1091 3977 1244 4066 deturpat

56 4085 225 4154 Teleclidis
244 4083 440 4152 versiculum
464 4083 549 4173 apud
572 4080 742 4153 Scholiast.
761 4085 922 4174 Aristoph.
947 4082 1143 4171 Thesmoph.
1165 4086 1241 4155 168.

372 4192 449 4257 αλλ’
471 4194 489 4270 ἡ
512 4190 650 4260 resera
674 4192 877 4274 οιλικιίκβ

56 4297 171 4365 lacuna
188 4296 295 4364 etlod.
317 4297 503 4366 Rauennate
522 4298 689 4386 suppletur
703 4297 800 4365 simul
817 4306 850 4365 et
868 4318 930 4365 non
950 4295 1135 4386 suppletur,
1152 4314 1243 4365 nam·

57 4423 119 4491 que
138 4406 233 4474 nauci
254 4424 316 4473 non
338 4403 489 4492 estquod
508 4403 596 4473 illinc
613 4403 753 4473 afferunt
772 4405 990 4486 βλελθθκραι,
1014 4405 1047 4473 in
1064 4405 1242 4492 quescrip·
