2940 5010
697 256 762 321 alt

139 450 213 503 rare
233 430 349 500 solitus
370 428 495 515 siquid
516 427 619 497 obiter
639 429 740 496 animi
760 447 859 497 causa
878 431 1022 499 suaviter
1042 440 1077 503 et
1095 432 1241 504 iucunde
1258 454 1323 505 aar·

139 558 213 607 rare
232 543 345 624 potest.
391 532 625 601 nominabatur
648 534 713 600 illis
737 536 936 622 temporibus
958 537 991 604 in
1014 537 1223 608 eruditorum
1241 540 1326 609 nan

138 643 306 725 ποοροὶδοονς
331 639 383 707 illa
404 639 572 715 dilaceror
593 641 647 708 aad
670 642 897 722 πεπλασμένη,
920 661 1004 729 quae
1026 642 1200 713 historiam
1221 664 1326 715 tamn

138 761 304 836 gestarum
339 754 372 813 et
401 764 593 831 magnorum
627 746 772 813 virorum
800 750 884 814 vitas
918 749 1052 835 impune
1090 750 1325 841 corrumpebat.

138 854 350 942 Perspicuum
374 859 425 917 est
448 848 637 918 Strabonem
660 870 720 918 sua
742 871 782 919 ex
809 851 920 919 eodem
951 851 1040 923 iente
1066 854 1218 925 bauaima
1246 856 1327 927 aab

138 959 328 1046 Diogenem,
352 954 408 1023 sed
430 954 469 1023 de
488 976 565 1035 suo,
590 965 627 1024 ut
646 965 831 1025 narratores
848 955 969 1036 solent,
992 957 1149 1028 adiecisse
1170 960 1327 1042 nonnihil,

137 1084 202 1152 quo
233 1062 419 1130 auditorum
449 1062 551 1129 animi
582 1063 686 1149 magis
713 1071 1004 1131 commoverentur.
1051 1062 1204 1135 &crates
1228 1067 1328 1137 aaut·

139 1169 291 1257 phontem
315 1167 536 1245 vulneratum,
559 1187 597 1234 ex
620 1186 704 1255 equo
726 1166 911 1256 delapsum,
942 1168 1012 1236 suis
1042 1170 1113 1257 ipse
1142 1168 1329 1241 humarisa

139 1272 283 1362 periculo
311 1272 427 1340 extulit
454 1274 507 1339 ael
538 1272 649 1340 team
672 1273 724 1339 ἐπὶ
746 1276 881 1349 πολλοὺς
905 1276 1027 1350 collove
1049 1272 1105 1350 hcc
1127 1275 1329 1357 &ademi

137 1382 245 1463 φυγή,
269 1398 407 1465 quorum
419 1398 520 1465 quum
532 1377 652 1444 oculati
669 1386 769 1445 testes
789 1377 870 1445 nibil
889 1380 1021 1447 omnino
1031 1379 1192 1461 viderint,
1210 1390 1244 1449 et
1262 1382 1328 1471 ipsa

138 1485 187 1551 rei
207 1492 370 1551 naturaei
388 1482 588 1572 Thucydidis
606 1484 829 1550 testimonium
847 1483 901 1551 lV.
920 1488 964 1551 96
984 1486 1108 1572 potiora
1125 1486 1222 1555 uobis
1236 1496 1331 1557 mat

139 1608 236 1676 quam
265 1587 433 1659 Strabonis
461 1589 639 1655 auctoritas
668 1588 772 1655 obiter
802 1589 866 1655 ista
885 1591 1076 1677 attingentis
1094 1598 1147 1671 et,
1178 1600 1217 1661 ut
1237 1593 1273 1661 iu
1294 1614 1329 1663 re

140 1714 202 1761 non
225 1712 360 1780 magna,
382 1693 653 1760 inconsideratius
677 1695 832 1761 incertam
857 1693 976 1762 lauram
997 1697 1173 1783 sequeutia.

185 1799 254 1867 lam
278 1798 354 1866 olim
376 1799 489 1867 Gracci
518 1807 550 1866 et
574 1799 719 1865 oxnnium
753 1798 893 1867 maxime
922 1801 1134 1869 Athenienses
1155 1801 1190 1868 in
1215 1802 1330 1871 talibus

139 1914 232 1972 crant
242 1906 398 1984 λογοποιοί
408 1904 447 1972 ad
461 1924 535 1972 eum
549 1902 679 1970 modum
690 1953 699 1981 ,
711 1923 806 1990 quem
820 1904 1061 1992 Theophrastus
1078 1925 1151 1994 cap.
1165 1905 1251 1974 Vlll.
1266 1916 1330 1977 tam

139 2009 244 2097 lepide
275 2008 415 2076 traducit
447 2018 479 2077 et
508 2008 702 2076 Plutarchus
735 2010 767 2074 in
803 2007 994 2077 dulcissimo
1030 2008 1139 2079 libello
1167 2012 1236 2097 περ)
1260 2014 1331 2083 dir·

138 2117 286 2199 λεοχίοοο.
335 2115 476 2202 Vestigia
509 2113 607 2180 huius
636 2114 819 2200 ingeniosae
848 2115 989 2182 levitatis
1017 2115 1136 2204 ubique
1158 2117 1272 2199 obvia,
1292 2138 1330 2188 ex

140 2241 203 2308 qua
236 2221 328 2307 copia
354 2221 507 2306 quoniam
538 2218 578 2286 ad
610 2220 715 2305 ipsum
748 2219 990 2306 Xenophontem
1022 2241 1061 2288 ea
1090 2242 1143 2289 res
1174 2225 1330 2313 pertinet,

142 2346 244 2393 uuum
270 2325 410 2393 delibare
440 2326 541 2391 iuvat.
587 2324 719 2392 Constat
747 2324 968 2412 Xenophontis
992 2326 1096 2394 lilium
1127 2327 1277 2419 Gryllum
1299 2333 1330 2399 iu

140 2430 261 2518 proelio
284 2431 477 2497 llantinensi
499 2449 583 2495 anuo
604 2432 670 2497 362
694 2429 869 2498 fortissime
898 2441 1097 2518 pugnantem
1129 2434 1329 2505 occubuima

140 2534 186 2601 ut.
216 2536 352 2602 Pausan.
384 2535 468 2604 v111.
502 2556 544 2601 rx.
576 2541 627 2602 tu.
675 2536 720 2603 lla
749 2537 811 2601 viri
842 2535 945 2622 gloria
974 2535 1230 2605 celebratissima
1261 2538 1328 2608 luit.

140 2640 312 2707 certarunt
343 2642 375 2707 iu
407 2640 508 2730 Grylli
540 2640 689 2706 laudibus
719 2640 908 2707 extollendis
936 2641 1087 2729 capitalia
1118 2644 1269 2728 ingenia,
1298 2646 1329 2712 iu

141 2745 209 2825 his,
235 2755 271 2812 ut
306 2745 391 2813 lama
413 2755 480 2826 est,
504 2747 573 2833 ipse
594 2746 769 2823 isocrates,
792 2747 828 2813 πὸ
849 2747 881 2814 δέ
905 2772 935 2814 πο
956 2750 1009 2814 aa}
1037 2747 1132 2830 πεπρ)
1163 2748 1330 2833 χειριζόμε-

142 2876 202 2932 νον,
225 2872 321 2939 quem
352 2872 485 2919 necesse
511 2860 559 2917 est
591 2853 831 2937 octogenarium
865 2861 935 2920 tum
967 2851 1068 2920 luisse
1091 2854 1119 2919 si
1143 2853 1225 2940 quid
1246 2853 1330 2923 stra·

140 2957 217 3025 boni
241 2978 278 3026 ac
302 2958 435 3043 Diogeni
463 2955 641 3024 credimus:
673 2966 707 3023 at
733 2958 813 3023 ratio
845 2957 966 3023 evincit
995 2958 1161 3044 sexaginta
1193 2978 1252 3026 sex
1277 2968 1331 3027 aut

141 3073 262 3151 septem
288 3083 388 3130 anuos
410 3073 481 3130 tum
513 3062 611 3128 luisse
639 3072 762 3128 natum.
810 3063 846 3130 ln
880 3062 1102 3150 Euphranoris
1132 3063 1330 3135 nobilissima

141 3167 268 3249 tabula,
291 3189 354 3256 qua
371 3188 512 3256 pugnam
533 3176 716 3254 equestrem
736 3167 776 3234 ad
797 3168 990 3235 llantineam
1011 3167 1218 3255 depinxerat,
1239 3178 1331 3247 mant

141 3276 370 3357 γνωριμώτατοι
405 3275 540 3358 Γρύλλος
572 3299 608 3340 πε
643 3274 657 3339 d
694 3279 883 3357 Ξενοφῶντος
905 3309 951 3324 -
974 3274 1027 3340 νον)
1059 3277 1329 3355 'crepandum

141 3380 279 3446 Pausan.
297 3381 322 3446 l.
344 3400 389 3446 ru.
408 3385 439 3445 4.
487 3377 597 3444 Nobile
621 3377 722 3466 Grylli
744 3399 840 3465 prope
863 3378 1058 3444 ldantincam
1085 3390 1330 3451 monumentum

142 3484 263 3552 stabat:
287 3488 367 3562 ςῆλν
385 3509 421 3550 πε
440 3485 494 3551 ocal
518 3486 592 3564 ἀνὴρ
616 3484 732 3557 ἱππεὺς
756 3484 998 3567 ἐπειργασμένος
1030 3485 1093 3556 teto
1116 3484 1167 3551 ἐπὶ
1189 3497 1230 3571 τῇ
1254 3490 1331 3575 erit·

140 3590 276 3672 Γρύλλος
298 3591 312 3655 i
337 3597 526 3673 Ξενοφῶντος
551 3590 687 3655 Pausan.
713 3588 793 3657 Vlll.
818 3609 860 3655 rx.
881 3595 913 3656 6.
937 3597 971 3655 ct
993 3589 1077 3657 Vlll.
1098 3609 1141 3656 ιι.
1166 3595 1199 3658 6.
1247 3593 1329 3661 ideu-

140 3695 202 3763 dax
227 3706 336 3763 autem
363 3704 563 3782 posterorum
594 3696 757 3774 arycanda
778 3693 896 3761 lamam
922 3696 1047 3783 peperit
1069 3695 1109 3761 ab
1131 3696 1201 3783 ipso
1222 3696 1329 3790 Gryllo

140 3800 395 3890 Epaminondam
429 3800 521 3867 letale
554 3798 672 3866 vulnus
701 3802 875 3887 accepisse.
922 3802 1142 3888 irripueruut
1168 3801 1255 3871 banc
1286 3804 1328 3873 ia·

140 3928 224 3974 mam
257 3906 373 3994 cupide
404 3906 617 3973 Athenienses
645 3916 677 3972 et
707 3906 866 3986 Thebani,
900 3908 952 3974 κον)
979 3909 1139 3985 ’Aidoneus
1165 3909 1198 3975 ἐν
1228 3908 1326 3979 ἵππον

138 4013 233 4097 μάχῃ
259 4013 359 4102 (recte
380 4012 498 4079 ἱππέων
517 4012 657 4078 correxit
685 4011 829 4078 liindori.
856 4011 896 4078 ad
919 4011 1041 4079 Hellen.
1055 4013 1123 4080 Vll.
1144 4034 1173 4080 v.
1202 4015 1257 4105 16)
1279 4019 1327 4085 rh

138 4118 388 4198 Ἐπαμεινώνδαν
419 4118 603 4200 reppererat
636 4117 770 4201 Φονεύων
796 4117 932 4200 Γρύλλος
956 4123 970 4183 d
994 4126 1203 4203 Ξενοφῶντος,
1230 4130 1267 4188 ut
1287 4120 1326 4189 lo

139 4226 251 4310 quitur
278 4224 426 4292 oculatus
457 4224 548 4291 testis
577 4225 752 4291 Pausanias
783 4224 836 4291 lx.
860 4244 910 4290 xv.
933 4229 971 4303 6,
996 4246 1091 4313 quern
1111 4225 1222 4294 conier
1245 4226 1324 4294 Vlll.

136 4348 178 4394 ει.
205 4337 223 4398 6
248 4339 279 4399 ot
304 4334 335 4397 6.
385 4329 516 4398 veriora
542 4330 758 4399 llantincuses
778 4339 810 4397 ot
831 4329 1075 4400 Lacedaemonii
1099 4333 1325 4421 perhibebant,
