2940 5010
697 287 762 348 too

145 458 261 527 hande
284 458 510 545 interpolatum
533 458 619 545 apud
651 457 879 547 Thucydidem
896 455 947 523 IV.
973 463 1026 524 oo.
1048 456 1260 523 indicavimus
1282 455 1322 522 ad

145 563 319 654 Hyperidis,
350 565 527 631 orationem
562 563 741 631 funebrem.
795 563 830 628 ln
866 561 976 629 eodem
1011 566 1030 648 §
1064 563 1182 649 iegitur
1213 581 1321 628 errore

145 669 331 737 manifesto:
366 671 418 736 καὶ
443 672 560 745 τούτοις
582 674 658 750 τιμή
682 696 729 744 τις
753 672 860 747 ἐπείη,
883 668 988 743 οἵτινες
1020 670 1187 742 πλείους
1219 669 1321 746 μετοί-

146 800 215 849 κους
243 775 457 853 ἀποδείξειανε
493 796 565 841 nam
599 777 668 862 ipsu
701 777 746 842 rei
776 785 889 841 natura
921 776 1065 850 πλείςονς
1097 772 1257 861 postulat,
1290 779 1335 838 ut·

145 880 201 948 ΙΙΙ.
227 886 267 946 5:
300 884 326 947 εἰ
350 883 381 947 δὲ
405 882 457 948 καὶ
479 880 564 947 ttae
587 882 736 962 προτιθείη
760 905 807 955 τις
830 878 892 953 ἀςις
916 881 1100 946 δικαιότατα
1123 878 1175 945 καὶ
1199 876 1323 958 τάχιτα

144 986 269 1068 hearpath
303 986 345 1053 τά
376 988 570 1071 ἀμφίλογα,
602 997 633 1053 et
657 988 703 1052 sic
726 1007 837 1051 omnes
863 986 980 1072 passim
1015 984 1087 1051 inde
1118 982 1158 1048 ah
1187 981 1323 1047 Homero

143 1091 329 1179 loquuntur.

191 1197 259 1264 Una
285 1196 426 1264 litterula
454 1206 604 1284 corrupta
627 1206 677 1265 est
696 1197 752 1265 111.
780 1206 819 1264 1;
843 1197 930 1263 ναυσὶ
954 1196 1110 1269 καλλίςας
1138 1194 1191 1260 καὶ
1214 1196 1323 1276 topa-

142 1303 284 1376 λεςάτας
306 1304 463 1385 ὑποδοχάς
483 1303 570 1385 ἔχει,
593 1301 667 1370 ἀπον
684 1311 718 1384 γ’
738 1304 800 1374 icto
821 1301 1063 1384 εἱοορμιεάέντας
1087 1300 1208 1377 ἡδέως
1232 1296 1322 1365 ἕνεκα

143 1415 293 1491 χειμῶνος
326 1409 553 1476 ἀναπαύεσθαι.
600 1410 757 1495 Loquitur
782 1429 831 1475 res
856 1410 924 1494 ipsa
947 1416 980 1472 et
1003 1406 1120 1472 clamat
1144 1426 1201 1492 pro
1231 1406 1321 1482 ἡδέως

144 1522 292 1601 oportere
312 1517 406 1587 ἀδεῶς
431 1515 606 1593 substitui,
639 1513 722 1602 quod
746 1515 795 1580 vel
819 1513 922 1578 solum
945 1510 1034 1577 ἕνεκα
1058 1513 1209 1594 χειμῶνος
1233 1509 1323 1575 addi-

145 1627 214 1685 tum
240 1618 390 1686 declarat.
437 1619 529 1687 Nulla
554 1628 729 1706 tempestas
750 1619 836 1685 iliam
861 1619 1057 1685 secumtotem
1079 1616 1208 1683 torhere
1231 1634 1324 1702 posse

143 1724 192 1791 sic
214 1723 344 1790 dicitur.
391 1724 557 1790 Contrario
580 1743 689 1790 errore
709 1724 793 1810 apurl
818 1724 989 1790 Isocratem
1014 1724 1048 1787 in
1071 1719 1179 1788 hutid.
1205 1724 1223 1806 §
1250 1726 1323 1788 1111.

144 1828 280 1895 Urbinas
302 1828 449 1896 exhibet:
475 1833 610 1908 ἡγοῦμαι
632 1832 658 1894 δ’
681 1830 764 1907 ὑμᾶς
787 1829 901 1902 ἀδεῶς
923 1829 963 1896 ἀν
985 1831 1116 1894 ἀκοῦσαι
1139 1847 1197 1912 pro
1218 1825 1321 1902 ἡδέως.
1425 1834 1427 1838 ’

186 1932 343 2001 Coniusae
367 1943 443 2000 sunt
462 1935 502 2002 de
527 1955 615 2001 more
635 1935 886 2021 praepositiones
909 1934 941 1999 in
967 1933 1021 1998 ΙΙΙ.
1045 1938 1081 1998 5:
1104 1935 1143 2005 ἀς
1163 1934 1208 2009 μὴ
1230 1935 1321 1998 ἀπο-

142 2040 313 2106 ιιωλύετάαι
332 2042 488 2107 ἀποπλεῖν
508 2042 560 2106 τὸν
579 2039 782 2120 βουλόμενον,
806 2040 862 2125 qui
881 2040 967 2105 eninr
989 2039 1076 2104 obire
1098 2037 1248 2103 volentem
1265 2047 1323 2105 aut

142 2153 353 2211 coenaturum
378 2153 435 2210 aut
456 2144 675 2231 proiecturum
697 2143 803 2210 odiose
825 2144 938 2210 detinet
967 2145 1061 2230 eique
1085 2143 1119 2207 ia
1142 2164 1230 2208 moro
1260 2153 1324 2222 est,

143 2249 338 2335 quominus
361 2247 392 2313 id
417 2248 501 2335 quod
525 2259 600 2335 agat.
612 2251 723 2316 statim
750 2258 902 2336 peragat,
926 2249 1047 2315 dicitur
1066 2248 1171 2314 Attice
1195 2250 1322 2316 κωλύειν

143 2354 232 2431 τινά,
266 2362 323 2420 aut
354 2354 568 2421 κατακωλύειν
591 2356 733 2431 ἀπιέναι,
767 2358 943 2433 ἀποπλεῖν,
974 2356 1121 2427 δειπνεῖν,
1150 2353 1323 2433 ἀνοίγεσθαι

143 2467 176 2527 et
207 2461 280 2525 sim.
314 2460 408 2526 cuius
438 2460 484 2526 rei
515 2470 589 2525 nota
618 2468 695 2526 sunt
724 2458 868 2545 exempla
898 2459 982 2546 apud
1015 2459 1260 2545 Aristophanem
1291 2468 1325 2527 et

142 2564 231 2630 aiios.
286 2565 398 2651 ltaque
435 2564 609 2650 Xenophon
644 2573 680 2630 ut
714 2565 745 2629 in
779 2562 988 2631 Oeconomico
1012 2564 1081 2630 xii.
1115 2571 1145 2632 1.
1181 2565 1323 2633 dixerat:

141 2670 231 2737 ἀλλά
262 2673 306 2750 μή
338 2696 375 2736 σε
409 2671 660 2737 κατακωλύω
688 2670 811 2736 ἀπιέναι
844 2672 898 2747 ἤδη
934 2670 1139 2750 βονλόμενον;
1170 2671 1217 2738 sic
1247 2670 1322 2737 111.

142 2773 262 2841 dixisse
285 2772 413 2841 vitietur
434 2779 474 2849 ἀς
496 2779 542 2856 μὴ
573 2777 920 2843 κατακωλὺεσάαι
953 2777 1109 2842 ἀποπλεῖν
1135 2778 1188 2843 τὸν
1214 2777 1324 2855 βουλό·

184 2904 242 2946 νον.

140 2904 334 3052 mhinitum
370 2988 490 3072 negotii
525 2987 687 3054 facessivit
722 2987 956 3074 interpretibus
992 2986 1080 3053 locus
1104 2987 1156 3053 tt.
1181 2993 1222 3054 t:
1257 2989 1324 3056 otte

140 3093 249 3173 otoo
268 3092 363 3165 οὐδεὶς
387 3100 450 3165 τοῖς
474 3093 769 3176 ἐπισκευαζομένως.
817 3090 1032 3159 Schneiderns
1055 3094 1174 3178 optime
1205 3093 1323 3161 Graece

142 3199 248 3264 sciens
272 3199 374 3263 sensit
410 3197 566 3285 »intelh'pi
587 3199 697 3264 dehere
722 3218 801 3285 quoe
823 3197 1016 3264 reficiuntur
1038 3220 1130 3284 opero
1152 3200 1186 3265 ia
1213 3222 1323 3286 orpora·

141 3301 284 3390 tisodiois
304 3311 395 3368 anteo
418 3302 573 3369 desertc.''
621 3302 682 3369 Seu
708 3323 768 3368 non
794 3305 942 3370 contenit
963 3302 1022 3369 hoc
1047 3305 1225 3371 sententiae
1252 3305 1323 3372 ioci.

144 3405 205 3473 Hic
237 3427 363 3493 quoque
396 3409 481 3475 κατά
516 3408 691 3475 intercidit.
746 3408 907 3476 Emonia:
943 3410 1323 3492 ε’πικαταοκεναζομένοις.

142 3510 226 3593 Quid
257 3513 300 3577 sit
331 3514 362 3577 iu
394 3514 531 3579 metaliis
555 3513 843 3597 κατασκενάζεσθαι
874 3513 1004 3599 colliges
1036 3535 1074 3580 ex
1100 3519 1118 3600 §
1144 3522 1181 3581 11
1208 3526 1240 3583 ct
1266 3522 1320 3582 22.

140 3624 173 3681 et
204 3615 257 3681 lv.
284 3620 339 3682 28.
372 3617 456 3685 uncle
491 3629 622 3705 apparet
658 3619 897 3705 Xenophontem
935 3619 994 3686 hoc
1033 3619 1160 3687 dicere:
1197 3631 1319 3688 tantam

140 3740 211 3787 esse
234 3723 359 3807 argenti
389 3725 421 3787 in
454 3724 590 3790 metaliis
621 3726 743 3811 copiam
769 3733 805 3790 ut
829 3745 923 3791 neruo
947 3725 1105 3801 invideat,
1137 3728 1165 3792 si
1199 3729 1253 3813 qni
1282 3729 1324 3795 cd

140 3848 178 3893 eo
202 3827 372 3893 exercendo
404 3829 443 3892 iis
467 3832 522 3915 qni
547 3840 639 3896 antea
666 3842 852 3898 exercerent
875 3833 945 3896 rioci
964 3832 1117 3897 accedant.

188 3931 222 3997 In
247 3932 304 3999 lii.
329 3938 369 3998 t:
393 3935 511 4012 ἀγαάδν
534 3936 565 4001 δὲ
588 3935 640 4001 καὶ
664 3970 710 3984 ·-
732 3939 747 4002 ε’
756 3937 798 4003 πὶ
833 3936 942 4021 ξενία
965 3937 1027 4006 ἔςιν
1057 3933 1108 4002 ὅτε
1135 3941 1321 4020 καλεῖσθαι,

140 4037 242 4104 miror
266 4036 465 4105 Diodorfium
490 4060 553 4105 uon
580 4042 756 4109 correxisse
786 4043 836 4108 ἐπὶ
869 4040 1013 4119 ξένια.
1035 4040 1119 4128 quod
1154 4043 1248 4109 unice
1272 4065 1320 4112 ve-

138 4163 212 4211 rum
236 4163 306 4210 esse
330 4145 361 4207 in
386 4164 423 4209 ea
447 4165 482 4211 re
506 4148 692 4227 nuncsatis
715 4156 850 4214 constat.

184 4249 358 4316 1111111.
389 4270 488 4335 qurum
523 4250 691 4318 manifesto
724 4255 875 4319 vitiosum
907 4253 950 4318 sit
980 4252 1112 4335 τοσούτῳ
1144 4253 1183 4319 ἀν
1213 4263 1318 4321 πλεῖον

137 4356 190 4421 καὶ
220 4354 375 4432 εῐτάγοιτο
404 4356 468 4441 [καὶ
499 4354 656 4445 tityon]
689 4360 740 4425 καὶ
767 4360 976 4439 ε’κπέμποιτο,
1001 4359 1055 4424 aiii
1082 4379 1248 4455 perperam
1271 4362 1320 4425 ε’κ·
