2940 5010
1343 130 1346 175 t

717 262 779 326 ιον
1342 204 1346 353 i

145 438 200 526 qui
231 437 263 504 in
293 434 438 525 Lysiaeis
468 432 718 508 circumfertur.
750 431 836 501 undo
864 440 957 503 retus
985 433 1102 502 vitium
1129 442 1312 523 comparatu
1342 428 1346 579 p

144 542 339 631 Antiphanis
361 539 449 609 iocus
473 539 649 608 tollendum
669 559 739 608 esse
760 538 964 607 monstrabit.
999 538 1094 629 Apud
1116 538 1244 631 Lysiam
1264 540 1315 607 odi·
1337 582 1346 727 p

145 658 201 715 tur
226 648 268 715 li.
293 646 318 737 8
343 651 373 714 7.
402 646 589 729 πέμψαντες
619 648 753 729 κήρυκας
783 647 899 714 ε’ῖέοντο
927 649 1029 714 αὐτῶν
1058 645 1163 713 dodum
1189 646 1244 721 rin
1269 651 1315 713 sir

144 760 251 836 νεκρῶν
271 752 435 834 accipent.
484 751 741 839 Expungendum
761 771 831 820 csse
855 750 1030 819 articulum
1053 753 1110 830 rib
1133 758 1169 819 et
1191 770 1242 819 ονε
1263 751 1314 839 ipa
1342 738 1346 765 ;

145 857 238 927 docet
261 866 294 926 et
315 855 516 945 Antiphanes
542 855 747 924 confirmabit
768 857 854 946 apud
878 855 993 925 Athen.
1018 856 1071 924 Vl.
1097 860 1174 925 aaa.
1199 857 1234 925 b.
1344 900 1346 905 -

372 961 489 1053 (ῖχῖῶς)
510 960 598 1030 ἕωλον
621 961 753 1043 κείμενον
774 963 822 1030 δύ’
842 964 958 1045 ἡμέρας

369 1072 387 1147 ἣ
410 1075 510 1150 τρεῖς·
533 1067 626 1149 adhoc
648 1069 675 1135 δ’
698 1069 754 1136 ἕνον
776 1072 846 1137 τοτ’
867 1070 981 1145 ὧνκτῖρν
1001 1068 1123 1154 τυφλόν

368 1171 492 1255 λάβοιτ’
519 1174 633 1242 &usur
653 1180 715 1242 τῶν
735 1180 844 1257 νεκρῶν
864 1175 1037 1257 οῖνοοῖρετον.

144 1284 176 1348 et
199 1279 387 1368 saepissime
406 1281 439 1347 in
463 1278 626 1347 historicis
645 1279 767 1368 legitur
788 1282 891 1349 δοῶνοο
912 1277 962 1349 rel
981 1281 1081 1347 οῖτεῖν
1099 1279 1253 1361 desiperes
1271 1284 1316 1345 τῶν

143 1391 268 1467 νεκρῶν,
293 1393 329 1450 ut
352 1384 437 1473 apud
461 1384 607 1474 Thucyd.
632 1386 688 1452 ΙΙΙ.
712 1392 786 1453 115.
808 1384 880 1465 ἦλθε
904 1383 999 1468 stipo}
1019 1384 1176 1466 οῖνιῖρετνν
1199 1385 1317 1460 adriam

143 1497 202 1558 τῶν
225 1493 350 1573 νεκρῶν,
373 1489 459 1579 quod
483 1490 707 1559 Demosthenis
737 1511 836 1560 causa
863 1490 1036 1571 admoneo,
1068 1488 1155 1577 apud
1177 1488 1319 1578 quentin

143 1596 288 1663 oratione
318 1595 387 1679 τερῖ
417 1598 600 1675 ’Λκοννήτον
631 1617 662 1684 p.
690 1601 754 1674 86,
785 1601 816 1665 9.
848 1598 962 1664 vitiose
991 1594 1114 1663 editur:
1146 1600 1253 1663 τοῦτον
1278 1596 1319 1661 rb

143 1700 240 1785 ἄνδρα
267 1701 379 1777 ἐκεῖνος
402 1741 448 1756 -
469 1703 634 1771 &aternus
661 1704 713 1771 κοῖ
746 1704 807 1770 οὐδ’
839 1703 993 1785 οῖνοοῖρετον
1019 1700 1129 1769 ἔδωκεν
1157 1698 1209 1769 ἵνα
1231 1706 1318 1785 τοφί.

144 1806 348 1895 Quamquam
377 1807 455 1875 haec
486 1809 590 1875 oratio
620 1828 685 1874 non
714 1816 765 1875 est
795 1808 835 1876 ab
864 1808 934 1897 ipso
956 1805 1173 1875 homosthcno
1194 1806 1320 1894 scripta.

143 1921 250 1980 umen
275 1912 315 1980 ah
338 1932 375 1981 eo
397 1915 516 2001 scripta
540 1922 606 1992 est,
630 1913 686 2001 qui
710 1913 756 1981 itti
778 1912 941 2002 popularis
964 1920 997 1979 ct
1025 1911 1170 2001 aequalis
1192 1916 1320 1990 enabat

142 2016 183 2087 ad
205 2038 259 2085 eos
281 2017 408 2095 hahita,
435 2020 491 2107 qui
513 2019 594 2086 satis
620 2018 766 2087 sciebant
789 2018 867 2108 quid
892 2026 976 2087 esset
1003 2018 1065 2086 οὐδ’
1087 2016 1244 2101 οῖνοιῖρετνν
1262 2016 1319 2083 ito

142 2149 212 2191 κεν.
236 2126 422 2212 supervenit
441 2123 497 2191 diu
517 2131 589 2212 post
603 2123 739 2203 sciolus,
763 2126 819 2213 qui
835 2125 886 2193 ῖνοι
901 2130 993 2210 τροφῇ
1013 2122 1055 2191 de
1071 2142 1130 2191 suo
1149 2120 1320 2209 adscripsit

187 2228 305 2296 h'orma
328 2230 464 2297 barbara
486 2229 637 2317 deturpat
660 2228 844 2299 foedissime
873 2230 980 2299 locum
1005 2226 1171 2317 Aristoph.
1194 2229 1229 2297 in
1250 2228 1319 2295 Prot

143 2354 189 2401 vs.
215 2340 288 2404 175.

323 2442 377 2519 ἤδη
401 2447 512 2525 τροφεῖ
532 2465 563 2509 το
586 2445 713 2521 marina
735 2439 804 2524 τερῖ
828 2443 881 2508 τὸν
903 2438 1061 2524 ὀμφαλόν.

141 2541 222 2609 nihii
246 2552 296 2611 cst
320 2545 443 2612 certius
474 2564 570 2632 quam
598 2546 706 2629 τρέφεν
729 2566 800 2614 esse
822 2545 1078 2625 emendandum,
1101 2552 1140 2613 ut
1161 2545 1194 2613 in
1216 2542 1319 2633 fragm

142 2649 240 2717 Arist.
264 2649 349 2738 apud
374 2649 450 2717 Poll.
475 2652 515 2718 X.
540 2656 596 2718 44.

320 2756 400 2836 οῖριοο
422 2756 543 2836 τέλος,
565 2757 678 2837 τῖμον
699 2756 807 2840 τρέφεν
830 2758 886 2833 rto
908 2757 1051 2841 νοτεροῖς

140 2869 173 2930 ot
192 2860 387 2949 Antiphanis
407 2861 493 2950 apud
516 2859 711 2930 tuentii
740 2866 814 2930 123.
838 2862 873 2928 B.

320 2968 354 3036 οὖ
378 2966 442 3049 reip
464 2970 560 3036 κοικῖν
582 2966 647 3052 ἔχω
670 2967 743 3048 μηδ’
766 2966 889 3049 ἔχοιμ’.
913 2968 969 3035 ἐὰν
991 2967 1018 3034 δ’
1039 2962 1103 3050 ripa
1126 3032 1130 3039 .

321 3073 421 3158 ςρέφρ
441 3098 483 3155 με
506 3071 574 3157 rapi
595 3074 652 3150 τῖρν
673 3071 784 3156 rastp'
808 3072 827 3149 ἣ
853 3076 906 3140 τὸν
927 3072 1076 3158 oppam

320 3178 408 3261 τοροῖ
433 3178 590 3262 Φερτοῖτον
613 3177 780 3253 burcharde
800 3175 850 3248 ἒτῖ
870 3202 922 3259 ροον
941 3177 1105 3261 δραχμῆς,

140 3292 173 3351 ct
192 3282 265 3351 aliis
284 3280 373 3349 locis.
421 3290 551 3369 Στροφῶ
575 3293 684 3353 autem
705 3302 839 3371 prorsus
861 3282 1036 3351 barbarum
1056 3288 1125 3360 est,
1146 3280 1324 3370 pumina·

141 3408 228 3455 mam
259 3396 349 3455 certa
378 3388 572 3457 Graecitatis
597 3389 706 3457 texet
733 3387 881 3475 analogia
908 3389 1048 3475 respuit:
1081 3386 1145 3456 alia
1174 3389 1260 3458 ratio
1279 3394 1342 3475 nt,

139 3493 310 3561 verborum
330 3496 557 3580 οῖοοκοτροφεῖν,
579 3502 783 3580 χειρονομεῖν,
810 3496 1030 3579 ἱπποτροφεῖν,
1051 3494 1204 3578 ρ’νοτοκεῖν,
1227 3494 1326 3577 mah

139 3606 263 3684 φορεῖν,
279 3600 475 3682 ἀνθολογεῖν,
492 3603 688 3686 οῖκοφῖορεῖν,
705 3601 843 3670 aliorum
860 3609 1103 3681 sexcentorum,
1118 3620 1204 3689 (μιν
1221 3598 1328 3669 onu'!

138 3725 178 3773 ex
201 3703 370 3773 adiectivis
399 3707 583 3794 compositis
610 3715 784 3796 propagata
814 3714 909 3787 sunt,
939 3706 1156 3791 οῖοκοςρδΦνο,
1177 3692 1326 3792 atatim

137 3819 212 3895 φεῶν
239 3819 299 3879 etc.
328 3809 385 3879 scd
412 3812 520 3900 ipsum
549 3819 768 3897 scameratam
797 3812 969 3880 barbarum
1002 3819 1052 3879 est
1080 3817 1179 3899 atqtm
1208 3818 1328 3893 νορεεῖν,

137 3924 262 4001 τροφῶν
285 3925 349 3984 otc.
389 3916 558 4005 singulare
580 3925 631 3986 est
652 3925 767 4004 φορεῖν.
809 3915 988 3985 Productac
1010 3916 1133 3987 inomao
1154 3924 1234 3985 sunt
1255 3941 1327 4003 ερον·

138 4027 223 4107 φῶν,
246 4026 387 4105 τροπῶν,
411 4028 524 4104 νωμῶν.
574 4025 713 4093 Poscant
735 4025 769 4091 in
793 4023 845 4091 his
868 4024 1013 4111 graviter
1033 4030 1068 4091 et
1091 4023 1234 4112 turpiter
1255 4031 1326 4112 pots

139 4129 232 4196 tastri
250 4136 283 4195 et
299 4128 551 4209 versificatores,
574 4131 630 4217 qui
648 4151 720 4198 sero
736 4131 804 4198 nati
820 4130 967 4197 carmina
986 4130 1086 4218 Epica
1100 4136 1135 4198 ot
1149 4127 1215 4197 alia
1233 4146 1328 4217 quae

141 4232 218 4301 iihet
240 4233 350 4322 lingua
371 4234 539 4303 homerica
562 4234 718 4304 laborioso
740 4234 879 4303 artificio
902 4234 1087 4325 pangebant
1111 4234 1211 4322 inque
1232 4252 1271 4303 oa
1294 4252 1328 4303 ro

139 4341 173 4412 in
196 4339 351 4411 mirificos
373 4349 405 4409 ct
429 4340 583 4413 ridiculos
613 4361 739 4413 errores
762 4361 796 4412 se
819 4340 1028 4434 implicabant
1060 4347 1240 4413 sexcentos.
1275 4338 1325 4411 bi·
