2940 5010
665 288 728 349 447

93 478 203 547 quum
226 456 302 525 olim
326 476 438 525 omnes
457 459 675 526 κωτεκέκκνντσ
696 457 869 537 haberent,
889 458 952 526 duo
973 458 1284 531 inieticcsconiccto·

94 584 154 633 res
173 562 315 633 Almeelr
338 572 371 630 et
394 560 534 631 Lurcher
555 574 764 633 correxerunt
796 565 1052 643 κατεκέκλειντο,
1085 566 1181 654 idque
1204 569 1287 635 Zeu·

95 688 143 737 ne
163 676 198 737 et
219 668 354 737 Weiske
376 679 590 757 receperunt,
625 690 705 757 quos
728 680 762 737 et
785 672 871 759 ipsos
900 690 1014 758 parum
1048 669 1178 740 idoneos
1202 673 1284 739 indi-

93 794 156 841 eee
180 783 364 862 mquuntur
386 776 527 853 caeteri,
559 776 679 855 etiam,
712 776 796 863 quod
828 777 950 854 miror,
983 775 1178 845 liindorfius.
1225 779 1286 846 Est

94 876 186 969 eptttl
209 878 360 947 Plotium
382 878 473 947 loeus
494 900 523 945 t.
550 880 725 947 Σίσωπωτ
750 882 802 948 καί
833 882 1079 962 σεσωμένσςε
1103 884 1130 949 σί
1152 886 1283 951 saturei

95 984 174 1053 ἄνω
199 990 256 1052 ποῦ
290 1010 322 1053 σ.
354 984 407 1052 ul
441 984 663 1068 δνσζωμέννι
692 988 771 1070 Φκσί
805 988 998 1062 Θονκυδίδης.
1031 988 1058 1053 ol
1086 987 1119 1053 δὲ
1151 989 1282 1071 νεώτερον

94 1090 315 1171 σέσωσμαι.
340 1090 390 1157 ἐπ’
411 1092 494 1158 ἐνίων
513 1092 622 1164 ἁπλῶς
643 1093 869 1174 παραλείπουσι
893 1093 928 1159 τὸ
949 1119 989 1173 c,
1014 1093 1284 1173 κεκλενμίνσν

93 1194 164 1263 nat
181 1196 457 1277 πεπρημένον,
481 1196 538 1283 qoi
557 1195 697 1263 ostendit
709 1216 808 1283 quem
829 1196 909 1265 nihil
923 1196 1105 1263 istiusmodi
1117 1198 1284 1284 magistris

93 1298 187 1369 credi
210 1301 321 1389 possit.
367 1300 472 1369 Locus
504 1300 712 1388 perturbatus
732 1311 782 1369 est
804 1312 836 1369 et
859 1303 906 1368 sie
930 1303 1175 1370 constituendus
1199 1302 1283 1372 ride·

95 1412 172 1473 tttr:
202 1408 232 1471 σί
262 1406 391 1472 natural
415 1408 467 1473 ἐπ’
484 1407 567 1473 ἐνίων
598 1406 706 1479 ἁπλῶς
737 1407 965 1489 πωρωλείπννσν
997 1409 1033 1474 τὸ
1060 1433 1099 1486 σ,
1133 1423 1282 1475 κεκλει-

95 1510 210 1591 μίνσν
234 1510 392 1601 (λέγοντες
410 1512 477 1601 καὶ)
501 1512 750 1593 πεπρημένον.
774 1514 828 1579 καί
847 1512 1084 1595 δνεζωμέννν
1106 1513 1187 1597 φησὶ
1208 1526 1283 1582 Θον-

94 1614 229 1692 κυδίδης.
275 1616 312 1682 lo
338 1615 456 1703 quibus
477 1616 626 1683 omnibus
650 1616 730 1685 nihil
755 1619 823 1685 veri
847 1627 917 1698 est,
940 1627 973 1685 et
996 1628 1168 1707 corruptae
1187 1619 1278 1687 libro·

93 1738 171 1787 mm
193 1720 375 1809 scripturae
391 1721 514 1789 tromioi
536 1721 698 1790 inerudito
718 1724 953 1811 imposuerunt.
1001 1724 1081 1805 Quis
1100 1724 1194 1791 tacite
1214 1745 1282 1793 cre·

91 1824 152 1895 det
171 1826 332 1908 σίσωσμκν
355 1828 563 1895 recentiorum
585 1846 656 1895 esse
681 1837 713 1895 et
737 1847 776 1894 ex
801 1829 885 1912 σώζω
912 1846 1064 1915 umquam
1092 1821 1226 1896 σέσωτνω
1249 1842 1283 1898 et

92 1931 267 2013 σσσωμίνσς
289 1932 379 1999 nosci
402 1933 571 2021 potuisset
613 1938 772 2015 Ἔρρωμκν
801 1932 951 2000 dicebant
978 1952 1111 2012 omnes,
1132 1935 1187 2002 sed
1211 1934 1281 2018 ἔξω·

92 2060 194 2119 enat,
216 2037 421 2121 κέχρωσμων,
444 2038 621 2123 κίχωσμπν.
645 2037 744 2104 Nihili
765 2038 867 2105 lormtt
890 2047 939 2106 est
963 2038 1145 2121 πίπρημπν,
1168 2059 1281 2107 omnes

92 2149 282 2211 mouenter
304 2142 485 2225 πέπρησμπν
510 2151 542 2211 ei
565 2144 788 2225 ἕμπέπμνσμων
812 2142 954 2210 solebant
976 2144 1105 2223 dicere,
1128 2144 1279 2230 quemad·

92 2244 228 2315 modum
267 2246 477 2329 πὲπλννσμπν,
517 2249 779 2330 δνωπίπλησμπν,
816 2249 1056 2330 tentaremus.
1114 2248 1279 2332 Κίχρωμμτ

92 2350 235 2421 lienem
254 2352 454 2436 κέχνκσμστ,
478 2354 564 2423 unde
587 2354 847 2438 δνσκεχρκσμέννν
871 2352 1070 2422 reddendum
1093 2353 1280 2423 Demosthe·

94 2458 131 2527 ui
161 2462 412 2545 eatpog.81't.
438 2466 477 2537 1,
508 2479 704 2547 quamquam
738 2461 771 2525 in
801 2459 931 2547 vulgata
963 2460 1127 2547 conspirat
1160 2460 1280 2548 Harpo-

91 2570 178 2631 eni.
210 2582 241 2629 t.
273 2566 535 2648 Δνσκεχρννμίνσν.
582 2566 785 2648 Δνεζωσμέννν
814 2566 955 2652 genuina
986 2564 1088 2630 lormtt
1120 2564 1153 2631 in
1176 2568 1279 2632 omni·

92 2668 157 2737 ltue
185 2666 278 2737 libris
309 2668 510 2759 Thucydidis
541 2678 646 2738 exstat
678 2671 701 2737 1.
727 2676 758 2737 6.
811 2670 919 2738 Nihilo
952 2669 1055 2756 igitur
1089 2670 1198 2736 sanior
1229 2678 1280 2737 est

89 2772 198 2843 imma
218 2774 434 2855 κεκλημένον,
456 2774 511 2843 sad
533 2777 566 2843 in
590 2795 628 2843 eo
648 2795 775 2863 quoque
796 2774 978 2843 scribarum
1001 2794 1092 2841 error
1114 2774 1278 2843 hominem

91 2886 143 2949 est
172 2878 369 2947 luditicatus.
427 2880 491 2963 Qui
523 2880 615 2947 tibris
647 2881 745 2949 etiam
780 2889 893 2948 eontra
926 2880 1084 2948 rationem
1119 2889 1153 2948 et
1184 2901 1279 2949 usum

91 2984 196 3073 inepti
217 2984 374 3063 eredunt,
404 2984 600 3053 delebuntur
625 2987 658 3052 in
690 2987 769 3052 istas
803 2986 943 3063 formas,
978 2984 1097 3072 quibus
1129 2985 1278 3072 equidem

90 3088 199 3159 nudos
219 3088 287 3157 vidi
311 3091 415 3176 magis
442 3091 598 3157 mirificas
620 3110 717 3178 quem
748 3088 858 3177 quales
888 3087 1081 3157 Eustathius
1103 3090 1278 3178 compluri-

89 3194 156 3263 nu
174 3194 256 3264 locis
273 3196 409 3263 corrosit
431 3194 473 3261 od
491 3194 776 3263 demonstrandum
799 3193 1083 3282 reduplicationem
1105 3194 1277 3263 verborum

89 3302 200 3371 omitti
221 3319 324 3391 posse.
372 3300 464 3367 Serio
486 3299 579 3369 docet
602 3302 769 3381 ἕβούκευκε
789 3301 947 3369 Graecum
967 3318 1040 3367 asse
1061 3308 1094 3367 et
1112 3299 1278 3378 ίξετίκκεν

88 3414 125 3477 et
147 3406 343 3491 ίχιίλκεωπων
367 3413 400 3473 et
422 3406 775 3488 πρσπεπωτπννλεωμένων
802 3426 875 3494 pag.
897 3410 981 3483 tte,
1005 3410 1060 3473 st.
1085 3406 1183 3495 (662,
1206 3406 1276 3496 41).
1330 3400 1336 3411 ’

87 3510 179 3581 item
204 3510 268 3579 elio
290 3510 361 3577 loeo
386 3516 496 3592 1163,
519 3517 561 3579 25
585 3512 709 3602 (1222,
733 3512 790 3601 et)
814 3511 925 3578 docuit
948 3509 1138 3590 ἕνωγνίλνςων
1169 3513 1277 3581 ttuee

87 3614 158 3685 diei
186 3634 247 3705 pro
272 3616 501 3697 νενωγνίλνςσν·
533 3618 582 3685 sio
613 3616 669 3683 alii
702 3625 868 3703 nugentur
898 3617 1133 3696 daednpnxdrcc
1157 3617 1277 3686 dixisse

88 3720 225 3789 Veteres
246 3740 306 3809 pro
327 3723 616 3804 ἀπτδσδημκκίτττ,
649 3722 776 3809 aliaque
804 3721 947 3789 eiusdem
978 3719 1124 3801 farinae,
1158 3722 1277 3810 quibus

88 3822 195 3895 multo
224 3824 290 3893 alia
318 3834 468 3913 portenta
501 3828 671 3897 verborum
707 3827 825 3895 adiecit
855 3825 1120 3895 ilemsterlrusius
1153 3828 1186 3894 in
1217 3828 1276 3895 tti-

87 3930 222 3999 eeelltttt.
245 3929 425 4001 Observata.
445 3934 501 4005 lV.
525 3955 556 4022 p.
579 3938 644 4000 289
669 3953 738 4020 sqq.
762 3934 935 4009 κατέπηκτο
947 3982 957 4011 ,
979 3931 1190 4011 ecstasim,
1214 3932 1275 3999 ίνέ·

86 4038 213 4117 bono,
246 4036 439 4116 ὑπεξέίνττο
474 4048 507 4107 et
537 4041 643 4127 ipsum
676 4047 825 4106 nostrum
866 4037 1000 4106 verbum
1034 4042 1203 4121 κκτκκννῄω
1241 4039 1275 4103 iu

87 4142 196 4212 iorma
216 4142 356 4212 ridicula
379 4145 572 4216 κωτίκλεντν.
620 4143 710 4212 Unde
734 4146 836 4232 igitur
857 4146 920 4212 ista
943 4152 1122 4211 monstrose
1151 4142 1275 4209 soboles

84 4256 265 4339 propagata
296 4251 371 4317 est?
407 4252 526 4341 Nempe
549 4272 588 4319 ex
610 4271 648 4319 ea
683 4252 930 4337 superstitione,
965 4270 1028 4339 qua
1060 4248 1217 4337 quidquid
1240 4248 1277 4315 in

86 4354 199 4445 aliquo
219 4354 342 4425 Graeco
363 4356 478 4426 Codice
500 4360 657 4447 scriptum
682 4364 731 4424 est
754 4356 834 4425 irene
861 4357 1019 4427 Graecum
1050 4378 1121 4425 esse
1143 4357 1276 4447 opinan-
