2940 5010
718 259 779 322 168

150 431 321 512 λιμαύας
352 430 477 504 δύκαςε
510 430 646 497 ’Arataei
686 433 746 506 σδς
780 432 867 498 κατα
903 429 1115 513 συμβύλαια,
1153 432 1208 502 ubi
1243 456 1323 509 nettl

148 534 308 604 dubitabit
334 534 505 602 emendare
531 535 592 610 τας
621 535 709 603 κατα
739 535 915 618 σύμβολα,
948 536 1063 604 collato
1091 536 1281 627 Harpocrat.
1300 565 1326 615 ι

147 641 306 722 Σύμβολα
334 650 366 707 et
390 640 501 707 multis
524 639 696 708 Oratorum
720 640 820 719 iocis,
851 662 955 730 nequo
977 643 1176 730 quicquam,
1206 655 1244 715 ut
1268 654 1326 737 opi·

146 767 227 826 nor,
250 745 442 834 repugnabit
466 747 494 812 si
518 744 700 836 Thucydidi
719 766 816 815 suum
838 747 1012 815 reddetur:
1035 749 1068 815 to
1090 757 1164 825 reto
1183 749 1326 834 ξύμβολα

144 853 256 934 μαύαις
280 853 353 935 πρὸς
378 854 449 927 σούς
472 849 664 937 ξυμμαχους
691 853 805 928 δίκαις.
853 853 921 919 Νοι]
950 860 1061 920 tamen
1089 852 1161 923 huri
1192 865 1250 924 aut
1271 878 1322 927 tttt·

145 958 219 1026 dius
249 958 368 1025 tertius
395 966 491 1023 natus
524 977 616 1025 error
639 964 710 1037 eet,
742 958 799 1045 qui
829 966 956 1025 nostroe
989 957 1117 1027 codices
1144 980 1256 1029 omnes
1276 962 1320 1031 oi·

144 1063 244 1132 sidet:
275 1062 362 1150 apud
385 1063 490 1150 ipsum
518 1063 714 1154 Hesychium
740 1062 913 1151 depravata
941 1064 1103 1151 scriptura
1134 1068 1319 1156 conspicitur

145 1190 177 1238 v.
202 1169 411 1251 Συμβολαύας
444 1168 547 1243 δι’καςε
578 1170 639 1245 τὰς
661 1170 748 1236 κατὰ
766 1171 960 1250 συμβιλαῖοι
986 1169 1186 1261 tripedem:
1209 1173 1264 1260 qui
1283 1171 1317 1241 lo·

144 1293 203 1341 eus
226 1294 289 1340 nou
310 1272 530 1341 emendandus
550 1273 607 1341 sed
626 1294 700 1341 cum
723 1281 891 1341 contemtu
911 1274 1112 1343 abiicientus
1128 1285 1200 1354 cst,
1225 1297 1317 1365 qucu-

144 1378 318 1448 admodum
352 1380 530 1447 sexcenties
559 1379 645 1467 apud
675 1378 873 1469 Hesychium
904 1380 1014 1448 eadem
1044 1381 1149 1468 glocca
1183 1382 1257 1451 aiiii
1281 1385 1317 1451 io-

144 1493 234 1572 tegra
256 1493 289 1552 et
312 1485 499 1572 incorrupta
525 1485 665 1572 iegitur,
687 1484 764 1551 atttt
794 1484 907 1551 vitiosa
930 1494 962 1553 et
988 1485 1176 1575 depravata.
1222 1487 1316 1556 Serto·

143 1591 212 1669 rit,
236 1599 273 1659 ut
297 1590 357 1657 hoc
381 1598 474 1665 utar.
509 1591 668 1659 intactum
692 1588 959 1679 Tirucpdideum:
990 1596 1159 1675 Διοκοχύε
1188 1593 1314 1667 artem

143 1696 252 1780 χρόνου
274 1696 377 1769 σιυύς.
400 1695 539 1762 servavit
561 1697 754 1779 συιοκιοχύσε
778 1695 864 1783 apud
886 1696 1084 1773 Humerum,
1108 1701 1248 1766 servavit
1270 1722 1316 1767 ια·

144 1803 269 1884 conexi
304 1809 337 1868 ct
366 1804 544 1883 μετοκοχή.
593 1800 739 1870 Servavit
771 1804 915 1885 ύιοκοχιὶ
945 1822 1092 1890 quoque,
1127 1802 1185 1870 sed
1219 1804 1263 1871 ita
1287 1810 1317 1869 ot

144 1908 205 1974 aiio
231 1907 300 1975 ioco
327 1908 476 1973 vitiosam
506 1906 641 1974 formam
675 1911 844 1991 Ἀιακιιχύ
868 1928 926 1974 suo
953 1907 1112 1995 pracsidio
1141 1908 1315 1979 muniverit.

144 2012 212 2079 Nou
238 2022 287 2079 cst
307 2011 465 2079 dubitatio
490 2012 553 2079 ulla
579 2015 657 2100 quin
688 2012 870 2102 Thucydidi
895 2013 1012 2101 utique
1041 2016 1187 2097 ύυοκαχύ
1216 2023 1247 2083 et
1267 2015 1315 2081 ie·

142 2118 230 2202 καχύ
271 2117 338 2184 sint
373 2117 593 2195 restituenda,
628 2118 786 2206 quidquid
820 2118 985 2185 adversari
1019 2119 1173 2187 ridentur
1210 2116 1315 2188 indocti

141 2222 311 2299 Graeculi,
343 2223 400 2308 qui
429 2224 638 2310 pertinaciter
671 2249 693 2289 οι
718 2243 775 2310 pro
806 2249 820 2291 ο
855 2223 974 2309 ubique
1005 2223 1317 2302 substituerentur

143 2340 179 2396 ut
202 2328 288 2415 apud
319 2326 515 2416 Hesychium
547 2347 675 2415 quoque
703 2336 816 2395 contra
839 2327 1023 2397 litterarum
1050 2332 1168 2398 seriem
1196 2332 1317 2419 scripto·

143 2435 225 2501 rint:

234 2538 448 2606 Aror'covcr:
472 2538 648 2621 διαφέρουσι
674 2537 769 2627 (quae
790 2538 965 2606 bellissima
985 2539 1211 2626 interpretatio
1229 2540 1296 2631 est.)

234 2645 443 2726 Διακυχήε
467 2644 610 2718 διύςασις
628 2644 738 2727 χρόνου
760 2645 852 2719 crude.

234 2752 289 2816 Δι’
313 2750 469 2828 ύλύγυυι
491 2748 561 2815 ἀντὶ
586 2754 640 2814 σοῦ
663 2752 736 2828 μετ’
760 2752 875 2829 ὀλίγον.

142 2853 198 2923 sed
222 2854 384 2922 neminem
410 2851 520 2920 sallent
543 2852 707 2941 amptius,
738 2856 794 2941 qui
821 2876 953 2923 auream
986 2855 1210 2926 Valckeuaerii
1233 2876 1320 2927 anuo

140 2963 295 3029 tationem
325 2957 530 3047 perpenderit
559 2957 599 3025 ad
626 2959 833 3027 Ammonium
859 2981 931 3048 pag.
956 2966 999 3028 ut
1026 2983 1095 3050 sqq.
1120 2970 1153 3030 et
1186 2960 1320 3031 Pieraooi

139 3067 179 3135 ad
198 3066 370 3134 Moeridem
393 3085 466 3152 pag.
484 3067 561 3131 δύο.
587 3065 810 3151 quirendum
838 3067 983 3153 legerant
1010 3067 1265 3136 Grammaticum
1290 3068 1320 3135 io

140 3171 913 3258 Anecd.Beitlt.pug.406‚19’Avoeuxciu:
941 3174 992 3240 δια
1020 3174 1321 3259 συΐισσὶιυὶιισχὶσ

138 3279 277 3358 λ.έγιυσι
310 3279 391 3345 πολὺ
421 3276 454 3344 δέ
477 3277 523 3345 ἐςι
554 3278 641 3357 παρὰ
666 3279 844 3365 Θουκυδιδῃ.
891 3277 1103 3347 Subridentos
1124 3279 1227 3366 igitur
1250 3279 1323 3423 lagi·¹

139 3403 213 3452 mus
234 3381 319 3470 apud
343 3381 512 3449 Photium:

364 3486 633 3569 Παροκλαζυυ;
657 3488 836 3571 γιυασύζωυ.

366 3594 596 3675 Παροκωχήε
630 3596 754 3675 repexi
790 3594 878 3676 crepui
912 3595 1079 3680 Θουκυδίδῃ
1107 3599 1148 3672 ὥς
1188 3600 1206 3675 οἱ
1240 3601 1324 3667 ὦκα·

626 3700 733 3781 κυχιὶ
754 3698 806 3764 καὶ
828 3700 1013 3783 διακυχιὶ.
1319 3756 1323 3767 .

138 3823 241 3891 oeque
272 3800 412 3870 ieramus
435 3801 573 3889 amptius
601 3803 686 3889 apud
711 3803 857 3893 Thucyd.
876 3804 929 3871 vt.
955 3807 997 3871 at
1021 3812 1092 3873 ιιύι
1116 3819 1241 3894 παμχῇ
1269 3826 1325 3895 pro

138 3919 307 3993 παροκωχῇ
329 3929 348 3975 a
370 3906 536 3976 Graeculis
558 3906 641 3974 male
673 3907 793 3975 sedulis
820 3920 1015 3979 correctum.
1063 3917 1231 3998 Συιικοχύ
1258 3912 1325 3982 tett-

137 4016 219 4082 citer
245 4014 469 4082 Correctorum
493 4034 610 4081 manus
636 4014 738 4081 erasit
768 4013 853 4101 apud
880 4016 1104 4103 Hippocratem
1137 4028 1170 4085 et
1200 4019 1325 4087 Erotiu-

139 4122 265 4187 tianum
283 4130 316 4187 ct
336 4118 532 4209 Hesychium
551 4139 580 4185 ι’.
605 4119 875 4202 Συιοκυχύσεε
900 4124 1218 4203 ἕσισυμσοασιικύσες
1243 4124 1326 4215 (lege

139 4225 229 4315 dre).
254 4228 448 4308 συιικιιχύι
471 4226 535 4308 γὰρ
555 4228 572 4303 ai
593 4225 797 4305 σύμπτωσις,
824 4225 908 4293 unde
932 4227 1183 4300 Valckeuaeritts
1200 4228 1326 4300 dudttttt

138 4328 319 4399 curandarit
342 4330 472 4399 Homeri
495 4330 601 4399 iocum
624 4329 714 4399 iliad.
739 4331 776 4401 Β.
801 4335 879 4400 alu.
