2940 5010
720 274 763 337 ts

332 446 458 528 μάλιεοι
479 447 604 523 τούτους
630 453 828 533 καταφανεῖς
850 456 952 515 ποιοῖ.

154 551 264 621 eadem
287 572 384 642 opera
403 553 595 620 sententiam
614 561 648 621 et
671 561 810 620 metrum
833 554 986 621 restitues
1008 555 1038 622 si
1060 556 1299 645 rescripseris:

647 655 705 730 ύςε
727 660 799 734 τοὺς
821 659 1020 743 ἀρνουμένους

331 762 458 844 μάλιςοι
478 763 605 844 μάλιειι
623 769 714 833 τοῦτο
733 771 931 849 κοιτοοΦοινεῖς
953 774 1043 833 ποιεῖ.

151 867 293 937 Alexidis
315 868 405 937 loeus
430 868 515 957 apud
537 867 857 940 Attendimus.
882 872 921 938 A.
945 870 1070 940 duobus
1096 872 1274 944 vocubulis
1296 894 1352 944 au·

152 972 276 1062 pandus
297 994 368 1043 esse
391 974 530 1043 ridetur.
576 974 645 1043 Nun
669 976 757 1043 enim
779 974 923 1043 dixerat:
1082 1058 1087 1065 ι

260 1160 263 1165 ,
330 1080 371 1149 Au
393 1080 675 1162 κιντοκοκούμινύν
697 1084 755 1150 τιν’
777 1084 795 1160 A
818 1079 998 1165 ξυρούμενον

331 1193 402 1273 ύρᾷι
424 1187 541 1256 τούτοιν
562 1187 632 1271 ἔχει
652 1213 684 1256 τι
705 1185 828 1270 terrm
847 1189 915 1256 κού.

150 1290 209 1360 sed
225 1295 311 1378 ύρᾷς,
332 1293 412 1361 δυοῖν
431 1294 546 1361 τούτοιν
565 1293 652 1377 ἔχειν
672 1294 723 1361 δεῖ
742 1292 884 1376 ύάοιρονι
909 1297 943 1361 lu
966 1292 1138 1363 codicibus
1155 1304 1301 1367 mut
1318 1306 1351 1369 el

149 1407 296 1466 ExEITl
313 1400 365 1467 vix
382 1398 541 1486 distingui
566 1407 699 1486 possunt
719 1407 753 1467 et
767 1399 887 1487 passim
903 1407 935 1468 N
954 1408 987 1469 et
1003 1408 1049 1467 Tu
1067 1407 1144 1467 sunt
1163 1404 1350 1489 permixta,

146 1503 359 1573 sidPursnni
372 1504 505 1573 Adsere.
527 1525 558 1591 p.
572 1509 627 1571 95.
663 1504 746 1571 lline
768 1504 872 1572 obiter
894 1502 1030 1572 emenda
1049 1505 1165 1595 Lysiae
1177 1505 1349 1597 fragmen·

147 1616 221 1678 tum
243 1615 297 1677 et.
332 1611 359 1677 ei
389 1611 449 1691 μὲν
470 1610 585 1677 δι’κοιιον
603 1609 715 1689 ἔλεγεν
736 1610 755 1688 ύ
782 1611 924 1694 μέτριον,
953 1610 1018 1677 imo
1043 1631 1119 1679 veru
1142 1611 1243 1694 ῖλεγύ
1275 1618 1347 1697 vri

149 1715 283 1798 μέτριον.
700 1756 705 1765 -

193 1820 362 1887 Menandri
388 1818 607 1908 fragmentum
641 1817 726 1909 apud
754 1819 908 1888 Glemeut.
936 1818 1106 1890 Alexandr.
1142 1822 1289 1916 Paedng.
1322 1826 1346 1897 l.

146 1946 178 2014 p.
194 1930 270 1994 104.
341 1984 346 1995 .

329 2033 444 2114 τυύμδν
466 2031 627 2115 ύυμάτριον
650 2029 734 2100 πάνυ
756 2032 821 2113 γάρ
844 2032 891 2103 te
912 2041 953 2116 τύ
976 2032 1072 2116 Φύσιν

400 2139 445 2171 *⁴
468 2138 685 2223 φιλάυύρωπον
707 2138 743 2205 κδ
759 2136 919 2220 παιδάριον
938 2137 1075 2221 οΦύδριι.

145 2247 196 2314 sie
225 2244 352 2334 supple:
381 2252 477 2330 πρᾷον
503 2243 720 2328 φιλάνύρωπύν
750 2267 787 2311 τι
814 2240 974 2325 παιδάριον
1002 2243 1135 2328 οφύδριο.
1181 2244 1280 2329 Quae
1301 2252 1346 2321 sit

147 2350 202 2418 illa
221 2351 357 2436 πρᾳότης
381 2350 414 2416 in
436 2369 473 2416 re
495 2350 651 2417 amatoria
671 2349 750 2415 satis
773 2349 981 2435 perspicuum
1002 2358 1052 2417 est
1071 2359 1104 2417 et
1127 2349 1219 2420 leuse
1242 2354 1346 2427 verbu

145 2476 217 2524 esse
228 2455 388 2523 videntur.
413 2453 535 2545 Scytha
545 2453 744 2538 βαρβαρίζοι
754 2451 838 2542 apud
852 2453 1013 2541 Aristuplr.
1027 2453 1220 2545 Thesmuplr.
1237 2464 1342 2537 1210.

327 2560 349 2628 ὦ
372 2561 486 2647 γρᾴδι’,
508 2564 548 2636 ύς
571 2559 711 2644 κοιρῖεντύ
727 2584 773 2627 σοι
792 2560 828 2627 τὸ
847 2560 1014 2643 τυγάτριον

326 2669 379 2734 κού
400 2666 535 2746 δύσκολ’,
556 2666 647 2734 άλλά
672 2674 761 2752 appio.

192 2771 228 2837 ln
247 2769 408 2839 Stratonis
423 2771 492 2839 lucu
513 2770 598 2860 apud
616 2770 731 2839 Athen.
750 2771 806 2843 lX.
829 2775 905 2839 582.
924 2771 961 2838 ll.
981 2770 1096 2839 laeuus
1118 2780 1168 2841 est
1191 2792 1260 2845 nun
1280 2776 1344 2849 dii·

147 2875 273 2945 tieulter
290 2897 307 2945 e
327 2878 442 2945 vicinis
460 2875 648 2966 supplenda.
694 2876 799 2945 Codex
820 2876 899 2945 lraee
922 2876 1040 2945 habet:

322 2991 413 3063 μύλοι
436 2982 587 3066 ύυσιάζεις
607 2977 686 3065 άροι;
708 3020 753 3033 -
774 2982 824 3062 μά
844 2984 895 3050 Δῖ
912 2984 973 3064 ἐγὼ
992 2985 1051 3064 μὲν
1073 2982 1128 3062 ού,

323 3088 475 3173 ούδέτερου
494 3092 610 3168 οιύτιῖν,
633 3087 802 3172 προβάτιον
826 3089 863 3155 δ’.
887 3127 933 3141 -
953 3091 1081 3169 ιύκοῖιν,
1103 3088 1191 3175 ἔφη,

323 3196 366 3261 τά
389 3204 480 3276 μύλοι
502 3195 640 3280 κρύβοιτ’
663 3198 696 3263 ού
717 3193 863 3275 μκνύάνοι

321 3300 437 3368 τούτων
458 3302 542 3369 ούδὲυ
562 3302 629 3370 οὐδὲ
648 3301 823 3381 βούλιμον.

143 3403 301 3492 Equidem
321 3406 368 3472 sie
391 3405 541 3491 legerim:
888 3404 1015 3482 ούκουν,
1040 3404 1123 3489 ἔφη,

232 3510 275 3576 τά
298 3519 389 3590 μύλοι
412 3511 578 3594 πρύβοιοοι;
601 3552 643 3567 --
667 3521 758 3592 μύλοι
777 3512 933 3594 πρύβοιτ’;
957 3514 991 3579 ού
1011 3511 1156 3592 μοινύάνιο

232 3615 336 3697 ἔμοιγε
359 3616 475 3685 τούτων
494 3618 577 3685 οὐδὲν
594 3618 660 3685 atet
678 3617 854 3698 βούλομοιι.

142 3728 174 3789 ut
193 3729 406 3810 postpauca:
907 3719 965 3794 ύςε
986 3747 1028 3802 με

148 3876 154 3890 ι
267 3884 272 3891 .
321 3836 380 3897 τῶν
399 3835 453 3898 τοῦ
474 3834 597 3906 Φιλητοῖ
618 3827 830 3909 λοιμβάυονοοι
851 3828 987 3908 βιβλίον

322 3943 447 4003 σκοπεῖν
467 3933 567 4007 isera
586 3936 620 4004 ‘rt
637 3936 768 4004 δύνοιοοιι
788 3940 848 4000 τῶν
871 3933 1030 4018 ῥημάτων.

142 4041 359 4107 necessarium
380 4050 446 4121 est,
470 4042 498 4107 si
521 4041 598 4128 quid
619 4041 732 4117 video,
753 4037 865 4111 ῖκιιςον
885 4038 1072 4109 rescribere.

186 4144 361 4213 lulelieiter
391 4146 563 4214 admodum
592 4147 706 4215 laeena
736 4144 882 4233 suppleta
912 4156 961 4216 est
993 4148 1026 4214 iu
1055 4146 1124 4215 lusu
1150 4146 1337 4227 Nieuslrnti

140 4249 253 4318 Athen.
279 4251 334 4319 lll.
361 4259 434 4321 118.
460 4254 496 4321 Ε.

315 4359 391 4425 άλλ’
413 4358 568 4444 ἐπριάμην
592 4367 665 4443 παρ’
686 4359 813 4443 άνδρύς,
835 4356 857 4426 ά
877 4369 920 4440 νύ
944 4361 996 4427 κού
1022 4361 1099 4438 ύεοῖ,
