2940 5010
712 276 777 340 556

144 457 187 523 rit
209 462 241 521 et
275 452 392 538 cogitet
429 449 513 537 apud
548 450 692 516 animum
723 470 818 517 suum
849 471 889 516 arr
923 450 977 518 illa
1009 450 1128 519 cadarrl
1160 455 1195 520 in
1222 456 1320 525 airum

139 558 353 648 ‹prradraginta
376 556 457 623 dnos
477 576 578 623 annos
603 564 736 631 uatum,
760 558 815 644 qui
838 555 979 644 plurima
1002 557 1164 645 stipendia
1189 559 1223 626 in
1247 559 1323 629 hello

140 664 407 752 Peloponnesiaco
438 661 567 730 fecisset
590 671 623 729 et
647 664 761 748 viginti
785 662 891 729 trihus
915 661 1033 729 abhinc
1061 664 1157 732 anuis
1185 666 1220 731 in
1249 665 1324 735 iola·

137 772 192 839 lici
216 768 417 859 expeditione
444 766 484 834 ad
508 767 634 836 Delium
655 788 693 834 ex
718 769 878 855 praesenti
911 771 1028 856 capitis
1058 769 1205 858 periculo
1227 791 1249 839 a
1269 770 1323 841 So-

138 885 227 943 crate
255 883 385 961 ereptus
417 872 542 942 luisset.
590 872 736 941 Absurde
762 873 840 941 haec
869 885 967 954 suot,
999 876 1152 963 inquam,
1184 885 1220 945 et
1250 876 1323 947 ridi·

137 982 221 1050 cula.
271 979 446 1066 Xenophon
468 979 725 1047 adolescentulus
750 998 849 1066 quum
874 982 907 1046 in
929 980 1072 1048 Socratis
1090 983 1272 1052 amicitiam
1293 994 1325 1053 et

138 1087 391 1155 familiaritatem
416 1093 500 1151 esset
523 1095 687 1174 receptus,
711 1087 765 1172 qui
784 1093 888 1153 aetate
910 1096 943 1153 et
965 1089 1095 1173 ingenio
1118 1086 1322 1159 horridiorem

138 1195 280 1261 ornicum
305 1201 337 1258 et
359 1192 498 1272 ἐρωτικόν
523 1192 666 1259 consiliis
689 1202 722 1259 et
742 1193 934 1259 auctoritate
957 1192 1126 1260 coercebat
1151 1192 1241 1283 (ride
1265 1194 1325 1263 lle·

138 1298 258 1366 rnorah.
279 1299 304 1364 l.
329 1320 374 1363 nr.
402 1296 467 1380 10.)
492 1318 511 1364 a
536 1298 679 1366 Proxeno
701 1299 731 1364 ei
754 1318 826 1384 spes
850 1296 936 1364 lacta
958 1308 1008 1364 cst
1033 1298 1119 1376 hire,
1139 1307 1178 1367 ut
1202 1300 1231 1367 si
1251 1320 1324 1369 oum

138 1405 221 1492 Gpro
245 1422 314 1471 esse
338 1401 432 1469 vellet
458 1402 632 1490 praeclaris
654 1402 751 1470 relius
777 1404 878 1489 gestis
902 1414 934 1471 et
957 1402 1091 1489 gloriam
1117 1424 1273 1493 maguam
1295 1416 1327 1475 et

137 1518 327 1598 potestatem
353 1519 386 1575 et
413 1529 489 1596 opes
513 1517 781 1595 consequeretur,
815 1508 1086 1595 quemadmodum
1115 1513 1183 1598 ipse
1206 1511 1325 1602 Cyrum

139 1616 200 1681 sihi
232 1616 337 1701 patria
369 1624 402 1680 et
435 1614 530 1681 rehus
562 1612 712 1680 omnihus
748 1615 903 1699 potiorem
937 1635 1008 1682 esse
1043 1615 1188 1684 duceret.
1241 1618 1326 1687 Satis

141 1722 347 1808 perspicuum
381 1730 429 1787 cst
461 1730 570 1787 autem
599 1722 802 1795 Proxcnmn,
835 1722 888 1806 qui
914 1740 952 1787 en
975 1719 1049 1809 Cyri
1081 1725 1228 1791 amicitia
1254 1726 1326 1809 dm

140 1829 307 1904 κτήσεσθαι
331 1826 426 1905 ὄνομα
449 1826 539 1905 μέγα
562 1828 615 1892 καὶ
644 1826 773 1905 δύναμιν
797 1825 945 1906 μεγάλην
965 1828 1018 1893 καὶ
1037 1833 1196 1910 χρήματα
1221 1830 1327 1899 πολλὶ

143 1933 257 2022 (hiiah.
281 1932 321 1998 lI.
345 1952 385 1997 vr.
419 1930 485 2019 17.)
517 1930 626 1997 eadem
664 1954 719 2018 spe
751 1934 970 1999 inllammasse
1007 1933 1231 2022 Xenophontis
1261 1938 1326 2003 ani·

141 2059 230 2105 mum
252 2058 353 2126 quum
378 2059 451 2105 eum
477 2037 612 2103 Athenis
631 2037 670 2104 ad
693 2058 762 2103 sese
780 2041 811 2103 in
836 2040 1097 2105 communionem
1120 2061 1232 2108 rerum
1257 2062 1328 2110 sua

143 2166 216 2211 runr
246 2143 458 2230 fortunaeque
488 2153 626 2211 uocaret.
675 2143 723 2209 lla
752 2144 819 2229 ipsa
845 2165 897 2211 res
926 2144 1068 2212 declarat
1091 2155 1124 2213 et
1148 2147 1328 2215 Proxenum

143 2249 285 2316 noandum
309 2249 350 2315 ad
375 2251 491 2316 aetatis
525 2251 746 2315 maturitatem
773 2251 956 2336 pervenisse
987 2251 1099 2318 sedin
1128 2253 1200 2339 ipso
1227 2256 1327 2331 llere,

143 2357 174 2422 id
199 2355 283 2442 quod
303 2375 488 2441 ‘generosae
520 2354 637 2421 indolis
669 2356 801 2422 iuvenes
829 2355 990 2432 assolent,
1025 2377 1141 2444 taragna
1165 2360 1277 2426 omnia
1297 2368 1328 2427 et

142 2472 232 2527 vasta
255 2462 364 2526 animo
388 2461 595 2545 concepisse,
628 2470 660 2535 et
683 2461 926 2548 Xenophontem
960 2464 1101 2528 acaricum
1134 2475 1168 2530 et
1199 2486 1326 2532 carum·

142 2567 219 2631 dum
253 2586 364 2631 rerum
401 2569 522 2632 socium
559 2565 704 2632 luterum
739 2568 854 2632 aetatis
886 2566 989 2651 gradu
1013 2570 1109 2633 etium
1143 2569 1325 2637 inferiorern

145 2672 287 2737 l’roxeno
308 2681 365 2736 aut
387 2682 475 2737 certe
504 2693 612 2757 piarem
640 2682 671 2738 et
701 2672 866 2756 aequalem
891 2671 1001 2736 luisse.
1048 2672 1089 2738 Et
1120 2673 1160 2739 de
1195 2674 1326 2742 l‘roxeni

142 2777 271 2864 quidem
293 2784 397 2843 aetate
421 2776 670 2842 disertissimum
693 2785 796 2843 exstat
818 2777 920 2862 ipsius
942 2776 1161 2862 Xenophontis
1187 2781 1326 2847 testimo·

145 2885 233 2949 uiruu
264 2882 366 2949 Anah.
390 2882 428 2948 ll.
455 2904 495 2947 vr.
521 2887 574 2949 20.
607 2880 658 2948 ὅτε
682 2884 713 2948 δὲ
744 2884 933 2956 ἀπέθνησκεν
959 2882 986 2971 (ὁ
1009 2882 1168 2970 Πρόξενος)
1200 2885 1236 2964 ἦν
1258 2887 1325 2953 ἑτῶν

142 2993 180 3063 ὥς
205 2988 392 3071 τριάκοντα,
428 2988 668 3074 Xenophontem
702 2997 808 3052 autem
836 2988 941 3074 ipsum
968 2988 1107 3053 nondum
1147 2990 1178 3055 id
1217 2991 1325 3058 aetatis

144 3095 244 3162 luisse
268 3094 321 3161 sed
349 3095 459 3180 paucis
483 3095 579 3159 etiam
606 3093 699 3157 unciis
729 3093 887 3158 iuniorem
919 3114 957 3169 ex
987 3094 1220 3180 coruplusculis
1249 3098 1324 3163 dna·

144 3201 255 3268 haseos
286 3201 364 3266 loeis
388 3199 587 3285 perspexisse
619 3198 697 3263 nrihi
731 3197 849 3263 videor.
898 3198 1000 3280 Quam
1030 3199 1239 3268 vehementer
1262 3203 1324 3269 eiua

144 3308 289 3371 animum
315 3305 547 3370 cornumrcrint
571 3304 704 3369 l‘roxeni
731 3307 909 3390 promisso,
943 3325 1040 3390 apuam
1064 3305 1217 3373 ardenter
1245 3306 1325 3373 illam

145 3430 233 3494 spem
259 3410 363 3475 laudis
387 3419 419 3476 et
439 3410 606 3495 potestatis
627 3420 659 3475 et
680 3410 867 3475 divitiarum
893 3409 1060 3497 orrrplexus
1078 3408 1177 3476 luerit
1200 3411 1325 3479 deutou·

145 3523 228 3580 strat
251 3516 313 3580 iam
339 3517 448 3581 statim
472 3514 575 3601 lepida
609 3514 734 3582 fallacia
759 3525 788 3580 et
815 3536 948 3606 prorsus
975 3517 1143 3595 iuvenilis,
1175 3537 1240 3604 qua
1268 3518 1324 3584 cir·

143 3621 308 3685 cumvenit
337 3619 535 3707 Apollinem,
566 3640 606 3685 ne
631 3622 692 3686 iter
716 3641 811 3686 suum
843 3633 1036 3690 moraretur.
1083 3622 1207 3690 lleinde
1229 3642 1325 3711 quum

143 3728 175 3790 in
202 3726 253 3792 illa
277 3729 422 3792 onmium
448 3746 556 3791 rerum
583 3725 806 3812 desperatione
830 3749 979 3795 somnum
1001 3750 1116 3815 capere
1137 3751 1201 3796 non
1226 3737 1326 3817 potest

141 3841 174 3898 et
197 3833 313 3898 alixius
336 3830 421 3919 apud
445 3831 590 3896 urrimum
609 3852 704 3897 strum
729 3835 848 3919 cogitat
874 3835 951 3921 quid
976 3839 1019 3901 sit
1042 3835 1103 3901 sihi
1127 3834 1324 3913 laciendum,

141 3939 259 4004 retinet
281 3958 355 4005 eum
381 3939 496 4005 aetatis
520 3957 597 4003 strae
628 3939 780 4023 cogitatio
804 3948 837 4007 et
861 3940 1049 4026 scrupulum
1075 3942 1199 4021 iniieit,
1231 3960 1325 4029 quem

141 4041 270 4110 tandem
295 4043 355 4109 sihi
382 4046 448 4131 ipse
473 4045 520 4108 ita
552 4042 659 4109 evellit
680 4045 736 4111 lll.
761 4066 781 4110 1.
810 4052 862 4113 14.
888 4048 978 4112 nolae
1002 4048 1028 4113 δ’
1051 4050 1176 4124 ἡλικίαν
1200 4046 1324 4129 epaon&

140 4149 237 4215 ἐλθεῖν
260 4150 423 4229 duantum
449 4152 482 4215 οὐ
506 4150 569 4230 γὰρ
594 4149 691 4229 ἔγωγ’
716 4151 761 4219 ἔτι
780 4153 988 4235 πρεσβύτερος
1013 4152 1122 4232 ἔσομαι
1145 4155 1202 4219 ἐὰν
1230 4156 1324 4233 τήμε-

139 4257 305 4337 possete
330 4257 464 4336 ἐμαυτὸν
487 4263 550 4329 τοῖς
575 4258 753 4337 πολεμίοις,
777 4277 859 4345 quae
883 4259 910 4323 si
937 4279 998 4325 nou
1024 4269 1101 4324 suut
1125 4259 1325 4327 invenisne·

139 4361 197 4425 tuti
220 4381 297 4428 suae
322 4359 496 4428 dissidcntis
521 4359 599 4427 nihil
626 4359 726 4429 haheo
755 4364 839 4450 quod
867 4363 986 4431 dicam.
1032 4364 1192 4433 llaceeine
1217 4375 1252 4432 tu
1272 4384 1327 4452 pu·
