2940 5010
687 286 750 350 267

128 462 234 551 nagia
261 480 359 549 quam
392 459 566 528 Homerum
590 468 739 537 secutus,
769 458 824 527 scd
854 469 1017 546 praeterea
1040 459 1195 537 ε’νπύνειν,
1228 460 1314 547 quod

127 578 177 637 nl
194 568 357 651 δπλύζειν,
382 574 525 647 κοσμεῖν,
547 564 815 647 παρασκευάζειν,
839 564 1038 651 negligenter
1064 564 1236 633 admodum
1260 586 1314 654 po·

129 672 196 741 nli
216 694 278 763 pro
298 674 453 741 ἐστελύειν
477 680 511 740 el
535 673 568 738 in
596 672 762 739 ἐντύνουσα
785 671 956 752 ὑπόσχεσιν
985 672 1159 739 immanem
1189 670 1315 739 hiatum

131 796 193 847 non
214 777 449 847 reformidavit.
497 776 560 844 Sed
590 776 746 863 Apollonii
768 784 800 843 et
828 772 1015 841 Callimachi
1044 785 1076 842 et
1104 775 1256 844 Nicandri
1283 787 1318 845 et

133 882 328 973 reliquorum
359 882 515 951 similium
549 883 777 967 ταρεφύσρνῖαν
810 880 894 958 λέξιν
925 889 958 947 et
992 880 1246 962 παρακούσματα
1282 883 1315 947 in

136 988 238 1057 aalma
267 998 317 1057 ut
340 989 404 1056 alio
435 998 578 1075 tempore
602 985 642 1054 dc
666 985 826 1053 industria
856 994 1006 1053 excutere
1032 992 1064 1051 et
1095 985 1134 1052 ad
1164 986 1316 1054 Veterum

139 1094 301 1163 mitatem
322 1094 471 1181 exigerc;
494 1113 581 1161 nunc
599 1093 742 1181 primum
766 1090 851 1177 quod
879 1091 1007 1157 institui
1035 1099 1196 1177 perieram
1226 1092 1319 1159 etad

145 1196 319 1267 lluaclidas
341 1199 446 1267 redeo.

181 1304 553 1373 inremu'155.cd·ro
575 1304 738 1386 βραδύνεις
769 1305 842 1369 νσύιι
866 1303 950 1380 ayo,
974 1319 1104 1368 necesse
1127 1310 1176 1367 cst
1195 1321 1315 1389 expon-

154 1417 194 1479 οἱ
208 1408 320 1499 copula
348 1414 404 1478 ούιι
433 1411 495 1491 tyn
518 1429 593 1477 cum
618 1408 770 1476 Eimsleio
794 1406 960 1482 scribere,
986 1404 1070 1491 quod
1098 1406 1239 1493 postulat
1267 1427 1320 1493 op·

158 1516 268 1605 pilio,
291 1524 330 1583 nt
347 1518 381 1583 in
404 1515 484 1584 louis
502 1515 680 1581 notissimis
703 1518 756 1581 σού
779 1512 850 1580 τύδ’
874 1516 929 1579 ούιο
952 1512 1028 1591 ἐμοῦ
1049 1511 1176 1589 κλύεις,
1200 1521 1257 1579 aui
1279 1513 1321 1580 σύ

159 1642 192 1689 σοι
207 1622 306 1703 λύγοις
326 1646 370 1689 νιν
388 1626 443 1690 cde
468 1622 549 1701 ἐγώ,
578 1621 611 1685 in
634 1620 805 1709 Hippolyto
830 1638 876 1685 rs.
901 1622 976 1683 352.
1003 1624 1035 1682 ct
1059 1614 1223 1702 Sophoclis
1246 1618 1318 1685 ttic-

122 1746 126 1771 ·-
162 1734 213 1795 nr
229 1746 273 1793 ra.
289 1732 367 1795 636.
391 1736 424 1794 ot
446 1726 533 1793 alibi.
579 1725 697 1793 Natum
720 1734 770 1792 cst
800 1726 827 1791 Κ
850 1744 890 1790 ex
914 1720 997 1789 male
1025 1722 1171 1808 repetitis
1200 1722 1319 1791 litteris

162 1840 192 1901 tu
209 1832 238 1901 ir
256 1842 509 1903 BPAATNGIC.

122 1974 126 1981 ·
195 1936 340 2026 Quidquid
362 1937 655 2005 comminiscuntur
678 1934 876 2021 interpretes
894 1952 992 2000 sensu
1015 1949 1143 1998 cassum
1167 1939 1199 1999 ot
1224 1931 1318 2019 plane

166 2038 308 2111 titurium
331 2051 381 2109 est
406 2041 490 2129 quod
511 2042 682 2108 Alcmenae
711 2040 854 2126 roganti:

491 2148 656 2214 rinadium
678 2147 797 2220 Ἰύλεοις
820 2145 915 2227 σοφόν
938 2168 1015 2210 ποτε

355 2252 530 2335 Εύρνσύύονς
554 2252 695 2337 ἐψεύσαθ’
718 2249 776 2321 dic-a
799 2252 845 2330 μῖι
868 2259 1013 2331 κτανεῖν;

168 2356 346 2447 tundatur
366 2380 414 2425 aa.
431 2362 519 2425 885:

313 2466 350 2533 τδ
372 2468 425 2532 σδν
448 2468 603 2545 προτιμῶν
625 2460 664 2538 οῖς
687 2487 731 2529 νιν
754 2464 930 2544 ὀφθαλμοῖς
954 2462 1027 2538 ἴδοις

310 2574 484 2653 κρατοῦντα
507 2570 560 2635 καὶ
583 2578 623 2652 σῇ
647 2568 885 2647 δεσποτούμενον
907 2570 989 2652 χερί.

166 2688 212 2741 n
225 2682 268 2743 art
282 2694 366 2765 opna
381 2675 602 2743 demonstrare
623 2678 796 2755 κρατοῦντα
814 2684 1003 2762 corruptum
1022 2696 1112 2743 esse:
1136 2674 1262 2743 abunde
1282 2674 1314 2741 id

165 2772 393 2875 hermarum
412 2780 469 2867 qui
494 2780 701 2866 interpretari
724 2780 831 2845 conati
859 2788 946 2848 sunt.
994 2781 1148 2869 Suspicor
1172 2790 1313 2850 veterem

165 2876 319 2955 burna
342 2884 518 2963 Graeculo,
543 2893 578 2951 ut
601 2885 656 2951 iati
677 2883 801 2961 solent,
826 2884 873 2950 sic
896 2884 1053 2972 expletam
1079 2907 1149 2954 essa
1169 2895 1207 2953 ut
1226 2906 1318 2953 voca·

165 2980 248 3059 Hm
275 2989 439 3079 quodlibet
462 2991 496 3056 in
520 3009 655 3056 vacuam
689 2990 797 3056 sedem
827 2992 1012 3057 inseruerit.
1059 2992 1165 3059 Unum
1190 2998 1318 3057 tantuma

165 3088 258 3165 illata
274 3096 458 3165 Graecitate
476 3103 527 3162 est
546 3095 754 3183 participium
781 3096 869 3185 (nam
892 3097 1099 3184 participium
1123 3093 1252 3182 aliquod
1271 3096 1319 3161 in·

165 3198 298 3271 inediae
328 3200 538 3269 manifestum
578 3200 662 3287 ast),
697 3200 782 3287 quod
814 3201 995 3267 sententiae
1033 3200 1118 3268 idem
1151 3208 1185 3267 et
1215 3208 1319 3268 metro

164 3308 262 3395 imin
281 3308 472 3382 conveniat,
498 3324 612 3392 nempe
640 3305 678 3379 ύς
701 3331 744 3371 νιν
768 3308 941 3389 ὄφύαλμοῖς
969 3306 1043 3381 ῖδσις
1067 3309 1317 3383 Πτύσσονπα.

165 3402 253 3481 litium
269 3421 319 3483 est
342 3414 492 3489 πήσσειν
515 3410 555 3476 de
578 3430 615 3476 eo
635 3409 698 3476 dici
724 3412 779 3497 qui
802 3431 901 3497 quum
927 3432 1060 3497 magnos
1084 3412 1219 3499 spiritus
1242 3420 1318 3479 ante

165 3516 285 3597 meet
315 3537 404 3585 nunc
432 3518 538 3584 victus
568 3514 712 3581 ciclade
738 3514 860 3581 tractus
883 3525 914 3583 et
936 3520 1045 3583 animo
1068 3516 1235 3605 perculsus
1260 3538 1318 3604 pa·

164 3616 232 3691 ne
252 3634 285 3693 et
314 3630 542 3691 consternatus
572 3620 723 3708 trepidat.
769 3621 922 3708 Exempla
959 3624 1078 3710 passim
1110 3632 1188 3689 sunt
1212 3622 1316 3691 obvia.

165 3718 345 3799 Μύοοιοιιω
366 3736 417 3795 est
435 3729 469 3794 in
498 3725 721 3794 Andromache
742 3746 787 3791 vs.
809 3731 892 3793 165:

311 3838 361 3903 δεῖ
381 3836 411 3899 σ’
434 3832 503 3900 cinai
528 3840 586 3900 τῶν
609 3832 678 3913 πρὶν
702 3833 815 3911 ὀλβίων
838 3834 1043 3915 Φρσνιρμύτων

311 3938 432 4017 πτῆξαι
454 3942 602 4015 ταπεινὴν
626 3947 808 4018 προσπεσεῖν
832 3944 862 4005 π’
885 3942 958 4019 ε’μδν
981 3940 1078 4018 γύνν,

164 4046 286 4137 Uttepa
305 4046 425 4125 πτῆξαι
450 4044 607 4111 dicuntur
628 4047 654 4110 οῖ
686 4044 826 4125 πρότερον
860 4045 990 4123 μὲνιςον
1022 4046 1229 4127 Φρονύσαντες
1260 4044 1313 4110 καὶ

163 4140 360 4233 Maroneo.
405 4151 513 4219 Alcaei
543 4148 760 4237 fragmentum
787 4150 884 4237 (apud
908 4150 1124 4217 Herodianum
1157 4150 1225 4232 περὶ
1255 4174 1315 4228 με·

162 4250 362 4429 1έέλύξοοις
386 4278 417 4346 p.
434 4262 493 4333 23,
522 4262 582 4337 10,
606 4257 661 4341 qui
685 4254 819 4337 ἔπταζον
844 4257 970 4322 Aeoliae
994 4255 1057 4322 dici
1079 4276 1136 4343 pro
1159 4255 1312 4330 ἔπτησσον

1029 4464 1085 4512 ar*
