2940 5010
708 246 750 307 6⁴2

136 441 267 491 manum
302 429 372 501 est,
405 429 442 488 ut
473 436 619 507 premere
649 436 816 504 nequeam.
862 415 966 485 Codex
989 414 1146 485 dtbenaei
1174 417 1210 483 in
1238 435 1325 505 seqq.

136 526 303 595 Menandri
338 525 444 594 verbis
475 525 624 598 πέπωκας
656 528 710 590 τοῦ
745 523 903 605 βασιλέως
934 521 1063 591 exhibet
1096 528 1131 589 et
1160 520 1326 599 Plutarchi

137 632 263 701 codices
287 654 316 720 p.
336 637 390 700 bt.
414 632 451 701 Α.
476 629 680 713 Ἀλεξάνδρου
705 635 757 703 τοῦ
779 628 938 711 βασιλέως
962 627 1055 695 πλέον
1079 628 1242 704 πέπωκας.
1267 628 1328 697 tn·

137 759 200 826 que
223 739 374 825 quoniam
397 737 461 820 τρῖς
487 735 604 815 ἐξέπιον
628 736 722 817 μετόν
747 742 889 801 metrum
918 732 1056 800 violabat
1084 732 1204 821 aliquis
1226 740 1262 815 ρ’
1283 734 1329 801 in·

137 842 229 911 tersit
261 842 341 910 benc
372 841 412 910 de
440 841 615 910 blenaudro
643 841 762 909 mereri
784 860 819 909 se
853 846 980 927 putans.
1033 837 1096 920 oui
1129 839 1163 906 iu
1196 837 1330 906 Stobaeo

137 948 242 1016 dedit:

318 1052 363 1120 δύ’
384 1050 457 1133 ἔσθ’,
479 1049 502 1120 ἃ
523 1061 621 1136 κρῖναι
643 1052 696 1120 τὸν
719 1058 837 1133 γαμεῖν
861 1049 1024 1132 μέλλοντα
1045 1050 1094 1118 δεῖ

320 1161 383 1238 ἤτοι
407 1169 540 1241 προσηνῆ
564 1159 633 1241 ὄψον
658 1159 675 1235 ἢ
698 1158 814 1242 χρηστὸν
835 1155 956 1240 τρόπον.

139 1275 168 1332 et
195 1283 326 1351 gravem
345 1282 488 1330 errorem
511 1283 606 1331 suum
630 1272 742 1351 poetae
765 1259 908 1329 affricuit
931 1270 964 1329 et
987 1269 1129 1329 metrum
1149 1258 1336 1346 pessumde-

140 1369 189 1435 dit
212 1377 244 1435 et
270 1367 413 1435 infelices
434 1368 709 1436 correctiuuculas
731 1368 869 1435 aliorum
892 1368 1058 1437 excitavit.
1105 1363 1185 1447 Quis
1208 1363 1338 1433 dubitet

141 1475 220 1561 quiu
243 1493 356 1541 verum
379 1474 423 1541 sit
450 1473 536 1561 quod
553 1472 716 1541 Bentlcius
737 1473 864 1563 primus
882 1472 980 1542 sidit:
1004 1475 1070 1554 ἕρπον
1094 1475 1243 1558 προσηνὴς
1263 1474 1337 1559 dure

141 1580 297 1663 ῖχρνςορ
319 1579 451 1665 cedros?
481 1579 611 1667 vulgata
643 1587 720 1647 nata
748 1587 860 1648 estex
883 1580 984 1647 veteri
1014 1579 1222 1668 corruptela,
1253 1598 1338 1669 quse

140 1686 279 1771 optimos
299 1684 428 1754 Stobaci
446 1684 578 1754 Codices
595 1684 739 1764 obsidet,
761 1686 807 1753 δύ’
827 1683 885 1755 iss.
909 1693 1007 1768 κρῖναι
1026 1687 1093 1754 scd.
1118 1683 1196 1753 binc
1216 1685 1337 1759 sciolos

141 1791 342 1859 accusativos
365 1790 475 1869 dedit,
509 1798 579 1857 tum
609 1789 767 1858 laboranti
790 1798 895 1857 metro
918 1790 1112 1858 subventum
1135 1798 1206 1859 ost:
1240 1790 1335 1865 uras

141 1894 206 1963 suli
231 1894 366 1964 barbare
388 1898 556 1981 προπνννὶν,
586 1895 699 1963 Critici
722 1903 854 1980 προσηνῆ
876 1896 913 1976 γ’
936 1897 1185 1983 excogitarunt,
1207 1896 1333 1984 quoda

139 2000 313 2068 Menandro
337 2010 394 2068 aut
417 2001 483 2068 ullo
506 2002 568 2068 alio
591 2000 719 2067 Comico
745 2019 899 2089 umquam
925 1999 990 2068 dici
1012 2001 1156 2089 potuisse
1178 2021 1245 2069 uon
1271 2000 1330 2071 elli·

141 2107 228 2173 cient
247 2107 393 2194 exempla
415 2107 456 2174 ab
475 2105 628 2177 Elmsleio
647 2106 687 2175 ad
708 2105 789 2174 bled.
811 2126 859 2173 rs.
882 2110 980 2175 1265.
1004 2105 1148 2181 collecta.
1194 2106 1328 2185 Comici,

140 2212 196 2297 qui
219 2212 399 2280 sexcenties
421 2214 486 2293 ἤτοι
503 2213 586 2292 -lt
609 2231 800 2298 componere
828 2210 953 2291 solent,
977 2231 1154 2300 numquam
1177 2236 1219 2292 γε
1247 2210 1328 2280 addi·

140 2315 268 2385 derunt.
316 2317 372 2384 Rei
397 2317 678 2404 frequentissimae
708 2315 853 2403 exempla
876 2335 1068 2386 enumerare
1091 2317 1243 2404 putidum
1265 2326 1326 2393 est:

141 2419 273 2489 afferam
295 2421 376 2489 duos
396 2422 503 2501 locos,
525 2424 582 2510 qui
605 2442 643 2489 ss
664 2421 762 2489 buius
783 2423 830 2489 rei
854 2421 1075 2489 observatione
1093 2421 1262 2497 emundari
1280 2422 1325 2497 ds,-

140 2526 226 2600 beut.
273 2526 442 2614 Amphidis
462 2526 551 2594 locus
573 2536 623 2595 est
645 2527 730 2614 apud
755 2526 870 2594 Athen.
892 2527 978 2595 lllll.
1003 2549 1034 2616 p.
1053 2533 1130 2597 669.
1154 2530 1193 2597 d.
1304 2588 1310 2605 ,

322 2636 340 2711 ri
365 2633 392 2701 δ’
415 2628 492 2701 οἶδεν
515 2630 560 2699 ὅτι
584 2634 601 2711 ἢ
621 2641 684 2707 τοῖς
705 2632 826 2716 πρόπαρ
847 2632 972 2709 ὠνητέος

320 2736 474 2822 ἅνθρωπός
497 2740 560 2810 isso
584 2741 601 2818 ri
624 2740 696 2822 πρὸς
722 2736 820 2806 ἄλλον
842 2739 981 2819 απιτέον.

140 2842 196 2909 ubi
226 2841 397 2929 legendum
426 2843 584 2913 arbitror:
619 2847 635 2922 si
662 2846 690 2912 δ’
716 2840 775 2913 οἷδ’
799 2840 845 2910 ὅτι
869 2844 934 2922 ἢτοι
965 2850 1029 2919 τοῖς
1063 2844 1185 2927 τρόποις
1214 2844 1327 2922 ῖνατῖνρ

139 2945 292 3029 ἅνθρωπός
315 2952 398 3028 issu,
429 2969 504 3017 nam
533 2948 625 3015 nlbill
655 2959 705 3017 est
727 2950 867 3027 ὠνεῖσθαί
893 2973 964 3015 τινα
988 2957 1052 3025 τοῖς
1076 2952 1222 3033 τρόποις.
1255 2946 1328 3039 quid

141 3054 182 3119 slt
205 3056 310 3132 ὄννῖταν
342 3061 406 3129 τοῖς
430 3054 550 3137 πρόπας
580 3056 786 3142 perspicuum
817 3062 877 3121 est.
926 3053 1045 3121 Comici
1077 3056 1226 3129 senarius
1256 3056 1330 3125 tatu

140 3158 226 3244 apud
253 3158 427 3237 Aristidem
459 3162 490 3227 ἐν
512 3163 578 3244 leod
606 3161 691 3245 λόγῳ
714 3161 751 3227 δ’.
785 3180 815 3247 p.
840 3163 916 3227 sal.
950 3158 1045 3229 iliud.
1074 3162 1152 3228 ἀλλ’
1176 3157 1197 3237 οῖ
1218 3162 1256 3247 τὸ
1275 3170 1330 3241 τοῖν

139 3266 329 3347 παροιμίας,
360 3263 445 3349 ἔφη,
471 3268 568 3347 ἐρεῖς·
593 3268 611 3344 ἢ
634 3267 780 3343 τοιαύταν
802 3267 865 3349 χρὴ
886 3273 1004 3345 γαμεῖν
1028 3265 1045 3343 ἢ
1066 3268 1111 3347 μὶν
1134 3273 1265 3348 γαμεῖν.
1288 3268 1337 3341 lli-

141 3369 203 3437 deu
224 3369 389 3437 domicum
411 3368 548 3471 dixisse:
1275 3420 1278 3425 -

322 3473 386 3549 sires
410 3466 556 3553 τοιαύτην
578 3479 640 3558 χρὴ
664 3483 782 3556 γαμεῖν
808 3477 825 3556 ἢ
848 3478 894 3557 μὴ
915 3486 1045 3559 γαμεῖν.

187 3576 223 3642 ln
246 3576 332 3645 bac
324 3598 391 3665 qrsa
410 3577 512 3647 torma
530 3579 679 3666 loquendi
692 3579 866 3649 blenauder
877 3580 1078 3668 negligenter
1097 3588 1224 3651 certum
1238 3546 1332 3655 tuum

142 3682 286 3748 omnium
312 3682 446 3752 violasse
467 3685 617 3771 arguitur
636 3705 655 3751 a
674 3684 923 3753 Grammatico
915 3707 947 3752 ru
969 3687 1110 3755 boisson
1135 3686 1254 3761 dnccd.
1277 3690 1332 3759 lll.

142 3808 171 3879 p.
191 3791 266 3861 257.

369 3894 550 3977 dordonam,
575 3898 592 3973 si
616 3895 913 3979 adadoloaldus!
934 3922 986 3977 μοι

368 3999 500 4079 didius
524 4002 587 4080 ἤτοι
611 4003 770 4083 διαβολήν.
1327 4056 1332 4071 .

143 4103 321 4173 rectissima
353 4116 462 4173 mouet
493 4106 665 4193 magister:
697 4109 791 4192 ἐχρῆν
811 4108 875 4190 γὰρ
907 4108 971 4187 ἤτοι
998 4108 1133 4189 δόξαντι
1157 4112 1332 4193 διαβολήν.-

141 4208 411 4295 quamadmodum
434 4221 467 4279 et
491 4212 545 4279 alii
569 4232 681 4283 onancs
709 4222 894 4283 constanter
916 4213 1029 4283 dicunt
1052 4225 1085 4287 et
1108 4216 1177 4307 ipse
1202 4216 1333 4355 dlauuu·

140 4310 197 4383 der
220 4312 306 4385 Stob
331 4316 439 4387 Floril
458 4316 550 4387 llldl.
575 4322 607 4389 6.
