2940 5010
693 271 736 335 38

116 453 189 514 tura
213 444 430 526 βδελύττομοι
450 443 550 512 latere
572 445 640 512 veri
663 443 866 511 simillimum
891 460 961 509 csse
983 440 1146 523 arbitror,
1184 450 1225 512 nt
1252 444 1320 535 ipn

116 553 226 621 Pousis
247 552 296 620 vel
318 552 408 619 blusa
431 550 565 617 dixerit:

296 659 408 733 ἀλλ’ἢ
431 655 571 722 τάλοοινοο
590 655 748 723 Φολοιιλέοο
769 654 1008 736 βδελύττομαι.

163 762 326 852 Oppenam
344 762 394 829 his
420 761 500 828 dues
519 759 625 840 laces,
649 760 704 827 ubi
723 761 886 829 contrario
908 780 1018 829 errare
1038 760 1144 829 aliena
1169 760 1279 830 verba
1300 780 1319 829 ι

118 869 226 936 sciolis
250 869 282 935 in
309 867 455 955 margine
478 867 622 954 apposita
645 874 703 934 aut
725 868 811 934 inter
832 885 945 934 versus
969 867 1157 954 adscripta,
1183 868 1241 935 uti
1261 866 1319 947 llt,

117 974 202 1042 male
221 975 432 1062 irrepserunt.
481 972 675 1059 Saepissime
692 970 751 1038 bec
770 971 894 1040 lactum
912 979 963 1039 est
986 973 1019 1038 in
1039 972 1143 1059 puetis
1166 968 1319 1063 queque,

117 1079 173 1148 sed
192 1080 268 1168 quia
288 1078 378 1147 lmus
395 1080 489 1145 metri
513 1077 635 1144 indicio
657 1077 769 1144 statim
792 1085 897 1165 patet,
920 1076 1072 1165 pleraque
1090 1077 1206 1145 omnia
1225 1076 1319 1147 addi·

117 1193 261 1253 tamenta
291 1183 387 1251 istius
413 1185 540 1271 generis
567 1181 691 1249 dudum
713 1190 873 1270 expuncta
900 1190 1001 1259 sunt,
1026 1190 1208 1270 supersunt
1225 1202 1318 1253 nuuc

118 1312 157 1358 es
180 1298 322 1367 tantum,
347 1289 403 1355 ubi
425 1307 538 1356 versus
560 1309 622 1355 nen
647 1289 773 1375 integer
789 1286 948 1355 emblema
965 1306 1028 1353 nen
1053 1286 1235 1375 patefacit,
1260 1296 1320 1359 aul

118 1395 174 1464 ubi
205 1395 246 1462 ad
279 1395 374 1461 metri
403 1394 490 1481 leges
520 1402 697 1481 utcumque
722 1392 1000 1461 accommodatum
1026 1401 1076 1461 est
1106 1392 1196 1481 quod
1228 1394 1319 1465 ιιιιΙι

73 1516 79 1529 ·
118 1521 236 1569 manus
256 1499 332 1567 elim
355 1499 485 1567 adierit.
538 1499 714 1587 Utriusque
735 1499 863 1585 generis
886 1516 974 1565 nunc
998 1518 1099 1566 unum
1124 1499 1318 1591 exemplum

120 1606 291 1696 proferam.
339 1606 375 1671 ln
399 1603 518 1672 Eubuli
538 1603 607 1672 loco
629 1603 715 1691 apud
736 1602 853 1672 Athen.
876 1603 929 1671 XI.
954 1609 1030 1671 473.
1052 1604 1090 1672 u.
1110 1603 1262 1692 legitur:

302 1712 365 1792 ἐγὼ
384 1710 439 1788 δέ,
462 1710 514 1776 acal
536 1710 600 1793 γὰρ
623 1709 736 1793 ἔτυχεν
757 1710 789 1777 ὃν
812 1711 1002 1792 urserunt

301 1827 358 1895 τῆς
381 1816 479 1890 cislae
502 1816 603 1882 κοινὸν
626 1823 796 1891 καπηλεῖον
819 1815 926 1895 ulra,

303 1923 424 1989 lvrabl’
445 1922 609 2005 έπετνὶρονν
632 1924 688 1998 τὴν
707 1921 819 2004 τροφὸν
842 1930 898 1999 τῆς
918 1920 1087 2004 παρθένον,

302 2026 433 2111 argelem
450 2026 603 2103 κιλεύοος
626 2028 679 2094 τὸν
697 2024 841 2103 κάπηλόν
863 2050 916 2106 μοι
938 2025 1006 2109 χέον

299 2133 432 2213 ὀβολοῦ,
455 2134 641 2215 repeterat
662 2133 688 2197 δ’
707 2134 746 2207 ὡς
767 2132 898 2212 alsien
919 2130 1085 2215 ιιοένέοιρον.

119 2240 174 2309 ael
198 2238 319 2306 adara·

302 2343 368 2410 tel
389 2342 536 2425 κοένέοοοος
559 2343 663 2411 ποέλοοι
688 2344 724 2420 ii
748 2344 833 2420 κενὸς
854 2348 895 2420 ὡς
918 2344 1111 2427 bapalmas.

122 2448 178 2517 ubi
194 2447 341 2515 homines
361 2446 447 2514 decli
467 2449 503 2527 id
527 2456 768 2535 expunxerunt,
792 2458 829 2515 ut
847 2450 943 2517 metri
962 2450 1045 2518 ratio
1065 2454 1234 2517 constaret
1255 2450 1321 2521 sei·

124 2554 210 2621 licet.
257 2553 299 2619 m
317 2551 398 2619 nibil
422 2554 469 2620 sic
490 2552 698 2641 prefecimus:
723 2563 870 2642 superest
891 2554 927 2634 lsi
951 2575 990 2622 ex
1009 2556 1142 2642 antique
1160 2574 1320 2645 compen·

122 2658 191 2735 (lie,
206 2678 269 2745 quc
280 2659 417 2735 δνλονέτι
430 2658 607 2746 significari
619 2658 758 2738 solebat,
773 2659 847 2727 vide
857 2660 941 2727 uasa.
954 2660 1131 2728 Cemment.
1146 2658 1325 2751 Palaecgr..

123 2786 155 2853 p.
170 2768 246 2832 725.
289 2764 409 2851 Nempe
433 2763 475 2832 ed
490 2763 666 2847 ξιιοένετοοι
689 2764 852 2833 adlenerat
868 2766 1045 2834 Graeculus
1065 2764 1205 2843 δηλονότι
1229 2766 1320 2845 mle

123 2873 177 2950 ὤν,
202 2869 319 2957 quibus
338 2869 488 2937 omnibus
511 2869 709 2957 Antiphanes
733 2871 849 2938 melius
872 2871 1003 2939 carebit.

169 2976 322 3043 Facetum
343 2983 394 3043 est
416 2973 526 3043 videre
548 2995 644 3062 quam
670 2975 807 3044 ridicule
831 2975 1009 3044 monachus
1030 2977 1149 3064 aliquis
1178 2984 1321 3066 repente

124 3084 332 3170 interstrepat
348 3090 381 3149 et
400 3083 583 3170 importune
603 3102 713 3149 necem
733 3083 914 3170 interponat
933 3103 1024 3150 suam
1044 3084 1077 3149 in
1095 3080 1214 3149 mediis
1233 3084 1320 3153 iacis

124 3188 245 3258 Nicolai
273 3187 356 3277 apud
383 3187 556 3255 stobaeum
584 3187 617 3253 in
645 3186 753 3255 urard.
769 3187 850 3255 XIV.
874 3192 909 3266 l,
933 3187 988 3254 ubi
1011 3189 1177 3258 Parasitus
1194 3187 1322 3279 aliquis

124 3294 309 3362 assentandi
332 3302 435 3360 artem
458 3295 507 3361 sic
530 3293 642 3359 docet:

305 3399 370 3466 alal
389 3403 449 3464 τῶν
468 3399 542 3464 ἐτῶν
562 3398 691 3465 κλέπτει
713 3424 760 3475 τις
781 3401 799 3478 ἢ
823 3401 876 3468 ael
897 3398 1063 3480 βάπτεται

306 3503 400 3570 έέλοιν
417 3504 514 3577 sabla
536 3499 613 3570 εἶνοοι
638 3505 690 3570 set
714 3508 788 3589 παρ’
811 3507 934 3593 baralas
957 3512 1057 3583 νοσεῖ,

305 3607 364 3678 lae
386 3608 568 3688 Γανυμήδης
587 3605 674 3684 οὗτος
696 3611 933 3690 οὶποέεούμενος.

307 3712 552 3795 ποοροοτοέττετοέ
569 3740 616 3789 τις
641 3715 693 3782 acal
714 3723 798 3782 ποιεῖ
817 3714 941 3789 aderas
962 3716 1081 3799 νεκρούς

309 3818 433 3902 δείπνῳ,
457 3829 557 3905 σιωπῇ
577 3826 683 3889 τοῦτον
703 3822 956 3903 ὑπομνοιτιιρέοος

307 3924 351 3997 εἰς
374 3926 429 4001 τὴν
451 3925 609 4009 πρέπεζοον
630 3928 682 3995 sel
702 3928 742 3994 cd
765 3929 821 4004 τὴν
839 3926 939 4008 χολὴν
960 3925 1055 4010 νὀφες.

128 4030 190 4113 Qui
222 4027 301 4095 baec
335 4028 596 4116 indignabundus
626 4032 791 4100 lectitabat
821 4032 896 4099 olim
931 4031 1107 4099 monachus
1138 4029 1324 4123 adscripsit

128 4137 200 4218 πρὸς
222 4133 317 4218 χάριν
342 4139 446 4215 ἑμιλεΐ
464 4142 518 4204 τοῦ
540 4137 704 4222 τρέφοντος
728 4140 779 4205 ἐπ’
803 4140 931 4223 ὀλέθρῳ,
955 4158 1038 4226 quae
1061 4136 1158 4204 verba
1185 4146 1324 4211 mulsit)

127 4246 264 4308 accentu
284 4240 316 4306 in
333 4241 434 4320 intare
456 4242 489 4308 in
515 4250 638 4310 textum
660 4254 786 4333 recepta
803 4255 874 4334 pest
891 4245 1114 4325 οἱποοεούμενος
1133 4243 1239 4313 inrito
1257 4244 1326 4317 Ρι.

127 4346 227 4413 rasile
253 4345 493 4428 obtruduntur,
524 4348 744 4437 ineptissime,
777 4360 813 4419 ut
838 4353 968 4440 opiner:
1002 4348 1184 4438 namquid
1213 4360 1270 4421 est
1302 4372 1327 4423 ι
