2940 5010
704 319 768 383 750

145 475 220 558 olim
243 491 268 559 1.
295 497 347 559 ll.
374 489 544 558 edebatur:
568 493 638 566 τοὺς
661 493 719 571 μὲν
740 494 875 576 χρησοὺς
896 495 1077 575 ἀτιμάσι
1096 494 1152 561 sal
1173 496 1317 578 χρίματα

143 600 348 682 ἀφαιροῦνται
373 599 426 663 καί
454 595 650 674 ἐξελαύνουσι
681 598 735 663 ιιαί
758 600 999 667 ἀποκτείνουσιν.
1045 600 1227 669 Ειιιιιοηῑ
1254 622 1317 691 put·

145 722 203 768 nas
235 722 368 780 omncs,
404 711 442 768 ut
475 702 583 780 vides,
618 703 742 789 legibus
780 705 974 771 constitutas
1005 706 1162 786 ἀτιμίαν,
1194 706 1319 789 ζημίαν,
1365 702 1367 785 ἶ

143 812 270 894 φυγήν,
294 810 442 886 ίάνατον,
469 810 578 895 itaque
600 808 721 895 absque
755 808 819 875 ullo
844 809 999 877 librorum
1023 811 1146 878 auxilio
1168 814 1321 893 ἀτιμοῦσι
1365 796 1367 815 ¹

143 915 362 1002 reponendum
387 934 457 982 esse
490 915 684 1002 apparebat,
717 915 844 1002 quoda
874 915 1010 984 Stobaeo
1039 926 1206 985 serratum
1237 918 1322 987 onio

145 1040 255 1087 rerum
278 1041 348 1087 esse
372 1021 498 1108 primus
518 1022 663 1087 omnium
686 1020 859 1088 Elmsleius
882 1020 992 1089 docuit
1008 1022 1050 1089 sd
1071 1020 1241 1111 Sophoclis
1257 1026 1321 1093 Aia·
1363 1070 1367 1115 ,

143 1145 212 1192 cem
245 1146 291 1192 rs.
319 1129 415 1192 1129.
452 1126 497 1215 (in
529 1127 608 1192 llus.
640 1128 718 1193 Crit.
743 1124 893 1194 cantabr.
917 1126 974 1194 ΙΙΙ.
1007 1148 1039 1216 p.
1062 1127 1168 1217 481),
1199 1130 1257 1216 qni
1276 1148 1323 1197 er·
1365 1120 1367 1191 ἶ

143 1230 215 1297 dem
240 1252 335 1318 opera
369 1232 539 1310 ἦτίμονται
568 1230 708 1298 euidenti
740 1231 963 1298 emendatione
992 1232 1200 1321 Xenophonti
1226 1234 1325 1303 reddi·

143 1337 192 1402 dit
222 1356 279 1423 pro
311 1343 462 1416 τιμῶνται
495 1344 525 1402 et
560 1340 745 1416 ἀτιμῶνται.
801 1337 859 1402 Est
892 1356 1007 1424 operae
1040 1340 1187 1426 pretium
1223 1340 1326 1409 sedule

133 1441 398 1508 animaduertere
422 1462 502 1528 quas
525 1441 639 1508 turbas
660 1440 783 1508 scribae
807 1439 885 1508 darc
914 1442 1040 1510 soleant
1063 1446 1098 1511 in
1128 1442 1243 1512 lormis
1263 1448 1326 1513 ἀτι·

139 1551 238 1626 μοῦν,
272 1548 393 1625 ἀτιμάν
426 1555 458 1613 et
488 1552 662 1626 drinium,
694 1546 876 1626 ἀτιμάσαι,
909 1551 1092 1630 ἀτιμῶσαι,
1122 1558 1158 1616 et
1188 1550 1324 1634 ἀτίζειν,

142 1652 327 1735 ἀτιμάζειν,
350 1652 390 1719 de
413 1674 476 1740 qua
500 1672 533 1718 re
556 1654 673 1718 eximia
694 1652 850 1739 quaedam
880 1655 1046 1721 annotavit
1070 1653 1247 1721 Elmcleius
1268 1654 1326 1723 ll

144 1778 240 1845 quem
265 1765 396 1825 secutus
418 1768 449 1825 et
474 1760 541 1844 ipse
561 1758 623 1824 alia
648 1757 803 1844 quaedam
829 1761 862 1824 in
887 1759 969 1826 banc
991 1779 1059 1827 rem
1086 1758 1168 1826 mibi
1190 1758 1327 1827 animad-

144 1883 236 1930 versa
269 1863 438 1950 proteram.
484 1867 622 1943 ’Λτιμάν
648 1864 773 1949 priscae
798 1863 928 1950 linguae
959 1866 1078 1952 Epicae
1102 1885 1201 1932 nsum
1231 1874 1265 1932 et
1292 1866 1328 1932 u·

144 1989 201 2036 nes
226 1989 288 2035 non
312 1968 458 2036 excedit:
491 1970 609 2036 caeteri
635 1988 746 2035 ornnes
768 1978 954 2036 constanter
979 1970 1148 2055 ἀτιμάζειν
1171 1970 1326 2041 dicebant

143 2075 302 2141 Homerus
322 2076 505 2161 promiscue
529 2075 635 2140 utitur
657 2073 762 2140 vorbis
784 2076 838 2142 rto
859 2083 892 2142 et
914 2080 1031 2157 τιμῖιν,
1057 2076 1179 2164 quibus
1200 2078 1326 2166 opponit

143 2181 258 2264 ἀσίζιι,
282 2183 403 2259 ἀτιμάν
426 2189 459 2247 et
481 2180 657 2262 ἀτιμάζειν.
705 2177 819 2268 Οάγεε.
842 2191 881 2247 Π.
908 2186 991 2248 306:

280 2287 357 2366 ἡμίν
379 2283 454 2353 ὅπου
476 2311 524 2360 τις
547 2289 599 2351 νῶϊ
618 2286 691 2351 τίει
713 2286 766 2352 καί
792 2286 882 2353 δείδιε
907 2289 1014 2370 ίυμῷ,

279 2392 325 2468 ἠδ’
347 2388 410 2465 ὅτις
433 2395 488 2458 οὐκ
511 2392 622 2471 ἀλέγει
646 2392 698 2457 καί
721 2395 847 2478 ἀτιμᾷ
876 2400 955 2459 τοῖιν
979 2392 1080 2460 ἐόντα.

144 2504 176 2562 el
209 2499 327 2583 passim
363 2496 449 2562 alibi.
505 2497 634 2582 Tragici
667 2496 782 2577 ἀτίζειν
813 2506 845 2563 et
873 2496 1040 2579 ἀσιμοίζειν
1066 2496 1244 2577 dibebaul,
1277 2498 1325 2567 sui

141 2604 261 2681 ἀτιμάν
285 2623 346 2668 non
369 2602 540 2678 dicebant,
567 2622 711 2688 proquo
743 2606 874 2683 ἀτιμοῦν
898 2611 930 2669 et
954 2604 1146 2683 ίτιμωμίνος
1170 2624 1323 2672 nonnum·

142 2726 238 2793 quam
263 2708 473 2794 usurpabant.
520 2707 635 2772 Forma
663 2708 768 2793 prisca
790 2717 822 2773 et
853 2706 993 2774 obsoleta
1025 2708 1123 2791 ἀτίζει
1151 2709 1322 2778 subindcr

141 2812 257 2879 scribis
278 2813 423 2900 iugulato
441 2822 543 2878 metro
566 2814 598 2878 in
619 2814 763 2895 ἀτιμάζω
783 2814 1021 2899 corrumpitur,
1046 2821 1082 2879 ut
1101 2813 1322 2883 docuitllarl·

142 2917 258 2984 landus
281 2918 320 2985 ad
342 2917 506 3005 Euripidis
531 2916 697 3004 Supplices
724 2940 769 2984 rs.
799 2923 859 2996 18,
884 2919 938 2983 ubi
965 2920 997 2983 in
1022 2917 1097 2985 (lod.
1122 2928 1193 2987 est:

322 3023 453 3106 είργουσι
474 3024 499 3089 δ’
523 3026 548 3088 ol
572 3029 755 3104 κρατοῦντες
779 3025 842 3090 οὐδ’
866 3026 1020 3106 ἀναίρεσιν

321 3131 421 3197 δοῦναι
446 3129 563 3195 ίίλσνσι
587 3130 693 3207 νόμιμ’
717 3129 985 3210 ἀσιμάζοντες
1011 3131 1100 3206 θεῶν,

143 3253 199 3321 pro
222 3235 400 3316 ἀτίζοντες,
425 3243 455 3302 et
480 3237 512 3300 in
538 3234 700 3301 Alcestide
725 3255 771 3298 vs.
797 3239 902 3302 litu:

321 3339 399 3406 οὔτοι
423 3344 452 3406 σ’
474 3340 673 3423 ἀτιμάζων
697 3341 758 3406 οὐδ’
782 3341 813 3404 ἐν
834 3343 1007 3421 αἰσχροῖσιν
1029 3342 1108 3407 τιίεί
1132 3390 1142 3416 ,

142 3463 199 3529 pru
221 3445 344 3526 ἀτίζων.
391 3445 502 3530 ltaque
526 3447 558 3510 in
585 3444 749 3532 Sophoclis
773 3445 870 3511 Aiace
893 3464 938 3510 vs.
963 3448 1067 3522 tutu,
1098 3446 1152 3512 ubi
1180 3448 1213 3514 in
1239 3448 1321 3515 libris

141 3558 208 3614 est:

321 3657 366 3734 μή
390 3679 439 3719 νυν
463 3656 596 3735 ἀτίμα
621 3657 702 3729 θεοὺς
727 3659 802 3731 denir
824 3658 1034 3738 σεσωσμένος,

140 3760 274 3848 ambigit
306 3758 478 3827 utmsteius
508 3771 616 3828 utrum
652 3761 767 3841 ἀτίμου
794 3781 835 3828 an
867 3761 955 3846 ἀτιζε
989 3765 1031 3830 sit
1064 3764 1182 3831 uerius.
1230 3765 1322 3852 liqui·

141 3867 212 3934 dein
240 3886 301 3931 non
325 3865 539 3933 dubitaverim
564 3866 652 3949 ἀτιζε
686 3868 858 3955 amplecti,
891 3870 975 3955 quod
1000 3890 1102 3958 quntn
1127 3867 1169 3934 ab
1199 3869 1323 3937 indocto

141 3971 245 4038 scriba
268 3975 300 4036 in
324 3972 463 4055 ἀτίμαζε
486 3983 570 4040 esset
593 3973 824 4060 depravatum,
849 3979 1034 4061 superuenit
1057 3974 1138 4042 levis
1160 3975 1325 4043 corrector

141 4078 196 4163 qui
223 4079 318 4145 metri
340 4097 438 4146 causa
466 4079 610 4146 nltimam
636 4078 791 4169 syllabam
816 4080 974 4159 resecuit,
998 4100 1099 4166 quum
1121 4082 1255 4149 tertiam
1278 4081 1326 4149 dc·

141 4181 270 4249 buisset.
319 4183 488 4251 Subnniror
515 4184 673 4271 quomodo
696 4186 869 4252 Elmsleius
901 4185 1022 4273 aliquid
1049 4184 1202 4252 tribuerit
1231 4208 1326 4256 anno·

139 4288 335 4357 tatiuuculae
358 4291 397 4358 ad
424 4290 454 4355 lt.
474 4288 497 4358 l.
543 4291 699 4371 Ἀτίμαε
734 4295 826 4370 ἤγουν
849 4292 979 4372 ἀτίμους
1011 4292 1101 4359 σσίει.
1134 4293 1319 4377 ἀτιμάζο

137 4392 172 4459 τί
196 4402 398 4479 καταφρονῶ,
430 4397 558 4474 ἀτιμοῖ
586 4397 621 4463 τί
649 4393 759 4477 ἀτιμον
796 4403 867 4463 ποιῶ
900 4398 952 4463 καί
993 4398 1234 4481 ἠτιμωμένος
1273 4400 1323 4467 ἐισί
