<?xml version="1.0" encoding="UTF-8"?>
<!DOCTYPE html PUBLIC "-//W3C//DTD XHTML 1.0 Transitional//EN"
    "http://www.w3.org/TR/xhtml1/DTD/xhtml1-transitional.dtd">
<html xmlns="http://www.w3.org/1999/xhtml" xml:lang="en" lang="en">
 <head>
  <title>
</title>
<meta http-equiv="Content-Type" content="text/html;charset=utf-8" />
  <meta name='ocr-system' content='tesseract 3.04.00' />
  <meta name='ocr-capabilities' content='ocr_page ocr_carea ocr_par ocr_line ocrx_word'/>
</head>
<body>
  <div class='ocr_page' id='page_1' title='image "./novaelectionesq00cobegoog/novaelectionesq00cobegoog_0572.png"; bbox 0 0 2940 5010; ppageno 0'>
   <div class='ocr_carea' id='block_1_1' title="bbox 678 288 742 356">
    <p class='ocr_par' dir='ltr' id='par_1_1' title="bbox 678 288 742 356">
     <span class='ocr_line' id='line_1_1' title="bbox 678 288 742 356; baseline 0 -1"><span class='ocrx_word' id='word_1_1' title='bbox 678 288 742 356; x_wconf 73' lang='lat' dir='ltr'><strong>ddi</strong></span> 
     </span>
    </p>
   </div>
   <div class='ocr_carea' id='block_1_2' title="bbox 110 461 1294 765">
    <p class='ocr_par' dir='ltr' id='par_1_2' title="bbox 110 461 1294 765">
     <span class='ocr_line' id='line_1_2' title="bbox 110 461 1293 552; baseline 0.006 -23"><span class='ocrx_word' id='word_1_2' title='bbox 110 461 339 531; x_wconf 69' lang='lat' dir='ltr'><strong>inanimum</strong></span> <span class='ocrx_word' id='word_1_3' title='bbox 370 462 433 529; x_wconf 86' lang='lat' dir='ltr'><strong>riri</strong></span> <span class='ocrx_word' id='word_1_4' title='bbox 463 462 574 532; x_wconf 89' lang='lat' dir='ltr'><strong>suhire</strong></span> <span class='ocrx_word' id='word_1_5' title='bbox 600 465 742 552; x_wconf 88' lang='lat' dir='ltr'><strong>potuisse</strong></span> <span class='ocrx_word' id='word_1_6' title='bbox 764 462 978 552; x_wconf 80' lang='lat' dir='ltr'><strong>quodraginta</strong></span> <span class='ocrx_word' id='word_1_7' title='bbox 1008 464 1090 534; x_wconf 93' lang='lat' dir='ltr'><strong>duos</strong></span> <span class='ocrx_word' id='word_1_8' title='bbox 1121 467 1293 536; x_wconf 90' lang='lat' dir='ltr'><strong>minimum</strong></span> 
     </span>
     <span class='ocr_line' id='line_1_3' title="bbox 110 568 1293 657; baseline 0.005 -22"><span class='ocrx_word' id='word_1_9' title='bbox 110 584 211 635; x_wconf 78' lang='grc' dir='ltr'><strong><em>ιιιοο</em></strong></span> <span class='ocrx_word' id='word_1_10' title='bbox 239 568 335 637; x_wconf 86' lang='lat' dir='ltr'><strong>netii</strong></span> <span class='ocrx_word' id='word_1_11' title='bbox 381 568 468 636; x_wconf 77' lang='lat' dir='ltr'><strong>Fieri</strong></span> <span class='ocrx_word' id='word_1_12' title='bbox 502 589 563 636; x_wconf 91' lang='lat' dir='ltr'><strong>non</strong></span> <span class='ocrx_word' id='word_1_13' title='bbox 598 578 703 657; x_wconf 86' lang='lat' dir='ltr'><strong>potest</strong></span> <span class='ocrx_word' id='word_1_14' title='bbox 736 579 773 637; x_wconf 88' lang='lat' dir='ltr'><strong>ut</strong></span> <span class='ocrx_word' id='word_1_15' title='bbox 802 568 861 636; x_wconf 91' lang='lat' dir='ltr'><strong>hoo</strong></span> <span class='ocrx_word' id='word_1_16' title='bbox 886 571 1057 657; x_wconf 80' lang='lat' dir='ltr'><strong>quisquam</strong></span> <span class='ocrx_word' id='word_1_17' title='bbox 1082 572 1115 638; x_wconf 93' lang='lat' dir='ltr'><strong>in</strong></span> <span class='ocrx_word' id='word_1_18' title='bbox 1147 574 1293 641; x_wconf 88' lang='lat' dir='ltr'><strong>animum</strong></span> 
     </span>
     <span class='ocr_line' id='line_1_4' title="bbox 110 668 1294 765; baseline 0.006 -27"><span class='ocrx_word' id='word_1_19' title='bbox 110 668 243 740; x_wconf 77' lang='lat' dir='ltr'><strong>induent</strong></span> <span class='ocrx_word' id='word_1_20' title='bbox 265 692 373 741; x_wconf 88' lang='lat' dir='ltr'><strong>snum.</strong></span> <span class='ocrx_word' id='word_1_21' title='bbox 420 674 541 743; x_wconf 80' lang='lat' dir='ltr'><strong>Deinde</strong></span> <span class='ocrx_word' id='word_1_22' title='bbox 561 677 745 743; x_wconf 85' lang='lat' dir='ltr'><strong>oonvoeatis</strong></span> <span class='ocrx_word' id='word_1_23' title='bbox 769 677 904 743; x_wconf 80' lang='lat' dir='ltr'><strong>Proxeni</strong></span> <span class='ocrx_word' id='word_1_24' title='bbox 926 676 1171 744; x_wconf 73' lang='lat' dir='ltr'><strong>centurionibus</strong></span> <span class='ocrx_word' id='word_1_25' title='bbox 1191 698 1294 765; x_wconf 86' lang='lat' dir='ltr'><strong>quum</strong></span> 
     </span>
    </p>
   </div>
   <div class='ocr_carea' id='block_1_3' title="bbox 110 776 1294 4349">
    <p class='ocr_par' dir='ltr' id='par_1_3' title="bbox 110 776 1294 3710">
     <span class='ocr_line' id='line_1_5' title="bbox 110 776 1294 851; baseline 0.005 -6"><span class='ocrx_word' id='word_1_26' title='bbox 110 776 254 845; x_wconf 79' lang='lat' dir='ltr'><strong>omnium</strong></span> <span class='ocrx_word' id='word_1_27' title='bbox 279 779 403 847; x_wconf 82' lang='lat' dir='ltr'><strong>enimus</strong></span> <span class='ocrx_word' id='word_1_28' title='bbox 426 779 534 848; x_wconf 87' lang='lat' dir='ltr'><strong>rerhis</strong></span> <span class='ocrx_word' id='word_1_29' title='bbox 557 781 790 849; x_wconf 76' lang='lat' dir='ltr'><strong>inflammasset</strong></span> <span class='ocrx_word' id='word_1_30' title='bbox 823 779 937 848; x_wconf 82' lang='lat' dir='ltr'><strong>fortem</strong></span> <span class='ocrx_word' id='word_1_31' title='bbox 971 800 1009 847; x_wconf 92' lang='lat' dir='ltr'><strong>ae</strong></span> <span class='ocrx_word' id='word_1_32' title='bbox 1034 790 1199 849; x_wconf 91' lang='lat' dir='ltr'><strong>strenuam</strong></span> <span class='ocrx_word' id='word_1_33' title='bbox 1224 804 1294 851; x_wconf 87' lang='lat' dir='ltr'><strong>ore·</strong></span> 
     </span>
     <span class='ocr_line' id='line_1_6' title="bbox 110 880 1294 968; baseline 0.006 -19"><span class='ocrx_word' id='word_1_34' title='bbox 110 880 229 951; x_wconf 83' lang='lat' dir='ltr'><strong>tionem</strong></span> <span class='ocrx_word' id='word_1_35' title='bbox 253 883 489 954; x_wconf 81' lang='lat' dir='ltr'><strong>modestissime</strong></span> <span class='ocrx_word' id='word_1_36' title='bbox 520 886 571 953; x_wconf 85' lang='lat' dir='ltr'><strong>his</strong></span> <span class='ocrx_word' id='word_1_37' title='bbox 595 888 701 955; x_wconf 86' lang='lat' dir='ltr'><strong>verhis</strong></span> <span class='ocrx_word' id='word_1_38' title='bbox 724 886 905 955; x_wconf 89' lang='lat' dir='ltr'><strong>eoneiudit:</strong></span> <span class='ocrx_word' id='word_1_39' title='bbox 940 889 966 953; x_wconf 80' lang='lat' dir='ltr'><strong>ri</strong></span> <span class='ocrx_word' id='word_1_40' title='bbox 998 888 1056 968; x_wconf 73' lang='lat' dir='ltr'><strong>pta</strong></span> <span class='ocrx_word' id='word_1_41' title='bbox 1088 888 1202 966; x_wconf 76' lang='grc' dir='ltr'><strong><em>ὑμεῖς</em></strong></span> <span class='ocrx_word' id='word_1_42' title='bbox 1232 890 1294 957; x_wconf 79' lang='lat' dir='ltr'><strong>ut-</strong></span> 
     </span>
     <span class='ocr_line' id='line_1_7' title="bbox 110 986 1293 1074; baseline 0.007 -19"><span class='ocrx_word' id='word_1_43' title='bbox 110 998 182 1055; x_wconf 71' lang='lat' dir='ltr'><strong>trra</strong></span> <span class='ocrx_word' id='word_1_44' title='bbox 202 986 336 1071; x_wconf 64' lang='grc' dir='ltr'><strong><em>ἔξορμᾶν</em></strong></span> <span class='ocrx_word' id='word_1_45' title='bbox 359 990 411 1057; x_wconf 72' lang='lat' dir='ltr'><strong>tat</strong></span> <span class='ocrx_word' id='word_1_46' title='bbox 433 997 539 1059; x_wconf 74' lang='grc' dir='ltr'><strong><em>ταῦτα</em></strong></span> <span class='ocrx_word' id='word_1_47' title='bbox 565 991 693 1061; x_wconf 67' lang='grc' dir='ltr'><strong><em>ἕπεσθαι</em></strong></span> <span class='ocrx_word' id='word_1_48' title='bbox 719 995 791 1074; x_wconf 78' lang='grc' dir='ltr'><strong><em>ὑμῖν</em></strong></span> <span class='ocrx_word' id='word_1_49' title='bbox 821 993 1000 1072; x_wconf 72' lang='grc' dir='ltr'><strong><em>βούλομαι,</em></strong></span> <span class='ocrx_word' id='word_1_50' title='bbox 1023 994 1050 1059; x_wconf 79' lang='lat' dir='ltr'><strong>ei</strong></span> <span class='ocrx_word' id='word_1_51' title='bbox 1073 991 1100 1058; x_wconf 77' lang='grc' dir='ltr'><strong>δ’</strong></span> <span class='ocrx_word' id='word_1_52' title='bbox 1120 993 1192 1072; x_wconf 73' lang='grc' dir='ltr'><strong>ἐμὲ</strong></span> <span class='ocrx_word' id='word_1_53' title='bbox 1215 993 1293 1063; x_wconf 78' lang='lat' dir='ltr'><strong>rair-</strong></span> 
     </span>
     <span class='ocr_line' id='line_1_8' title="bbox 110 1094 1290 1183; baseline 0.008 -24"><span class='ocrx_word' id='word_1_54' title='bbox 110 1114 179 1159; x_wconf 80' lang='lat' dir='ltr'><strong>rm</strong></span> <span class='ocrx_word' id='word_1_55' title='bbox 201 1094 344 1172; x_wconf 69' lang='grc' dir='ltr'><strong><em>ἡγεῖσθαι</em></strong></span> <span class='ocrx_word' id='word_1_56' title='bbox 368 1098 481 1164; x_wconf 76' lang='grc' dir='ltr'><strong><em>οὐδὲν</em></strong></span> <span class='ocrx_word' id='word_1_57' title='bbox 504 1100 817 1183; x_wconf 70' lang='grc' dir='ltr'><strong>προφασίζομαι</strong></span> <span class='ocrx_word' id='word_1_58' title='bbox 845 1100 915 1174; x_wconf 74' lang='lat' dir='ltr'><strong>rire</strong></span> <span class='ocrx_word' id='word_1_59' title='bbox 940 1097 1102 1174; x_wconf 70' lang='grc' dir='ltr'><strong><em>ἠλικίαν</em></strong></span> <span class='ocrx_word' id='word_1_60' title='bbox 1123 1099 1214 1166; x_wconf 67' lang='grc' dir='ltr'><strong>ἀλλὰ</strong></span> <span class='ocrx_word' id='word_1_61' title='bbox 1237 1102 1290 1168; x_wconf 74' lang='lat' dir='ltr'><strong>nai</strong></span> 
     </span>
     <span class='ocr_line' id='line_1_9' title="bbox 110 1196 1291 1286; baseline 0.007 -22"><span class='ocrx_word' id='word_1_62' title='bbox 110 1196 307 1283; x_wconf 65' lang='grc' dir='ltr'><strong><em>ἰκμῶζιιι</em></strong></span> <span class='ocrx_word' id='word_1_63' title='bbox 331 1204 508 1283; x_wconf 70' lang='grc' dir='ltr'><strong><em>ἡγοῦμαι</em></strong></span> <span class='ocrx_word' id='word_1_64' title='bbox 533 1204 646 1286; x_wconf 77' lang='grc' dir='ltr'><strong><em>ἐρύκειν</em></strong></span> <span class='ocrx_word' id='word_1_65' title='bbox 665 1207 724 1270; x_wconf 69' lang='grc' dir='ltr'><strong><em>ἄπ’</em></strong></span> <span class='ocrx_word' id='word_1_66' title='bbox 748 1205 885 1283; x_wconf 76' lang='grc' dir='ltr'><strong><em>ἐμαυτοῦ</em></strong></span> <span class='ocrx_word' id='word_1_67' title='bbox 908 1203 953 1269; x_wconf 76' lang='lat' dir='ltr'><strong>rei</strong></span> <span class='ocrx_word' id='word_1_68' title='bbox 975 1201 1071 1268; x_wconf 79' lang='grc' dir='ltr'><strong><em>ιιαιιιί.</em></strong></span> <span class='ocrx_word' id='word_1_69' title='bbox 1119 1205 1207 1271; x_wconf 84' lang='lat' dir='ltr'><strong>Luce</strong></span> <span class='ocrx_word' id='word_1_70' title='bbox 1227 1204 1291 1273; x_wconf 79' lang='lat' dir='ltr'><strong>ela·</strong></span> 
     </span>
     <span class='ocr_line' id='line_1_10' title="bbox 110 1304 1291 1393; baseline 0.006 -23"><span class='ocrx_word' id='word_1_71' title='bbox 110 1304 175 1371; x_wconf 72' lang='lat' dir='ltr'><strong>ritu</strong></span> <span class='ocrx_word' id='word_1_72' title='bbox 203 1312 254 1371; x_wconf 80' lang='lat' dir='ltr'><strong>esi</strong></span> <span class='ocrx_word' id='word_1_73' title='bbox 283 1304 368 1373; x_wconf 83' lang='lat' dir='ltr'><strong>haue</strong></span> <span class='ocrx_word' id='word_1_74' title='bbox 395 1326 465 1374; x_wconf 83' lang='lat' dir='ltr'><strong>esse</strong></span> <span class='ocrx_word' id='word_1_75' title='bbox 496 1310 672 1376; x_wconf 81' lang='lat' dir='ltr'><strong>orationem</strong></span> <span class='ocrx_word' id='word_1_76' title='bbox 702 1313 757 1376; x_wconf 83' lang='grc' dir='ltr'><strong><em>ποῦ</em></strong></span> <span class='ocrx_word' id='word_1_77' title='bbox 789 1308 872 1375; x_wconf 77' lang='grc' dir='ltr'><strong><em>οὔπω</em></strong></span> <span class='ocrx_word' id='word_1_78' title='bbox 903 1309 934 1372; x_wconf 79' lang='grc' dir='ltr'><strong>ἕν</strong></span> <span class='ocrx_word' id='word_1_79' title='bbox 966 1309 1072 1393; x_wconf 65' lang='lat' dir='ltr'><strong>dernier</strong></span> <span class='ocrx_word' id='word_1_80' title='bbox 1101 1308 1206 1388; x_wconf 76' lang='grc' dir='ltr'><strong><em>ὄντος,</em></strong></span> <span class='ocrx_word' id='word_1_81' title='bbox 1235 1316 1291 1377; x_wconf 81' lang='grc' dir='ltr'><strong><em>ποῦ</em></strong></span> 
     </span>
     <span class='ocr_line' id='line_1_11' title="bbox 110 1408 1290 1500; baseline 0.004 -21"><span class='ocrx_word' id='word_1_82' title='bbox 110 1408 186 1479; x_wconf 69' lang='lat' dir='ltr'><strong>»dtu</strong></span> <span class='ocrx_word' id='word_1_83' title='bbox 215 1409 420 1495; x_wconf 67' lang='grc' dir='ltr'><strong><em>ἀκμάζοντος.</em></strong></span> <span class='ocrx_word' id='word_1_84' title='bbox 466 1412 566 1481; x_wconf 82' lang='lat' dir='ltr'><strong>Crede</strong></span> <span class='ocrx_word' id='word_1_85' title='bbox 603 1432 712 1490; x_wconf 89' lang='lat' dir='ltr'><strong>nune,</strong></span> <span class='ocrx_word' id='word_1_86' title='bbox 749 1414 775 1480; x_wconf 87' lang='lat' dir='ltr'><strong>si</strong></span> <span class='ocrx_word' id='word_1_87' title='bbox 802 1420 909 1500; x_wconf 83' lang='lat' dir='ltr'><strong>potes,</strong></span> <span class='ocrx_word' id='word_1_88' title='bbox 940 1411 1019 1480; x_wconf 87' lang='lat' dir='ltr'><strong>haee</strong></span> <span class='ocrx_word' id='word_1_89' title='bbox 1042 1414 1151 1480; x_wconf 85' lang='lat' dir='ltr'><strong>virum</strong></span> <span class='ocrx_word' id='word_1_90' title='bbox 1182 1414 1290 1484; x_wconf 81' lang='lat' dir='ltr'><strong>dicere</strong></span> 
     </span>
     <span class='ocr_line' id='line_1_12' title="bbox 110 1512 1291 1610; baseline 0.006 -27"><span class='ocrx_word' id='word_1_91' title='bbox 110 1512 318 1605; x_wconf 71' lang='lat' dir='ltr'><strong>pnndrapintn</strong></span> <span class='ocrx_word' id='word_1_92' title='bbox 341 1516 422 1584; x_wconf 93' lang='lat' dir='ltr'><strong>duos</strong></span> <span class='ocrx_word' id='word_1_93' title='bbox 454 1537 556 1586; x_wconf 93' lang='lat' dir='ltr'><strong>annos</strong></span> <span class='ocrx_word' id='word_1_94' title='bbox 583 1529 707 1586; x_wconf 89' lang='lat' dir='ltr'><strong>natum.</strong></span> <span class='ocrx_word' id='word_1_95' title='bbox 758 1519 897 1605; x_wconf 79' lang='lat' dir='ltr'><strong>Apparet</strong></span> <span class='ocrx_word' id='word_1_96' title='bbox 928 1538 1002 1585; x_wconf 89' lang='lat' dir='ltr'><strong>eum</strong></span> <span class='ocrx_word' id='word_1_97' title='bbox 1030 1519 1087 1605; x_wconf 86' lang='lat' dir='ltr'><strong>qui</strong></span> <span class='ocrx_word' id='word_1_98' title='bbox 1113 1521 1157 1587; x_wconf 95' lang='lat' dir='ltr'><strong>ita</strong></span> <span class='ocrx_word' id='word_1_99' title='bbox 1180 1519 1291 1610; x_wconf 85' lang='lat' dir='ltr'><strong>loque·</strong></span> 
     </span>
     <span class='ocr_line' id='line_1_13' title="bbox 110 1620 1291 1715; baseline 0.004 -26"><span class='ocrx_word' id='word_1_100' title='bbox 110 1640 159 1691; x_wconf 78' lang='lat' dir='ltr'><strong>‚ur</strong></span> <span class='ocrx_word' id='word_1_101' title='bbox 178 1621 330 1689; x_wconf 90' lang='lat' dir='ltr'><strong>omnihus</strong></span> <span class='ocrx_word' id='word_1_102' title='bbox 352 1620 392 1690; x_wconf 84' lang='lat' dir='ltr'><strong>ad</strong></span> <span class='ocrx_word' id='word_1_103' title='bbox 415 1642 497 1709; x_wconf 90' lang='lat' dir='ltr'><strong>quos</strong></span> <span class='ocrx_word' id='word_1_104' title='bbox 529 1624 615 1691; x_wconf 87' lang='lat' dir='ltr'><strong>dieat</strong></span> <span class='ocrx_word' id='word_1_105' title='bbox 645 1631 751 1690; x_wconf 89' lang='lat' dir='ltr'><strong>aetate</strong></span> <span class='ocrx_word' id='word_1_106' title='bbox 781 1643 851 1691; x_wconf 87' lang='lat' dir='ltr'><strong>esse</strong></span> <span class='ocrx_word' id='word_1_107' title='bbox 878 1621 1064 1690; x_wconf 87' lang='lat' dir='ltr'><strong>interiorem</strong></span> <span class='ocrx_word' id='word_1_108' title='bbox 1098 1645 1202 1712; x_wconf 89' lang='lat' dir='ltr'><strong>neque</strong></span> <span class='ocrx_word' id='word_1_109' title='bbox 1233 1648 1291 1715; x_wconf 84' lang='lat' dir='ltr'><strong>per</strong></span> 
     </span>
     <span class='ocr_line' id='line_1_14' title="bbox 110 1727 1287 1823; baseline 0.001 -26"><span class='ocrx_word' id='word_1_110' title='bbox 110 1734 238 1797; x_wconf 78' lang='lat' dir='ltr'><strong>nutem</strong></span> <span class='ocrx_word' id='word_1_111' title='bbox 269 1727 333 1794; x_wconf 89' lang='lat' dir='ltr'><strong>iam</strong></span> <span class='ocrx_word' id='word_1_112' title='bbox 362 1747 438 1795; x_wconf 89' lang='lat' dir='ltr'><strong>eum</strong></span> <span class='ocrx_word' id='word_1_113' title='bbox 470 1730 606 1817; x_wconf 92' lang='lat' dir='ltr'><strong>imperio</strong></span> <span class='ocrx_word' id='word_1_114' title='bbox 637 1750 706 1797; x_wconf 87' lang='lat' dir='ltr'><strong>esso</strong></span> <span class='ocrx_word' id='word_1_115' title='bbox 739 1749 831 1816; x_wconf 90' lang='lat' dir='ltr'><strong>posse</strong></span> <span class='ocrx_word' id='word_1_116' title='bbox 867 1728 979 1795; x_wconf 87' lang='lat' dir='ltr'><strong>videri.</strong></span> <span class='ocrx_word' id='word_1_117' title='bbox 1035 1729 1204 1798; x_wconf 88' lang='lat' dir='ltr'><strong>Praeterea</strong></span> <span class='ocrx_word' id='word_1_118' title='bbox 1239 1731 1287 1823; x_wconf 88' lang='lat' dir='ltr'><strong>itii</strong></span> 
     </span>
     <span class='ocr_line' id='line_1_15' title="bbox 110 1831 1289 1923; baseline 0.002 -22"><span class='ocrx_word' id='word_1_119' title='bbox 110 1832 164 1923; x_wconf 66' lang='lat' dir='ltr'><strong>pi</strong></span> <span class='ocrx_word' id='word_1_120' title='bbox 186 1835 395 1901; x_wconf 84' lang='lat' dir='ltr'><strong>eenturiones</strong></span> <span class='ocrx_word' id='word_1_121' title='bbox 415 1835 596 1902; x_wconf 88' lang='lat' dir='ltr'><strong>Proxenum</strong></span> <span class='ocrx_word' id='word_1_122' title='bbox 619 1835 734 1901; x_wconf 88' lang='lat' dir='ltr'><strong>dneem</strong></span> <span class='ocrx_word' id='word_1_123' title='bbox 755 1831 935 1901; x_wconf 88' lang='lat' dir='ltr'><strong>habuerant</strong></span> <span class='ocrx_word' id='word_1_124' title='bbox 955 1833 1030 1900; x_wconf 74' lang='lat' dir='ltr'><strong>iore</strong></span> <span class='ocrx_word' id='word_1_125' title='bbox 1049 1835 1124 1901; x_wconf 71' lang='lat' dir='ltr'><strong>terto</strong></span> <span class='ocrx_word' id='word_1_126' title='bbox 1143 1839 1182 1911; x_wconf 76' lang='grc' dir='ltr'><strong>ὡς</strong></span> <span class='ocrx_word' id='word_1_127' title='bbox 1203 1839 1289 1918; x_wconf 72' lang='grc' dir='ltr'><strong><em>πρινί-</em></strong></span> 
     </span>
     <span class='ocr_line' id='line_1_16' title="bbox 110 1939 1288 2026; baseline 0 -17"><span class='ocrx_word' id='word_1_128' title='bbox 110 1962 194 2009; x_wconf 72' lang='lat' dir='ltr'><strong>mre</strong></span> <span class='ocrx_word' id='word_1_129' title='bbox 217 1957 356 2025; x_wconf 90' lang='lat' dir='ltr'><strong>eumque</strong></span> <span class='ocrx_word' id='word_1_130' title='bbox 379 1959 441 2004; x_wconf 90' lang='lat' dir='ltr'><strong>non</strong></span> <span class='ocrx_word' id='word_1_131' title='bbox 471 1959 578 2007; x_wconf 85' lang='lat' dir='ltr'><strong>aerem</strong></span> <span class='ocrx_word' id='word_1_132' title='bbox 609 1951 666 2007; x_wconf 95' lang='lat' dir='ltr'><strong>aut</strong></span> <span class='ocrx_word' id='word_1_133' title='bbox 690 1949 860 2007; x_wconf 88' lang='lat' dir='ltr'><strong>strenuum</strong></span> <span class='ocrx_word' id='word_1_134' title='bbox 885 1939 1136 2026; x_wconf 82' lang='lat' dir='ltr'><strong>imperatorem,</strong></span> <span class='ocrx_word' id='word_1_135' title='bbox 1159 1941 1216 2008; x_wconf 89' lang='lat' dir='ltr'><strong>sed</strong></span> <span class='ocrx_word' id='word_1_136' title='bbox 1240 1944 1288 2009; x_wconf 89' lang='lat' dir='ltr'><strong>in·</strong></span> 
     </span>
     <span class='ocr_line' id='line_1_17' title="bbox 110 2044 1286 2131; baseline 0.003 -20"><span class='ocrx_word' id='word_1_137' title='bbox 110 2044 194 2131; x_wconf 61' lang='lat' dir='ltr'><strong>{mio</strong></span> <span class='ocrx_word' id='word_1_138' title='bbox 223 2051 258 2111; x_wconf 87' lang='lat' dir='ltr'><strong>et</strong></span> <span class='ocrx_word' id='word_1_139' title='bbox 291 2052 407 2110; x_wconf 79' lang='lat' dir='ltr'><strong>natura</strong></span> <span class='ocrx_word' id='word_1_140' title='bbox 438 2045 621 2124; x_wconf 85' lang='lat' dir='ltr'><strong>mitiorem,</strong></span> <span class='ocrx_word' id='word_1_141' title='bbox 656 2045 721 2112; x_wconf 81' lang='grc' dir='ltr'><strong><em>οὔτ’</em></strong></span> <span class='ocrx_word' id='word_1_142' title='bbox 752 2045 825 2111; x_wconf 72' lang='grc' dir='ltr'><strong>αἰδῶ</strong></span> <span class='ocrx_word' id='word_1_143' title='bbox 857 2054 921 2118; x_wconf 78' lang='grc' dir='ltr'><strong><em>τοῖς</em></strong></span> <span class='ocrx_word' id='word_1_144' title='bbox 956 2044 1140 2126; x_wconf 76' lang='grc' dir='ltr'><strong><em>ςροοτιῶπαις</em></strong></span> <span class='ocrx_word' id='word_1_145' title='bbox 1176 2047 1286 2114; x_wconf 81' lang='grc' dir='ltr'><strong><em>ἑαυτοῦ</em></strong></span> 
     </span>
     <span class='ocr_line' id='line_1_18' title="bbox 110 2148 1286 2238; baseline 0 -19"><span class='ocrx_word' id='word_1_146' title='bbox 110 2148 166 2219; x_wconf 75' lang='lat' dir='ltr'><strong>tu</strong></span> <span class='ocrx_word' id='word_1_147' title='bbox 188 2148 292 2233; x_wconf 67' lang='grc' dir='ltr'><strong><em>Φόβον</em></strong></span> <span class='ocrx_word' id='word_1_148' title='bbox 314 2150 416 2216; x_wconf 68' lang='grc' dir='ltr'><strong><em>ἱκανὸν</em></strong></span> <span class='ocrx_word' id='word_1_149' title='bbox 451 2151 618 2231; x_wconf 74' lang='grc' dir='ltr'><strong><em>ἐμποιῆσαι</em></strong></span> <span class='ocrx_word' id='word_1_150' title='bbox 645 2150 684 2217; x_wconf 90' lang='lat' dir='ltr'><strong>ii.</strong></span> <span class='ocrx_word' id='word_1_151' title='bbox 710 2172 743 2216; x_wconf 92' lang='lat' dir='ltr'><strong>n.</strong></span> <span class='ocrx_word' id='word_1_152' title='bbox 771 2154 831 2226; x_wconf 84' lang='grc'><strong>19,</strong></span> <span class='ocrx_word' id='word_1_153' title='bbox 864 2168 904 2217; x_wconf 85' lang='lat' dir='ltr'><strong>ex</strong></span> <span class='ocrx_word' id='word_1_154' title='bbox 929 2170 993 2237; x_wconf 90' lang='lat' dir='ltr'><strong>qua</strong></span> <span class='ocrx_word' id='word_1_155' title='bbox 1015 2151 1083 2237; x_wconf 88' lang='lat' dir='ltr'><strong>ipsa</strong></span> <span class='ocrx_word' id='word_1_156' title='bbox 1108 2169 1142 2217; x_wconf 92' lang='lat' dir='ltr'><strong>re</strong></span> <span class='ocrx_word' id='word_1_157' title='bbox 1171 2150 1286 2238; x_wconf 81' lang='lat' dir='ltr'><strong>eoliigo</strong></span> 
     </span>
     <span class='ocr_line' id='line_1_19' title="bbox 110 2252 1284 2341; baseline 0.001 -19"><span class='ocrx_word' id='word_1_158' title='bbox 110 2254 185 2323; x_wconf 79' lang='lat' dir='ltr'><strong>hem</strong></span> <span class='ocrx_word' id='word_1_159' title='bbox 210 2252 430 2341; x_wconf 81' lang='lat' dir='ltr'><strong>Xenophontis</strong></span> <span class='ocrx_word' id='word_1_160' title='bbox 453 2255 680 2322; x_wconf 85' lang='lat' dir='ltr'><strong>verecundiam</strong></span> <span class='ocrx_word' id='word_1_161' title='bbox 701 2254 783 2321; x_wconf 77' lang='grc' dir='ltr'><strong><em>οὔπω</em></strong></span> <span class='ocrx_word' id='word_1_162' title='bbox 807 2254 962 2337; x_wconf 69' lang='grc' dir='ltr'><strong><em>ἀκμάζειν</em></strong></span> <span class='ocrx_word' id='word_1_163' title='bbox 985 2256 1208 2335; x_wconf 73' lang='grc' dir='ltr'><strong><em>ὃμοιιογοῦνπος</em></strong></span> <span class='ocrx_word' id='word_1_164' title='bbox 1232 2277 1284 2323; x_wconf 86' lang='lat' dir='ltr'><strong>ea·</strong></span> 
     </span>
     <span class='ocr_line' id='line_1_20' title="bbox 110 2358 1285 2446; baseline -0.001 -17"><span class='ocrx_word' id='word_1_165' title='bbox 110 2366 171 2429; x_wconf 80' lang='lat' dir='ltr'><strong>&#39;ere</strong></span> <span class='ocrx_word' id='word_1_166' title='bbox 194 2358 228 2425; x_wconf 96' lang='lat' dir='ltr'><strong>in</strong></span> <span class='ocrx_word' id='word_1_167' title='bbox 252 2368 391 2427; x_wconf 85' lang='lat' dir='ltr'><strong>aetatem</strong></span> <span class='ocrx_word' id='word_1_168' title='bbox 421 2360 516 2425; x_wconf 93' lang='lat' dir='ltr'><strong>annis</strong></span> <span class='ocrx_word' id='word_1_169' title='bbox 548 2359 741 2446; x_wconf 82' lang='lat' dir='ltr'><strong>quibusdam</strong></span> <span class='ocrx_word' id='word_1_170' title='bbox 776 2361 919 2426; x_wconf 86' lang='lat' dir='ltr'><strong>Proxeno</strong></span> <span class='ocrx_word' id='word_1_171' title='bbox 949 2359 1145 2427; x_wconf 89' lang='lat' dir='ltr'><strong>interiorem.</strong></span> <span class='ocrx_word' id='word_1_172' title='bbox 1192 2361 1285 2428; x_wconf 80' lang='lat' dir='ltr'><strong>iiidi-</strong></span> 
     </span>
     <span class='ocr_line' id='line_1_21' title="bbox 112 2462 1282 2553; baseline 0.001 -20"><span class='ocrx_word' id='word_1_173' title='bbox 112 2462 206 2533; x_wconf 80' lang='lat' dir='ltr'><strong>ninm</strong></span> <span class='ocrx_word' id='word_1_174' title='bbox 229 2474 280 2532; x_wconf 85' lang='lat' dir='ltr'><strong>est</strong></span> <span class='ocrx_word' id='word_1_175' title='bbox 300 2465 486 2532; x_wconf 86' lang='lat' dir='ltr'><strong>existimare</strong></span> <span class='ocrx_word' id='word_1_176' title='bbox 517 2464 610 2531; x_wconf 86' lang='lat' dir='ltr'><strong>ilium</strong></span> <span class='ocrx_word' id='word_1_177' title='bbox 633 2467 764 2545; x_wconf 85' lang='lat' dir='ltr'><strong>virum,</strong></span> <span class='ocrx_word' id='word_1_178' title='bbox 795 2466 852 2552; x_wconf 90' lang='lat' dir='ltr'><strong>qui</strong></span> <span class='ocrx_word' id='word_1_179' title='bbox 877 2485 964 2532; x_wconf 91' lang='lat' dir='ltr'><strong>nune</strong></span> <span class='ocrx_word' id='word_1_180' title='bbox 989 2467 1032 2532; x_wconf 92' lang='lat' dir='ltr'><strong>ita</strong></span> <span class='ocrx_word' id='word_1_181' title='bbox 1057 2465 1143 2533; x_wconf 83' lang='lat' dir='ltr'><strong>dieat</strong></span> <span class='ocrx_word' id='word_1_182' title='bbox 1168 2474 1282 2553; x_wconf 88' lang='lat' dir='ltr'><strong>putare</strong></span> 
     </span>
     <span class='ocr_line' id='line_1_22' title="bbox 110 2569 1283 2659; baseline 0 -20"><span class='ocrx_word' id='word_1_183' title='bbox 110 2580 186 2639; x_wconf 81' lang='lat' dir='ltr'><strong>eret</strong></span> <span class='ocrx_word' id='word_1_184' title='bbox 207 2569 294 2637; x_wconf 82' lang='lat' dir='ltr'><strong>moto</strong></span> <span class='ocrx_word' id='word_1_185' title='bbox 315 2570 355 2637; x_wconf 87' lang='lat' dir='ltr'><strong>oh</strong></span> <span class='ocrx_word' id='word_1_186' title='bbox 378 2590 444 2636; x_wconf 82' lang='lat' dir='ltr'><strong>sese</strong></span> <span class='ocrx_word' id='word_1_187' title='bbox 466 2570 602 2655; x_wconf 82' lang='lat' dir='ltr'><strong>depellet</strong></span> <span class='ocrx_word' id='word_1_188' title='bbox 625 2571 701 2637; x_wconf 80' lang='lat' dir='ltr'><strong>satir</strong></span> <span class='ocrx_word' id='word_1_189' title='bbox 724 2572 785 2637; x_wconf 83' lang='lat' dir='ltr'><strong>sihi</strong></span> <span class='ocrx_word' id='word_1_190' title='bbox 809 2593 874 2637; x_wconf 83' lang='lat' dir='ltr'><strong>esse</strong></span> <span class='ocrx_word' id='word_1_191' title='bbox 898 2592 1071 2650; x_wconf 83' lang='lat' dir='ltr'><strong>annorum,</strong></span> <span class='ocrx_word' id='word_1_192' title='bbox 1091 2580 1231 2659; x_wconf 90' lang='lat' dir='ltr'><strong>quatuor</strong></span> <span class='ocrx_word' id='word_1_193' title='bbox 1250 2582 1283 2639; x_wconf 86' lang='lat' dir='ltr'><strong>et</strong></span> 
     </span>
     <span class='ocr_line' id='line_1_23' title="bbox 110 2674 1281 2765; baseline 0.002 -22"><span class='ocrx_word' id='word_1_194' title='bbox 110 2674 211 2765; x_wconf 66' lang='lat' dir='ltr'><strong>iginii</strong></span> <span class='ocrx_word' id='word_1_195' title='bbox 234 2675 329 2741; x_wconf 77' lang='lat' dir='ltr'><strong>annis</strong></span> <span class='ocrx_word' id='word_1_196' title='bbox 359 2684 454 2742; x_wconf 82' lang='lat' dir='ltr'><strong>antea</strong></span> <span class='ocrx_word' id='word_1_197' title='bbox 486 2695 646 2762; x_wconf 81' lang='lat' dir='ltr'><strong>pugnasse</strong></span> <span class='ocrx_word' id='word_1_198' title='bbox 676 2675 716 2742; x_wconf 89' lang='lat' dir='ltr'><strong>ad</strong></span> <span class='ocrx_word' id='word_1_199' title='bbox 747 2675 873 2743; x_wconf 89' lang='lat' dir='ltr'><strong>Delium</strong></span> <span class='ocrx_word' id='word_1_200' title='bbox 905 2686 1096 2764; x_wconf 86' lang='lat' dir='ltr'><strong>caeteraque</strong></span> <span class='ocrx_word' id='word_1_201' title='bbox 1120 2698 1177 2765; x_wconf 91' lang='lat' dir='ltr'><strong>per</strong></span> <span class='ocrx_word' id='word_1_202' title='bbox 1206 2677 1281 2745; x_wconf 82' lang='lat' dir='ltr'><strong>reii-</strong></span> 
     </span>
     <span class='ocr_line' id='line_1_24' title="bbox 110 2779 1279 2870; baseline 0.001 -21"><span class='ocrx_word' id='word_1_203' title='bbox 110 2800 189 2849; x_wconf 79' lang='lat' dir='ltr'><strong>uam</strong></span> <span class='ocrx_word' id='word_1_204' title='bbox 211 2789 335 2869; x_wconf 85' lang='lat' dir='ltr'><strong>purtem</strong></span> <span class='ocrx_word' id='word_1_205' title='bbox 355 2779 429 2847; x_wconf 89' lang='lat' dir='ltr'><strong>helii</strong></span> <span class='ocrx_word' id='word_1_206' title='bbox 449 2781 708 2867; x_wconf 81' lang='lat' dir='ltr'><strong>Peloponnesiaci</strong></span> <span class='ocrx_word' id='word_1_207' title='bbox 729 2781 889 2868; x_wconf 88' lang='lat' dir='ltr'><strong>stipendia</strong></span> <span class='ocrx_word' id='word_1_208' title='bbox 909 2780 1031 2848; x_wconf 90' lang='lat' dir='ltr'><strong>ieoisse.</strong></span> <span class='ocrx_word' id='word_1_209' title='bbox 1079 2784 1184 2870; x_wconf 79' lang='lat' dir='ltr'><strong>Atque</strong></span> <span class='ocrx_word' id='word_1_210' title='bbox 1204 2803 1279 2850; x_wconf 90' lang='lat' dir='ltr'><strong>eum</strong></span> 
     </span>
     <span class='ocr_line' id='line_1_25' title="bbox 110 2885 1276 2970; baseline -0.002 -14"><span class='ocrx_word' id='word_1_211' title='bbox 110 2886 121 2955; x_wconf 97' lang='grc' dir='ltr'>Ι</span> <span class='ocrx_word' id='word_1_212' title='bbox 149 2886 273 2955; x_wconf 66' lang='lat' dir='ltr'><strong>¹utitatis</strong></span> <span class='ocrx_word' id='word_1_213' title='bbox 300 2886 418 2953; x_wconf 85' lang='lat' dir='ltr'><strong>dixisse</strong></span> <span class='ocrx_word' id='word_1_214' title='bbox 449 2885 635 2954; x_wconf 85' lang='lat' dir='ltr'><strong>credemus:</strong></span> <span class='ocrx_word' id='word_1_215' title='bbox 672 2888 754 2952; x_wconf 74' lang='grc' dir='ltr'><strong><em>οὐδὲν</em></strong></span> <span class='ocrx_word' id='word_1_216' title='bbox 787 2887 1021 2970; x_wconf 73' lang='grc' dir='ltr'><strong><em>προφασίζομαι</em></strong></span> <span class='ocrx_word' id='word_1_217' title='bbox 1054 2890 1110 2964; x_wconf 68' lang='grc' dir='ltr'><strong>τὴν</strong></span> <span class='ocrx_word' id='word_1_218' title='bbox 1143 2889 1276 2964; x_wconf 75' lang='grc' dir='ltr'><strong><em>ἡλικίαν.</em></strong></span> 
     </span>
     <span class='ocr_line' id='line_1_26' title="bbox 110 2990 1279 3081; baseline 0.001 -23"><span class='ocrx_word' id='word_1_219' title='bbox 110 3010 201 3081; x_wconf 69' lang='lat' dir='ltr'><strong>pape</strong></span> <span class='ocrx_word' id='word_1_220' title='bbox 222 2990 371 3078; x_wconf 84' lang='lat' dir='ltr'><strong>ineptias.</strong></span> <span class='ocrx_word' id='word_1_221' title='bbox 421 2993 523 3059; x_wconf 88' lang='lat' dir='ltr'><strong>Paene</strong></span> <span class='ocrx_word' id='word_1_222' title='bbox 547 2992 712 3058; x_wconf 88' lang='lat' dir='ltr'><strong>eernimus</strong></span> <span class='ocrx_word' id='word_1_223' title='bbox 735 2992 837 3058; x_wconf 87' lang='lat' dir='ltr'><strong>ocutis</strong></span> <span class='ocrx_word' id='word_1_224' title='bbox 858 2993 891 3057; x_wconf 94' lang='lat' dir='ltr'><strong>in</strong></span> <span class='ocrx_word' id='word_1_225' title='bbox 913 2991 966 3057; x_wconf 90' lang='lat' dir='ltr'><strong>iiia</strong></span> <span class='ocrx_word' id='word_1_226' title='bbox 987 3000 1077 3078; x_wconf 93' lang='lat' dir='ltr'><strong>parte</strong></span> <span class='ocrx_word' id='word_1_227' title='bbox 1097 2992 1279 3059; x_wconf 79' lang='lat' dir='ltr'><strong>Auahaseos</strong></span> 
     </span>
     <span class='ocr_line' id='line_1_27' title="bbox 110 3095 1277 3185; baseline -0.003 -18"><span class='ocrx_word' id='word_1_228' title='bbox 110 3095 355 3185; x_wconf 69' lang='lat' dir='ltr'><strong>&#39;esophorum</strong></span> <span class='ocrx_word' id='word_1_229' title='bbox 387 3095 545 3163; x_wconf 76' lang='lat' dir='ltr'><strong>fervidum</strong></span> <span class='ocrx_word' id='word_1_230' title='bbox 575 3098 725 3173; x_wconf 79' lang='lat' dir='ltr'><strong>iuventa,</strong></span> <span class='ocrx_word' id='word_1_231' title='bbox 756 3096 898 3163; x_wconf 92' lang='lat' dir='ltr'><strong>nondum</strong></span> <span class='ocrx_word' id='word_1_232' title='bbox 923 3097 1277 3172; x_wconf 77' lang='lat' dir='ltr'><strong>maturnn1‚nondrrm</strong></span> 
     </span>
     <span class='ocr_line' id='line_1_28' title="bbox 110 3200 1278 3291; baseline 0.001 -22"><span class='ocrx_word' id='word_1_233' title='bbox 110 3222 184 3291; x_wconf 65' lang='lat' dir='ltr'><strong>tngo</strong></span> <span class='ocrx_word' id='word_1_234' title='bbox 207 3221 270 3269; x_wconf 80' lang='lat' dir='ltr'><strong>usu</strong></span> <span class='ocrx_word' id='word_1_235' title='bbox 294 3221 402 3269; x_wconf 90' lang='lat' dir='ltr'><strong>rerum</strong></span> <span class='ocrx_word' id='word_1_236' title='bbox 436 3201 668 3288; x_wconf 87' lang='lat' dir='ltr'><strong>hominumque</strong></span> <span class='ocrx_word' id='word_1_237' title='bbox 700 3204 915 3269; x_wconf 84' lang='lat' dir='ltr'><strong>exercitatum</strong></span> <span class='ocrx_word' id='word_1_238' title='bbox 940 3200 996 3268; x_wconf 89' lang='lat' dir='ltr'><strong>sed</strong></span> <span class='ocrx_word' id='word_1_239' title='bbox 1020 3204 1141 3288; x_wconf 91' lang='lat' dir='ltr'><strong>optima</strong></span> <span class='ocrx_word' id='word_1_240' title='bbox 1173 3202 1278 3270; x_wconf 86' lang='lat' dir='ltr'><strong>indole</strong></span> 
     </span>
     <span class='ocr_line' id='line_1_29' title="bbox 110 3304 1277 3396; baseline -0.001 -19"><span class='ocrx_word' id='word_1_241' title='bbox 110 3306 133 3377; x_wconf 86' lang='grc' dir='ltr'><strong>Ι.</strong></span> <span class='ocrx_word' id='word_1_242' title='bbox 150 3304 226 3375; x_wconf 85' lang='lat' dir='ltr'><strong>helii</strong></span> <span class='ocrx_word' id='word_1_243' title='bbox 247 3307 400 3395; x_wconf 80' lang='lat' dir='ltr'><strong>pacisque</strong></span> <span class='ocrx_word' id='word_1_244' title='bbox 430 3316 516 3374; x_wconf 90' lang='lat' dir='ltr'><strong>artes</strong></span> <span class='ocrx_word' id='word_1_245' title='bbox 536 3308 718 3395; x_wconf 87' lang='lat' dir='ltr'><strong>praeditum</strong></span> <span class='ocrx_word' id='word_1_246' title='bbox 742 3309 790 3374; x_wconf 88' lang='lat' dir='ltr'><strong>rei</strong></span> <span class='ocrx_word' id='word_1_247' title='bbox 819 3307 950 3375; x_wconf 84' lang='lat' dir='ltr'><strong>heiiieae</strong></span> <span class='ocrx_word' id='word_1_248' title='bbox 975 3307 1123 3394; x_wconf 88' lang='lat' dir='ltr'><strong>peritiam</strong></span> <span class='ocrx_word' id='word_1_249' title='bbox 1149 3308 1182 3373; x_wconf 88' lang='lat' dir='ltr'><strong>in</strong></span> <span class='ocrx_word' id='word_1_250' title='bbox 1207 3308 1277 3396; x_wconf 92' lang='lat' dir='ltr'><strong>ipso</strong></span> 
     </span>
     <span class='ocr_line' id='line_1_30' title="bbox 110 3410 1274 3500; baseline -0.003 -15"><span class='ocrx_word' id='word_1_251' title='bbox 110 3410 169 3485; x_wconf 81' lang='lat' dir='ltr'><strong>elio</strong></span> <span class='ocrx_word' id='word_1_252' title='bbox 194 3410 419 3500; x_wconf 73' lang='lat' dir='ltr'><strong>redigentem,</strong></span> <span class='ocrx_word' id='word_1_253' title='bbox 443 3412 576 3480; x_wconf 86' lang='lat' dir='ltr'><strong>consitio</strong></span> <span class='ocrx_word' id='word_1_254' title='bbox 601 3420 788 3498; x_wconf 89' lang='lat' dir='ltr'><strong>promtum,</strong></span> <span class='ocrx_word' id='word_1_255' title='bbox 813 3433 910 3480; x_wconf 87' lang='lat' dir='ltr'><strong>manu</strong></span> <span class='ocrx_word' id='word_1_256' title='bbox 933 3413 1031 3479; x_wconf 88' lang='lat' dir='ltr'><strong>etiam</strong></span> <span class='ocrx_word' id='word_1_257' title='bbox 1053 3414 1274 3500; x_wconf 86' lang='lat' dir='ltr'><strong>promtiorem.</strong></span> 
     </span>
     <span class='ocr_line' id='line_1_31' title="bbox 110 3517 1274 3604; baseline 0.001 -19"><span class='ocrx_word' id='word_1_258' title='bbox 110 3518 212 3589; x_wconf 77' lang='lat' dir='ltr'><strong>urim</strong></span> <span class='ocrx_word' id='word_1_259' title='bbox 235 3537 309 3586; x_wconf 89' lang='lat' dir='ltr'><strong>eum</strong></span> <span class='ocrx_word' id='word_1_260' title='bbox 341 3517 436 3585; x_wconf 89' lang='lat' dir='ltr'><strong>tatem</strong></span> <span class='ocrx_word' id='word_1_261' title='bbox 469 3519 501 3583; x_wconf 95' lang='lat' dir='ltr'><strong>in</strong></span> <span class='ocrx_word' id='word_1_262' title='bbox 535 3519 672 3585; x_wconf 79' lang='lat' dir='ltr'><strong>Anahasi</strong></span> <span class='ocrx_word' id='word_1_263' title='bbox 694 3538 882 3604; x_wconf 81' lang='lat' dir='ltr'><strong>cognosces:</strong></span> <span class='ocrx_word' id='word_1_264' title='bbox 920 3538 959 3585; x_wconf 92' lang='lat' dir='ltr'><strong>ne</strong></span> <span class='ocrx_word' id='word_1_265' title='bbox 983 3527 1113 3604; x_wconf 81' lang='lat' dir='ltr'><strong>tangam</strong></span> <span class='ocrx_word' id='word_1_266' title='bbox 1146 3526 1274 3586; x_wconf 87' lang='lat' dir='ltr'><strong>eaetera</strong></span> 
     </span>
     <span class='ocr_line' id='line_1_32' title="bbox 110 3622 1272 3710; baseline -0.003 -17"><span class='ocrx_word' id='word_1_267' title='bbox 110 3622 159 3693; x_wconf 74' lang='grc' dir='ltr'><strong>Ἰο</strong></span> <span class='ocrx_word' id='word_1_268' title='bbox 178 3622 248 3691; x_wconf 82' lang='lat' dir='ltr'><strong>vtt.</strong></span> <span class='ocrx_word' id='word_1_269' title='bbox 273 3643 306 3690; x_wconf 90' lang='grc' dir='ltr'><strong>ιι.</strong></span> <span class='ocrx_word' id='word_1_270' title='bbox 332 3627 387 3692; x_wconf 76' lang='grc'><strong>29.</strong></span> <span class='ocrx_word' id='word_1_271' title='bbox 421 3623 579 3710; x_wconf 90' lang='lat' dir='ltr'><strong>quomodo</strong></span> <span class='ocrx_word' id='word_1_272' title='bbox 604 3622 779 3710; x_wconf 82' lang='lat' dir='ltr'><strong>Xenophon</strong></span> <span class='ocrx_word' id='word_1_273' title='bbox 810 3623 894 3710; x_wconf 87' lang='lat' dir='ltr'><strong>apud</strong></span> <span class='ocrx_word' id='word_1_274' title='bbox 929 3623 1071 3693; x_wconf 87' lang='lat' dir='ltr'><strong>Seuthen</strong></span> <span class='ocrx_word' id='word_1_275' title='bbox 1096 3625 1129 3689; x_wconf 91' lang='lat' dir='ltr'><strong>in</strong></span> <span class='ocrx_word' id='word_1_276' title='bbox 1154 3645 1189 3691; x_wconf 91' lang='lat' dir='ltr'><strong>re</strong></span> <span class='ocrx_word' id='word_1_277' title='bbox 1218 3646 1272 3690; x_wconf 91' lang='lat' dir='ltr'><strong>an·</strong></span> 
     </span>
    </p>

    <p class='ocr_par' dir='ltr' id='par_1_4' title="bbox 110 3728 1271 3823">
     <span class='ocr_line' id='line_1_33' title="bbox 110 3728 1271 3823; baseline -0.002 -26"><span class='ocrx_word' id='word_1_278' title='bbox 110 3732 176 3823; x_wconf 89' lang='lat' dir='ltr'><strong>piti</strong></span> <span class='ocrx_word' id='word_1_279' title='bbox 197 3730 403 3803; x_wconf 70' lang='grc' dir='ltr'><strong><em>ὑποπεπωκὼς</em></strong></span> <span class='ocrx_word' id='word_1_280' title='bbox 427 3738 534 3796; x_wconf 92' lang='lat' dir='ltr'><strong>sumat</strong></span> <span class='ocrx_word' id='word_1_281' title='bbox 560 3730 705 3795; x_wconf 93' lang='lat' dir='ltr'><strong>animum</strong></span> <span class='ocrx_word' id='word_1_282' title='bbox 729 3728 871 3807; x_wconf 91' lang='lat' dir='ltr'><strong>honum,</strong></span> <span class='ocrx_word' id='word_1_283' title='bbox 896 3737 929 3795; x_wconf 89' lang='lat' dir='ltr'><strong>et</strong></span> <span class='ocrx_word' id='word_1_284' title='bbox 951 3749 1021 3796; x_wconf 90' lang='lat' dir='ltr'><strong>sese</strong></span> <span class='ocrx_word' id='word_1_285' title='bbox 1045 3729 1126 3795; x_wconf 89' lang='lat' dir='ltr'><strong>seite</strong></span> <span class='ocrx_word' id='word_1_286' title='bbox 1154 3728 1271 3815; x_wconf 83' lang='lat' dir='ltr'><strong>tepide·</strong></span> 
     </span>
    </p>

    <p class='ocr_par' dir='ltr' id='par_1_5' title="bbox 110 3833 1269 3924">
     <span class='ocr_line' id='line_1_34' title="bbox 110 3833 1269 3924; baseline -0.005 -20"><span class='ocrx_word' id='word_1_287' title='bbox 110 3835 327 3924; x_wconf 64' lang='lat' dir='ltr'><strong>nexpediat.</strong></span> <span class='ocrx_word' id='word_1_288' title='bbox 375 3833 462 3901; x_wconf 90' lang='lat' dir='ltr'><strong>Satis</strong></span> <span class='ocrx_word' id='word_1_289' title='bbox 486 3836 548 3902; x_wconf 91' lang='lat' dir='ltr'><strong>erit</strong></span> <span class='ocrx_word' id='word_1_290' title='bbox 570 3834 708 3921; x_wconf 88' lang='lat' dir='ltr'><strong>denique</strong></span> <span class='ocrx_word' id='word_1_291' title='bbox 731 3833 874 3901; x_wconf 82' lang='lat' dir='ltr'><strong>indicare</strong></span> <span class='ocrx_word' id='word_1_292' title='bbox 895 3834 981 3901; x_wconf 89' lang='lat' dir='ltr'><strong>ioeos</strong></span> <span class='ocrx_word' id='word_1_293' title='bbox 1000 3833 1175 3920; x_wconf 86' lang='lat' dir='ltr'><strong>quosdam,</strong></span> <span class='ocrx_word' id='word_1_294' title='bbox 1199 3835 1269 3919; x_wconf 82' lang='lat' dir='ltr'><strong>qni·</strong></span> 
     </span>
    </p>

    <p class='ocr_par' dir='ltr' id='par_1_6' title="bbox 110 3938 1268 4033">
     <span class='ocr_line' id='line_1_35' title="bbox 110 3938 1268 4033; baseline -0.009 -20"><span class='ocrx_word' id='word_1_295' title='bbox 110 3960 268 4033; x_wconf 72' lang='lat' dir='ltr'><strong>tet-poene</strong></span> <span class='ocrx_word' id='word_1_296' title='bbox 287 3940 425 4008; x_wconf 81' lang='lat' dir='ltr'><strong>dixerim</strong></span> <span class='ocrx_word' id='word_1_297' title='bbox 453 3939 582 4007; x_wconf 89' lang='lat' dir='ltr'><strong>disertis</strong></span> <span class='ocrx_word' id='word_1_298' title='bbox 614 3939 722 4005; x_wconf 88' lang='lat' dir='ltr'><strong>verbis</strong></span> <span class='ocrx_word' id='word_1_299' title='bbox 746 3949 835 4006; x_wconf 87' lang='lat' dir='ltr'><strong>aetas</strong></span> <span class='ocrx_word' id='word_1_300' title='bbox 863 3940 1083 4027; x_wconf 90' lang='lat' dir='ltr'><strong>Xenophontis</strong></span> <span class='ocrx_word' id='word_1_301' title='bbox 1106 3938 1268 4024; x_wconf 77' lang='lat' dir='ltr'><strong>signifiea-</strong></span> 
     </span>
    </p>

    <p class='ocr_par' dir='ltr' id='par_1_7' title="bbox 110 4043 1266 4129">
     <span class='ocr_line' id='line_1_36' title="bbox 110 4043 1266 4129; baseline -0.008 -10"><span class='ocrx_word' id='word_1_302' title='bbox 110 4068 149 4119; x_wconf 68' lang='grc' dir='ltr'><strong>Ι.</strong></span> <span class='ocrx_word' id='word_1_303' title='bbox 180 4046 416 4124; x_wconf 72' lang='lat' dir='ltr'><strong>mitraton,</strong></span> <span class='ocrx_word' id='word_1_304' title='bbox 438 4048 464 4112; x_wconf 87' lang='lat' dir='ltr'><strong>oi</strong></span> <span class='ocrx_word' id='word_1_305' title='bbox 485 4046 580 4129; x_wconf 80' lang='grc' dir='ltr'><strong><em>μέχρι</em></strong></span> <span class='ocrx_word' id='word_1_306' title='bbox 604 4043 770 4126; x_wconf 77' lang='grc' dir='ltr'><strong><em>πριοὶιιοιπα</em></strong></span> <span class='ocrx_word' id='word_1_307' title='bbox 792 4046 888 4123; x_wconf 78' lang='grc' dir='ltr'><strong><em>ἐτῶν,</em></strong></span> <span class='ocrx_word' id='word_1_308' title='bbox 911 4049 937 4112; x_wconf 80' lang='grc' dir='ltr'><strong>οἱ</strong></span> <span class='ocrx_word' id='word_1_309' title='bbox 961 4048 1003 4120; x_wconf 69' lang='grc' dir='ltr'><strong>εὶς</strong></span> <span class='ocrx_word' id='word_1_310' title='bbox 1028 4045 1193 4128; x_wconf 74' lang='grc' dir='ltr'><strong><em>τριάκοντα</em></strong></span> <span class='ocrx_word' id='word_1_311' title='bbox 1212 4043 1266 4120; x_wconf 77' lang='grc' dir='ltr'><strong>ἔπη</strong></span> 
     </span>
    </p>

    <p class='ocr_par' dir='ltr' id='par_1_8' title="bbox 110 4148 1267 4227">
     <span class='ocr_line' id='line_1_37' title="bbox 110 4148 1267 4227; baseline -0.011 -1"><span class='ocrx_word' id='word_1_312' title='bbox 110 4164 172 4227; x_wconf 76' lang='lat' dir='ltr'><strong>:tre</strong></span> <span class='ocrx_word' id='word_1_313' title='bbox 202 4151 333 4221; x_wconf 90' lang='lat' dir='ltr'><strong>ordines</strong></span> <span class='ocrx_word' id='word_1_314' title='bbox 363 4161 538 4218; x_wconf 84' lang='lat' dir='ltr'><strong>evocantur</strong></span> <span class='ocrx_word' id='word_1_315' title='bbox 569 4151 681 4216; x_wconf 91' lang='lat' dir='ltr'><strong>autin</strong></span> <span class='ocrx_word' id='word_1_316' title='bbox 713 4150 837 4216; x_wconf 87' lang='lat' dir='ltr'><strong>hostem</strong></span> <span class='ocrx_word' id='word_1_317' title='bbox 863 4152 1108 4226; x_wconf 91' lang='lat' dir='ltr'><strong>immittuntur,</strong></span> <span class='ocrx_word' id='word_1_318' title='bbox 1143 4148 1267 4215; x_wconf 84' lang='lat' dir='ltr'><strong>videbis</strong></span> 
     </span>
    </p>

    <p class='ocr_par' dir='ltr' id='par_1_9' title="bbox 110 4255 1264 4349">
     <span class='ocr_line' id='line_1_38' title="bbox 110 4255 1264 4349; baseline -0.008 -18"><span class='ocrx_word' id='word_1_319' title='bbox 110 4262 126 4331; x_wconf 81' lang='lat' dir='ltr'><strong>i</strong></span> <span class='ocrx_word' id='word_1_320' title='bbox 145 4260 270 4349; x_wconf 73' lang='lat' dir='ltr'><strong>agmini</strong></span> <span class='ocrx_word' id='word_1_321' title='bbox 293 4256 534 4345; x_wconf 81' lang='lat' dir='ltr'><strong>Xenophontem</strong></span> <span class='ocrx_word' id='word_1_322' title='bbox 557 4274 704 4343; x_wconf 88' lang='lat' dir='ltr'><strong>praeesse</strong></span> <span class='ocrx_word' id='word_1_323' title='bbox 726 4255 837 4322; x_wconf 85' lang='lat' dir='ltr'><strong>sotere.</strong></span> <span class='ocrx_word' id='word_1_324' title='bbox 887 4257 1020 4343; x_wconf 77' lang='lat' dir='ltr'><strong>Legitur</strong></span> <span class='ocrx_word' id='word_1_325' title='bbox 1043 4256 1110 4322; x_wconf 89' lang='lat' dir='ltr'><strong>Vii.</strong></span> <span class='ocrx_word' id='word_1_326' title='bbox 1137 4276 1182 4322; x_wconf 90' lang='grc' dir='ltr'><strong><em>ιιι.</em></strong></span> <span class='ocrx_word' id='word_1_327' title='bbox 1209 4258 1264 4322; x_wconf 82' lang='grc'><strong>46.</strong></span> 
     </span>
    </p>
   </div>
   <div class='ocr_carea' id='block_1_4' title="bbox 110 4361 1263 4512">
    <p class='ocr_par' dir='ltr' id='par_1_10' title="bbox 110 4361 1263 4512">
     <span class='ocr_line' id='line_1_39' title="bbox 110 4361 1263 4455; baseline -0.006 -22"><span class='ocrx_word' id='word_1_328' title='bbox 110 4372 218 4455; x_wconf 61' lang='grc' dir='ltr'><strong><em>,σοφῶν</em></strong></span> <span class='ocrx_word' id='word_1_329' title='bbox 241 4365 274 4433; x_wconf 71' lang='grc' dir='ltr'><strong>δὲ</strong></span> <span class='ocrx_word' id='word_1_330' title='bbox 296 4364 506 4446; x_wconf 75' lang='grc' dir='ltr'><strong><em>παρηγγύησε</em></strong></span> <span class='ocrx_word' id='word_1_331' title='bbox 529 4364 600 4437; x_wconf 83' lang='grc' dir='ltr'><strong><em>τοὺς</em></strong></span> <span class='ocrx_word' id='word_1_332' title='bbox 624 4365 667 4437; x_wconf 76' lang='grc' dir='ltr'><strong>εἰς</strong></span> <span class='ocrx_word' id='word_1_333' title='bbox 691 4361 856 4444; x_wconf 78' lang='grc' dir='ltr'><strong><em>πριιὶκοιποι</em></strong></span> <span class='ocrx_word' id='word_1_334' title='bbox 879 4364 935 4440; x_wconf 74' lang='grc' dir='ltr'><strong>ἔπη</strong></span> <span class='ocrx_word' id='word_1_335' title='bbox 959 4362 1099 4444; x_wconf 78' lang='grc' dir='ltr'><strong><em>παριέναι</em></strong></span> <span class='ocrx_word' id='word_1_336' title='bbox 1123 4361 1186 4428; x_wconf 75' lang='grc' dir='ltr'><strong><em>απὸ</em></strong></span> <span class='ocrx_word' id='word_1_337' title='bbox 1204 4367 1263 4427; x_wconf 81' lang='grc' dir='ltr'><strong>τῶν</strong></span> 
     </span>
     <span class='ocr_line' id='line_1_40' title="bbox 1042 4474 1068 4512; baseline 0 0"><span class='ocrx_word' id='word_1_338' title='bbox 1042 4474 1068 4512; x_wconf 84' lang='grc' dir='ltr'><strong><em>ιο</em></strong></span> 
     </span>
    </p>
   </div>
   <div class='ocr_carea' id='block_1_5' title="bbox 0 0 1474 5010">
    <p class='ocr_par' dir='ltr' id='par_1_11' title="bbox 0 0 1474 5010">
     <span class='ocr_line' id='line_1_41' title="bbox 0 0 1474 5010; baseline 0 0"><span class='ocrx_word' id='word_1_339' title='bbox 0 0 1474 5010; x_wconf 95' lang='lat' dir='ltr'><strong> </strong></span> 
     </span>
    </p>
   </div>
  </div>
 </body>
</html>
