2940 5010
704 228 768 293 aad

148 425 202 473 sae
236 400 478 491 nterpolationis
509 402 683 489 specimina
725 400 881 489 quaedum
913 410 945 469 et
975 400 1027 470 lis
1060 399 1213 469 nonnulla
1248 423 1332 472 noua

150 512 318 578 subiicere.

201 618 250 683 Ex
279 612 386 681 lledea
419 612 538 700 optime
569 620 794 699 expunxerunt
824 633 885 681 vss.
906 618 972 693 41,
1004 617 1207 693 101,400,
1240 618 1332 693 766,

150 726 235 789 1006
259 740 323 806 sq„
349 722 435 785 1060
459 738 504 805 sq.
537 718 593 785 sed
616 719 766 785 Piersooo
794 738 920 807 quoque
950 719 1206 806 obtemperatum
1237 739 1331 807 opor·

150 829 234 904 tuit,
258 825 314 912 qui
336 832 430 891 acute
458 823 539 890 uidit
566 844 612 890 rs.
635 828 733 891 1067.

196 1010 200 1019 Δ
326 932 401 996 ἀλλ’
424 925 488 1010 εἷμν
511 930 574 1012 γὰρ
596 931 633 1007 oi
655 927 891 1010 σλνμννεςθσνν
911 930 1001 1008 talo,

316 1034 381 1124 [xci
405 1036 513 1102 σσθσθε
534 1036 652 1120 πέμψω
675 1034 901 1119 τλημονεςέρων
923 1034 1008 1120 ἕσν,]

325 1141 442 1214 νεωῖθως
465 1151 638 1222 προσειπεῖν
659 1142 828 1222 pronoen.

148 1246 291 1314 medium
320 1246 483 1312 senarium
511 1245 551 1311 ab
577 1246 805 1333 interpolatore
836 1246 944 1332 inepte
973 1264 1043 1312 esse
1075 1245 1246 1313 insertum.
1293 1244 1332 1313 lu

148 1351 255 1419 1000Ιο
286 1352 380 1417 1011οε
408 1350 587 1417 istiusmodi
615 1350 704 1418 vitiis
731 1352 900 1439 inquinata
928 1370 992 1417 nou
1022 1348 1196 1419 reformido
1226 1352 1333 1439 suspi-

149 1460 273 1525 cionem
301 1475 414 1523 noram
446 1476 573 1524 morere
604 1457 734 1524 ioliealo
763 1454 941 1535 versiculo,
972 1457 1027 1542 qui
1063 1455 1263 1524 vehementis
1299 1464 1333 1525 et

149 1563 367 1629 100001010100
397 1562 552 1628 orationis
582 1562 648 1628 uim
680 1570 712 1629 et
746 1561 893 1629 ardorem
928 1562 1111 1649 importune
1147 1561 1270 1650 frangit
1299 1569 1333 1630 et

150 1667 321 1753 restinguit
346 1686 390 1732 vs.
414 1671 510 1734 1016.
731 1660 734 1667 ’

329 1772 382 1838 κω)
406 1771 549 1851 μωνθσὶνω
573 1774 630 1852 μὲν
652 1769 702 1839 ola
723 1774 796 1855 δρᾶν
819 1771 925 1852 μέλλω
949 1772 1056 1851 ωωκσθ,

329 1880 420 1959 θυμὸς
445 1880 475 1945 δὲ
496 1879 640 1960 κρείσσων
662 1880 722 1944 τῶν
744 1880 824 1957 ἐμῶν
846 1877 1080 1958 βουλευμάτων.

319 1981 424 2071 [irrep
447 1986 586 2064 μεγίςων
608 1984 706 2058 circae
729 1990 830 2051 νωνῶν
851 1985 1000 2069 βων-010]

149 2097 314 2176 poteratne
338 2089 568 2176 importuniore
589 2088 658 2155 loco
681 2090 743 2155 ista
769 2090 928 2157 sententia
957 2087 1045 2155 velut
1068 2086 1183 2155 inutile
1206 2087 1334 2175 poudtm

149 2193 303 2281 appendi?
351 2194 481 2275 Quoties
503 2193 758 2281 pulcherrimum
785 2193 888 2260 locum
909 2192 1015 2279 relego
1037 2194 1142 2261 sentio
1163 2195 1332 2281 00011100-

147 2299 311 2383 tronciaco
341 2298 475 2366 verbum
511 2319 573 2364 non
602 2297 782 2384 ampliusa
812 2297 894 2364 hono
927 2308 1021 2384 poeta
1055 2297 1129 2365 addi
1161 2306 1334 2386 oportere,

150 2425 213 2492 quo
244 2403 464 2469 vehementius
495 2411 711 2489 spectatorum
735 2404 835 2469 001011
858 2413 1143 2483 commoveantur,
1169 2413 1336 2492 0100001-

148 2529 243 2596 quam
275 2507 445 2594 Euripides
474 2510 507 2573 in
531 2507 693 2573 nonnullis
718 2506 997 2594 reprehensionem
1020 2508 1161 2595 ellugere
1190 2530 1253 2577 nou
1278 2530 1334 2598 po·

148 2624 228 2691 test,
258 2623 307 2681 est
337 2624 443 2680 tamen
476 2615 509 2678 in
539 2612 706 2680 affectibus
735 2615 901 2682 movendis
931 2636 1080 2684 summus
1107 2614 1233 2684 artilex.
1283 2614 1333 2683 Si·

147 2719 303 2787 millimos
327 2718 403 2785 huic
426 2717 515 2786 locus
538 2728 587 2785 est
610 2720 641 2784 in
662 2719 828 2807 Euripidis
849 2720 1045 2809 Chrysippo:

327 2825 455 2899 λέληθεν
477 2826 559 2892 οὐδὲν
582 2825 674 2891 τῶνδέ
697 2830 733 2904 μ’
756 2823 795 2891 ὧν
818 2828 856 2892 σὺ
880 2828 1047 2904 νωυθεσεῖς,

326 2930 452 3011 γνώμην
475 2932 501 2997 θ’
524 2930 640 3013 ἓχσνσσὶ
662 2934 698 3010 μ’
722 2934 739 3007 ἡ
762 2930 858 3013 Φύσις
881 2931 1050 3013 βνθζεσων,

148 3059 241 3127 quom
274 3057 347 3104 cum
380 3034 510 3102 ldedeae
544 3035 650 3103 verbis
690 3036 852 3122 componit
886 3036 983 3104 Glem.
1018 3035 1107 3104 Alex.
1144 3035 1263 3103 Strom.
1287 3036 1332 3105 ll.

147 3145 380 3232 04600011.
427 3141 536 3228 Neque
558 3142 704 3208 Clemens
727 3161 830 3228 neque
862 3141 937 3218 alii,
973 3142 1029 3229 qui
1059 3140 1191 3228 plurimi
1220 3139 1332 3210 100001

145 3270 185 3316 ex
216 3248 324 3315 Medea
350 3245 526 3313 laudarunt
561 3246 646 3337 (vide
677 3246 827 3313 Gatakeri
860 3246 993 3315 Advers.
1026 3244 1157 3312 lliscell.
1192 3264 1265 3333 cap.
1287 3244 1330 3315 x.

146 3377 178 3442 p.
202 3358 277 3420 uus.
309 3362 340 3419 et
370 3352 545 3419 Porsonom
570 3352 610 3419 ad
636 3351 669 3440 l.)
700 3352 921 3437 importunum
952 3353 1135 3430 senarium,
1168 3370 1265 3439 quem
1293 3352 1331 3419 iu

146 3458 325 3542 marginem
353 3454 559 3541 ablegamus,
591 3468 844 3524 commemorant
873 3477 976 3544 neque
1007 3458 1195 3545 cognovisse
1217 3455 1332 3525 uiden·

147 3573 210 3631 tor.
257 3561 362 3627 Etiam
389 3562 500 3646 peius,
530 3561 660 3648 siquid
688 3561 795 3629 iudico
820 3570 962 3631 ctrecte
992 3564 1117 3639 sentio,
1148 3562 1241 3631 scioli
1270 3572 1333 3631 aut

144 3669 317 3734 histriones
347 3674 458 3752 poetae
485 3665 658 3734 artificium
688 3666 977 3754 pessumdederunt
1011 3668 1044 3733 in
1076 3667 1250 3758 Hippolyto
1279 3688 1331 3737 vs.

144 3778 245 3841 1159.
271 3772 325 3839 ubi
346 3772 448 3839 01000
467 3773 642 3858 exspiranti
666 3774 712 3839 sic
735 3773 903 3841 valedicit:

324 3877 376 3942 κω)
402 3876 446 3942 rol
470 3886 606 3960 πωρωννῶ
630 3878 750 3960 canipe
773 3881 818 3957 μὴ
841 3888 949 3958 coycti
972 3880 1077 3956 σέθεν,
1172 3931 1178 3945 .

324 3981 504 4062 Ἱσσθλο0’,
527 3984 613 4067 ἕχενς
636 3985 698 4067 γὰρ
721 3994 829 4068 μσῒρων
853 3984 872 4069 ᾖ
893 3984 1067 4069 diciplinae.

204 4072 210 4088 ⁶
323 4087 375 4155 κωὶ
398 4092 506 4171 χωῒθ,
533 4090 600 4169 ε’μσὶ
623 4091 686 4173 γὰρ
709 4094 741 4158 οὐ
765 4092 850 4170 tenc
874 4091 999 4175 Φθντσὺς
1023 4092 1094 4173 epoto

324 4194 383 4260 οὐδ’
407 4194 496 4275 θμμω
518 4197 1062 4278 χρω1νεωθωνωσ1μωσω10011010.

311 4302 378 4388 [ὁρῶ
401 4300 433 4366 δέ
457 4306 486 4367 σ’
509 4304 563 4380 ἤδη
588 4304 674 4371 τοῦδε
697 4304 826 4377 cancico
849 4303 972 4390 κωκσῦ].
