2940 5010
751 302 816 364 569

175 472 231 541 Vl.
257 477 332 543 too.
381 472 531 557 Alexiroe
556 470 819 547 tritiensem
849 483 907 542 τῶν
939 475 1112 557 Ἐρετριέων
1141 476 1190 543 τά
1219 481 1361 557 πρῶτα.

175 580 280 664 otum
302 586 337 647 et
357 579 503 665 φέρεσθαι
523 576 657 645 confusa
678 589 806 647 suntet
829 579 913 668 apud
934 579 1181 649 Demosthenem
1206 580 1246 648 tle
1269 581 1363 649 llalsa

172 684 349 773 Aegatiooe
382 706 413 773 p.
438 690 528 763 371,
560 689 611 750 18.
659 691 826 769 Κτησιφῶν
857 686 910 753 καὶ
940 686 1138 767 ’Apelleum
1173 689 1228 764 rim
1260 689 1363 770 aipxip

173 792 232 869 rto
254 791 375 874 πράτιιν
398 790 506 875 ἔφερον
537 795 591 856 τοῦ
616 795 836 873 φενακισμοῦ,
861 790 915 859 uhi
947 796 1003 869 τὴν
1026 795 1129 875 άρχιὶν
1160 792 1303 880 optimus
1328 790 1362 859 S.

172 896 298 963 omittit
319 904 353 964 et
375 916 434 985 pro
455 896 545 963 varia
579 894 716 963 lectione
747 897 781 961 in
808 897 957 983 margine
979 923 1031 982 γρ.
1060 898 1116 973 τὴν
1138 899 1242 981 άρχὶρν
1263 917 1362 985 eppo·

170 1002 233 1069 uit.
280 1000 435 1091 Suspicor
455 1002 598 1069 insiticia
627 1000 706 1068 haec
730 999 827 1067 verha
850 1021 920 1068 esse
943 1011 975 1069 ct
1003 1004 1047 1070 τά
1077 1010 1184 1085 πρῶτα
1217 1003 1360 1087 ἐφέροντο

168 1114 224 1177 τοῦ
257 1112 453 1193 Φενακιομοῦ
489 1105 654 1173 emendari
691 1114 848 1193 oportere.
909 1108 943 1174 ln
978 1106 1144 1197 Euripidis
1179 1106 1360 1196 fragmento

169 1210 257 1301 upurl
279 1212 484 1281 Aristotelem
509 1211 616 1279 Ethic.
664 1211 799 1279 liudem.
826 1212 907 1279 Vlll.
937 1220 997 1281 lt:

352 1318 468 1400 λάρον
491 1319 606 1385 δίκαιον
629 1318 736 1398 proteu
759 1317 800 1383 άν
821 1319 947 1397 λάγοο
968 1318 1071 1403 otim

353 1424 449 1509 ἔργων
468 1425 494 1490 δ’
517 1426 629 1498 ἐκεῖνος
651 1424 735 1505 ἔρρ’,
759 1420 782 1490 ά
806 1423 858 1489 καὶ
882 1424 1082 1507 παρέσχετο,

168 1526 407 1597 ementiendum
431 1529 587 1597 arbitror:

349 1636 396 1701 λά
402 1660 477 1716 γιον
501 1636 616 1704 δίκαιον
638 1637 744 1717 proteu
768 1636 807 1702 άν
830 1636 970 1715 λάγους
994 1634 1107 1719 φέροις.

165 1739 286 1807 Multa
306 1739 412 1824 φέρειν
443 1742 625 1808 rectissime
657 1740 741 1828 apurl
767 1740 1010 1828 Xenophontem
1034 1740 1155 1827 legitur
1178 1741 1210 1805 in
1235 1741 1354 1834 vicinia

166 1844 191 1911 l.
216 1850 250 1913 6.
283 1852 405 1926 γελοῖον
433 1844 552 1926 μέντάν
584 1846 630 1922 εἴν
654 1850 749 1912 -εἱ
780 1847 833 1914 καὶ
863 1848 970 1927 preth
998 1847 1108 1913 τούτου
1141 1845 1267 1929 Φέροι,
1299 1846 1354 1914 ubi

165 1968 264 2039 quam
288 1948 462 2019 infeliciter
486 1952 631 2018 nonnulli
651 1952 771 2036 φέροιτο
797 1953 999 2039 reposuerint
1023 1972 1063 2019 ex
1087 1955 1153 2038 §4-
1178 1960 1211 2017 et
1234 1951 1353 2039 sicpro

164 2074 231 2123 uuo
253 2056 334 2123 vitio
365 2055 429 2122 ouo
462 2058 644 2124 invexerint
671 2059 812 2125 sentient
843 2076 954 2124 ournes
982 2057 1038 2145 qui
1066 2057 1212 2141 φέρεσθαι
1245 2058 1353 2138 μισάάν

164 2180 202 2229 eo
223 2179 324 2229 seusu
347 2160 413 2229 lici
438 2182 501 2230 nou
532 2183 625 2251 posse
651 2162 838 2249 intelligunt
862 2170 894 2230 et
923 2182 1101 2250 numquam
1134 2162 1258 2229 (lictum
1282 2182 1354 2231 esse

163 2262 296 2334 amirlue
322 2274 469 2335 ueterum
499 2268 637 2336 lectione
667 2268 805 2336 firmiter
829 2267 889 2333 sibi
923 2275 1163 2354 persuaserunt.
1210 2268 1352 2335 Postea

162 2372 261 2440 rerha
293 2374 400 2452 μισθὸν
431 2375 540 2442 τούτου
573 2374 657 2458 etro
691 2374 882 2441 exciderunt
909 2372 1004 2440 nerha
1028 2372 1208 2459 quaedam.
1234 2372 1354 2460 quihus

161 2476 378 2567 respondebat
401 2480 418 2511 ⁴
442 2485 456 2511 ⁹
481 2482 497 2509 ⁴
519 2477 566 2546 άτι
603 2505 648 2546 τοι
673 2483 746 2560 ἡμῖν
770 2477 967 2554 illectricem
1002 2481 1068 2546 κτὲ.
1115 2478 1151 2544 ln
1186 2482 1260 2565 §lh
1292 2480 1352 2547 κάν

160 2610 210 2659 τις
244 2582 339 2651 ἵππον
369 2585 536 2666 πριάμενος
560 2624 606 2635 -
629 2588 839 2653 καταπίπτων
868 2588 926 2652 άπ’
949 2589 1045 2652 αὐτοῦ
1079 2585 1166 2650 κακά
1196 2585 1353 2669 λαμβάνρ

160 2688 389 2777 corrigendum
422 2699 471 2757 est
501 2693 624 2757 κακὸν
651 2692 815 2777 λαμβάνῃ.
864 2693 991 2759 llicitur
1013 2691 1100 2757 enirn
1133 2690 1253 2758 Graece
1276 2692 1352 2759 hilf·

159 2820 210 2865 ναι
237 2794 356 2873 caula,
386 2796 566 2876 λαμβάνειν
598 2805 630 2863 et
665 2798 923 2879 προσλαμβάνειν
955 2796 1071 2872 κακόν,
1108 2794 1194 2877 ἔχειν
1232 2797 1350 2874 κακάν,

158 2900 272 2971 thim
303 2900 393 2981 μέγα
416 2902 533 2980 κακόν,
567 2901 673 2985 μεῑζάν
705 2929 735 2969 τι
757 2904 852 2969 κακὸν
875 2900 1053 2981 λαμβάνειν
1078 2908 1110 2967 el
1134 2901 1207 2967 sim.
1232 2910 1269 2967 ut
1292 2902 1350 2967 Lu·

158 3008 227 3077 line
256 3006 337 3075 doio
358 3007 501 3081 mulum,
533 3008 618 3074 niolo
641 3010 794 3085 mactari,
818 3009 951 3074 mactari
975 3008 1165 3095 infortunio,
1195 3009 1281 3075 malo
1311 3030 1348 3076 re

156 3134 275 3201 magno
297 3113 430 3179 moctori
452 3121 485 3179 et
511 3114 587 3181 sim.
635 3114 737 3180 Κακὸν
756 3112 935 3193 λαμβάνειν
965 3112 1086 3178 dicitur
1108 3114 1164 3197 qui
1194 3113 1347 3200 vapulat,

156 3220 215 3309 qui
239 3216 358 3285 vuinus
389 3217 532 3305 accipit,
568 3219 622 3304 qui
654 3219 688 3284 in
724 3217 873 3285 morbum
909 3217 1104 3304 implicatur.
1152 3217 1249 3285 Plena
1272 3228 1350 3287 sunt

153 3322 378 3413 exemplorum
403 3322 535 3390 omnia:
563 3321 613 3388 vel
638 3324 671 3389 iu
695 3323 899 3390 comicorum
931 3322 1121 3410 fragmentis
1152 3343 1270 3410 magna
1298 3333 1348 3392 cst

153 3430 269 3519 copto,
292 3448 390 3516 quam
415 3429 448 3495 in
475 3428 615 3495 Conricoe
639 3428 792 3495 flictio-iric
816 3429 941 3508 Indice,
968 3430 1141 3496 utilissimo
1165 3429 1268 3510 lihro,
1291 3451 1346 3497 ex-

151 3535 274 3629 plicuit
301 3534 340 3602 ll.
364 3533 482 3602 lacohi.
531 3534 639 3601 Alexis
663 3536 777 3603 Athen.
802 3556 833 3622 p.
854 3540 918 3603 558
943 3536 979 3601 li.

789 3642 855 3709 οὐδὲ
879 3638 910 3708 ἓν
934 3643 1028 3708 κακὸν

382 3747 488 3829 ἔχοντι
512 3746 565 3811 καὶ
589 3746 717 3825 κάμνειν
741 3747 866 3825 λέγοντ’
890 3748 1031 3818 ἓκάςοτε.

197 3852 399 3941 Antiphanes
419 3850 536 3918 Athen.
563 3872 593 3936 p.
618 3855 680 3917 125
705 3852 739 3918 B.

652 3958 683 4021 ἐν
706 3958 811 4041 χύτρᾳ
834 3959 867 4024 δέ
889 3982 940 4036 μοι

378 4059 459 4137 ὅπως
484 4060 558 4142 ὕδωρ
583 4060 701 4143 ἕψοντα
724 4062 827 4142 μηδέν’
851 4064 979 4145 ἕψομαι.

377 4171 410 4234 οὐ
435 4167 498 4249 γάρ
522 4167 616 4233 κακὸν
640 4166 704 4249 ἔχω
728 4168 801 4246 μηδ’
825 4168 953 4251 ἔχοιμι,

138 4292 233 4365 quae
255 4274 336 4341 satis
359 4275 530 4361 perspicua
554 4282 640 4340 sunt.
690 4272 722 4339 Si
747 4275 820 4358 quis
843 4296 880 4341 ex
904 4295 987 4361 equo
1010 4273 1159 4360 delapsus
1179 4274 1339 4363 confregit

138 4378 272 4470 aliquid
295 4382 390 4447 κοινὸν
414 4381 600 4459 λαμβάνει,
626 4402 686 4447 nou
713 4382 817 4460 κακά,
842 4391 875 4448 ιιι
904 4383 1029 4469 opinor.
