2940 5010
704 268 770 332 698

152 464 213 511 usu
242 441 297 509 sed
328 441 515 516 tritissimo,
548 448 585 507 ut
612 439 697 527 apud
721 440 968 509 Demosthenem
998 463 1031 510 1n
1065 441 1157 511 Orat.
1178 440 1261 515 th.
1285 450 1334 513 to.

152 550 272 631 ἀπέδρα
302 547 354 612 nlo
379 547 530 627 <operiere
560 549 603 619 εἰς
635 545 797 628 Μέγαρα,
830 554 862 612 ct
893 548 927 613 in
960 547 1075 636 Cyrop.
1096 548 1122 615 l.
1149 569 1193 615 tt.
1221 554 1274 617 15.
1305 554 1337 629 lt

151 681 199 730 σις
219 655 338 738 ἀποδρᾷ
363 678 397 718 σε
421 659 479 717 σῶν
501 653 643 727 olearon,
681 651 735 716 ulti
760 652 836 718 olitn
869 652 1019 721 Graeculi
1050 673 1151 721 snttm
1180 654 1338 739 ἀποδράσῃ

153 760 414 836 substituerunt,
446 766 481 824 nt
505 757 667 836 assolent,
691 755 777 823 unde
809 756 888 823 haee
912 768 989 826 nata
1014 768 1064 827 est
1094 758 1213 827 lectio:
1237 760 1274 837 ἥν
1293 786 1336 835 rie

152 862 351 947 ἀποδράση
374 871 432 929 πῶν
452 865 573 929 οἰκετῶν
596 886 656 940 σε,
680 880 763 949 qnae
783 862 905 930 dudum
928 874 977 931 est
996 863 1180 931 emendata.
1230 866 1268 935 ln
1284 865 1335 935 hn-

152 973 204 1037 ius
224 970 314 1036 verbi
336 968 449 1035 formis
476 967 578 1033 multa
611 966 785 1034 turbarunt
808 971 972 1055 sequiores
1001 970 1175 1050 Graeculi,
1209 992 1276 1059 qno
1295 971 1333 1039 in·

151 1087 241 1143 otum
272 1082 323 1142 cst
353 1085 389 1140 ut
414 1075 566 1140 Veterum
592 1082 800 1140 monumenta
824 1094 863 1140 ea
889 1077 1079 1163 contagione
1109 1075 1329 1165 implerentur.

151 1181 298 1251 Graeculi
323 1181 501 1247 sexcenties
533 1179 697 1261 ἀπέδρασα
730 1177 879 1246 dicebant
910 1190 960 1262 et,
983 1183 1012 1249 si
1042 1182 1277 1251 Grammaticis
1301 1184 1330 1251 t·

152 1289 228 1365 des,
252 1288 388 1368 ἀπέδραν
411 1305 559 1371 quoquc,
591 1285 740 1370 imperite
770 1284 883 1352 fiotum
908 1308 946 1354 ex
971 1288 1116 1368 ἀπέδρα,
1142 1298 1181 1355 ut
1210 1289 1281 1373 ἔζην
1297 1310 1330 1359 ex

152 1395 215 1477 ἔζη.
261 1393 374 1479 ltaque
391 1392 511 1477 passim
534 1392 682 1476 magistri
705 1391 909 1477 popularium
930 1412 1073 1459 errorcm
1095 1394 1329 1481 reprehendunt

152 1501 191 1567 de
212 1519 276 1565 usu
298 1498 453 1564 Veterum
474 1494 682 1562 admonentes
704 1504 736 1562 et
760 1497 905 1584 exempla
929 1499 1041 1566 sedo-lo
1061 1498 1254 1569 atterentes:
1275 1500 1329 1571 rit.

151 1605 286 1672 Bekkeri
314 1600 434 1668 Aneed.
459 1609 572 1687 p.11‚
600 1608 627 1666 1.
659 1606 742 1680 419,
769 1607 809 1667 15
834 1611 867 1669 et
898 1608 1048 1689 plotio.
1098 1605 1193 1686 Quod
1230 1614 1328 1675 antem
1373 1672 1375 1679 .

150 1712 286 1793 ἀπέδραν
312 1728 368 1795 pro
391 1707 570 1789 ἀπέδρασαν
594 1707 667 1793 poni
692 1707 829 1788 docent,
861 1709 1041 1775 abutuntur
1073 1710 1244 1797 Sophoclis
1266 1720 1329 1779 noto
1373 1694 1375 1701 ⁵

151 1816 220 1884 loco
244 1818 275 1881 in
305 1815 402 1881 Aiace
436 1833 482 1879 rs.
507 1816 582 1879 168.
1373 1800 1375 1807 ’

242 1923 318 1988 ἀλλ’
341 1918 392 1985 ἀπε
416 1921 479 2001 γάρ
503 1920 539 1993 ab
562 1921 597 1984 πδ
621 1919 672 1984 etr
697 1918 772 1997 ὄμμ’
797 1921 932 2003 ἀπέδραν
953 1920 960 2011 l
981 1926 1192 2000 παταγοῦσιν.

151 2031 185 2094 in
210 2026 315 2093 soluta
336 2026 480 2091 oratione
503 2033 560 2091 aut
585 2024 617 2089 in
637 2023 805 2090 Comoedia
829 2028 965 2109 ἀπέδραν
990 2047 1048 2113 pro
1070 2028 1329 2110 anteponerem

150 2137 254 2220 magis
286 2133 319 2197 in
348 2151 411 2196 usu
438 2138 486 2196 est
517 2150 614 2215 quam
647 2129 726 2211 ἔβαν
750 2140 808 2198 aut
831 2133 904 2202 ἔσαν
931 2153 989 2220 pro
1011 2133 1131 2213 ἔβησαν
1155 2141 1191 2198 et
1213 2132 1328 2207 ἔςησαν.

149 2239 305 2306 Dicebant
336 2256 447 2303 omnes
471 2237 651 2319 ἀπέδρασαν
682 2245 715 2303 et
738 2239 800 2316 ἐγὼ
824 2241 850 2304 δ’
874 2240 1011 2322 ἀπέδραν
1044 2239 1134 2317 μόνος
1158 2246 1193 2305 cl
1216 2236 1330 2319 ἐξέδραν

149 2356 181 2413 et
204 2347 343 2425 διέδραν,
368 2352 400 2408 et
424 2344 542 2424 ἀποδρῶ
569 2344 736 2431 (ἀποδρρῖς,
762 2343 913 2433 ἀποδρᾷ),
937 2345 1124 2427 ἀποδραίην,
1147 2344 1331 2426 ἀποδρᾶναι,

149 2450 306 2530 ἀποδράς,
338 2457 370 2515 el
401 2449 615 2530 ἀποδράσορααι
651 2456 683 2513 et
716 2450 922 2530 ἀποδέδρακα.
985 2451 1069 2517 Haec
1106 2451 1220 2515 omnia
1262 2448 1331 2515 scri·

148 2558 208 2623 bae
232 2555 381 2642 pessimis
413 2554 517 2618 modis
541 2553 714 2639 depravare
740 2554 864 2631 solent,
898 2566 934 2621 nt
960 2557 990 2620 in
1021 2555 1237 2641 Theophrasti
1261 2553 1331 2621 cta·

147 2673 227 2729 raet.
253 2667 313 2740 18,
338 2663 368 2724 2.
401 2657 451 2724 ἵνα
480 2659 686 2742 φνλάππητοιι
711 2661 788 2724 αὐτὸ
812 2662 857 2740 μη
881 2661 912 2725 ἕν
935 2672 973 2742 πη
1006 2663 1060 2742 ὁδῷ
1094 2659 1328 2744 ἀποδράση,

149 2771 201 2834 eui
225 2765 322 2832 redde
342 2765 472 2849 ἀποδρᾷ.
521 2765 555 2828 ln
581 2764 695 2852 Lysiae
720 2763 808 2831 Orat.
827 2766 879 2831 Vl.
901 2770 956 2831 28.
981 2766 1132 2832 beisltins
1152 2765 1329 2849 ἀποδράσ

148 2880 253 2941 τοῦτον
288 2871 431 2957 reposuit
467 2890 523 2955 pro
557 2870 746 2950 ἀποδράσας.
804 2870 879 2936 Sine
911 2872 989 2936 vitio
1021 2881 1166 2937 eraserat
1200 2870 1330 2953 ἀποδράς

150 2985 245 3068 §ab
280 2976 531 3057 Ἀποδράσασάαι
563 2995 761 3061 concoquere
785 2978 890 3062 potuit
921 2976 1054 3043 Loheek.
1089 2976 1130 3042 ad
1157 2974 1330 3065 Phryuieh.

148 3106 178 3174 p.
201 3089 276 3150 738.
302 3082 356 3149 sed
381 3082 461 3147 nibil
495 3082 617 3147 certius
648 3089 696 3147 est
720 3102 817 3168 qnam
840 3083 1067 3164 ἀποδράσεσθαι
1099 3082 1221 3169 ubique
1245 3100 1332 3169 opor·

146 3202 215 3258 tere
240 3187 383 3255 rescribi.
442 3188 567 3253 Similia
599 3208 692 3274 saepe
727 3187 819 3255 video
844 3188 972 3255 tolerari
1004 3187 1108 3254 dicam
1141 3208 1182 3252 an
1215 3186 1331 3273 negligi

147 3299 187 3364 alr
210 3294 415 3372 EditorilruS,
451 3304 486 3357 ttt
519 3293 710 3373 τεύξασθαι,
743 3293 899 3371 ἀξασάαι,
933 3293 1134 3377 φεύξασάαι,
1164 3295 1331 3370 δήσασθαι,

147 3402 274 3469 etalio.
323 3398 507 3465 Fastidiunt
532 3400 594 3463 riri
619 3399 705 3465 docti
734 3402 849 3465 merito
874 3401 1017 3485 ineptam
1045 3400 1243 3485 scripturam
1267 3400 1328 3465 δια·

146 3509 292 3589 δρησηπαι
317 3504 402 3591 aputl
434 3503 547 3569 Herod.
571 3504 625 3569 lll.
655 3510 727 3571 155.
762 3505 836 3579 ὅκως
860 3508 904 3584 μη
930 3506 1201 3587 διαδρησηπαά
1230 3510 1331 3587 σφεας

142 3615 161 3691 ,ὃ
186 3611 390 3690 Δημοκήδης,
414 3609 503 3674 ἀλλά
533 3635 586 3690 μιν
619 3610 743 3684 πάνπινς
773 3612 867 3676 σ’πίσιν
903 3609 1137 3686 ἀπάξιοσιη.
1185 3611 1334 3677 Potestne

147 3717 269 3785 loedior
302 3715 520 3781 barbarismus
549 3718 707 3781 committi
733 3736 829 3802 quam
863 3717 896 3781 in
921 3717 1118 3798 διαδρησηπαι
1149 3723 1181 3781 et
1206 3714 1332 3792 ἀπάξιν·

147 3824 216 3891 orn?
266 3820 327 3888 Sed
352 3841 414 3885 non
437 3822 594 3886 minorem
626 3841 777 3887 transeam
810 3822 920 3887 cadem
952 3821 1053 3886 iorma
1078 3841 1208 3888 irrorere
1240 3821 1332 3887 dehet

146 3930 244 3998 iniis
276 3926 508 4013 scriptoribus,
541 3947 620 4012 quos
652 3948 670 3990 a
705 3927 935 3994 Graeculorum
963 3928 1049 3993 saoce
1079 3929 1149 3993 iure
1184 3947 1332 4015 segrega·

146 4055 231 4102 ntus.
279 4033 360 4099 blale
383 4033 516 4097 llioncm
540 4034 685 4098 Gessium
712 4033 790 4099 solet
817 4033 992 4099 hohccbius
1017 4034 1231 4119 ineptissimis
1254 4034 1332 4100 scri·

145 4141 292 4229 ptorihns
323 4140 516 4204 immiscere.
564 4138 733 4204 Aelianum
765 4160 916 4226 peccasse
951 4161 1045 4206 nemo
1075 4141 1269 4219 mirabitur,
1300 4148 1332 4207 et

145 4247 292 4313 Flavium
319 4244 515 4331 losepbunn,
551 4253 583 4310 et
614 4243 841 4324 Heliodorum,
877 4254 909 4311 et
940 4247 1195 4335 Byzantinorum
1234 4246 1331 4333 pessi·

144 4373 232 4420 mum
264 4370 448 4438 quemquo,
481 4370 561 4435 quos
593 4358 716 4419 scatere
742 4351 926 4419 istiusmodi
961 4352 1050 4418 ritiis
1083 4360 1210 4420 constat
1246 4354 1332 4420 inter
