2940 5010
712 313 765 357 xtx

149 475 243 543 uode.
269 473 353 544 fideli
385 473 554 543 concordie
581 477 760 558 συγκρύψαι
792 477 844 544 καί
879 477 1045 547 συσκιάσαι
1070 477 1252 565 legeretur,
1285 491 1329 548 ta·

147 616 221 664 men
241 598 297 684 qui
330 596 504 683 longousu
529 596 774 665 Demosthenem
807 600 950 667 trivisset
973 607 1005 667 et
1025 600 1249 669 Demosthenis
1274 603 1330 668 sti·

146 717 214 784 ium
246 716 326 784 hene
352 717 517 803 cognitum
550 716 715 785 habuisset
745 727 871 805 poterat
900 718 1138 808 deprehendere
1172 719 1328 787 iraudem.

146 837 215 904 Nou
247 836 328 905 sciet
357 838 456 904 otiose
487 837 659 918 ίσσδύναρνα
690 837 877 915 cumulare:
912 841 1092 923 συγκρύψαι
1130 842 1174 911 σαὶ
1208 844 1326 908 τοιαῦτ’

146 959 241 1034 ύνείδκ
265 957 465 1026 tantumdem
485 967 534 1025 est
557 965 654 1046 atque
674 960 855 1044 συγκρύψαι
876 962 928 1029 καί
951 963 1118 1030 συσκισύσαι
1143 962 1186 1029 σύν
1208 965 1328 1029 τοιαῦτ’

146 1078 261 1154 hetin:
286 1079 465 1145 sententiae
487 1077 575 1146 nulia
611 1080 659 1146 vis
693 1078 825 1147 additur
848 1101 952 1168 neque
974 1084 1178 1151 numerosius
1204 1083 1251 1150 sic
1279 1102 1329 1150 ea·

146 1195 194 1266 dit
221 1198 325 1265 oratio
353 1218 457 1287 neque
489 1199 529 1274 ad
554 1219 649 1267 aures
680 1199 799 1269 accidit
829 1202 961 1288 gratior.
1016 1202 1081 1270 Cur
1112 1204 1215 1289 igitur
1241 1201 1330 1270 addi·

143 1317 243 1392 disset
273 1318 501 1389 Demosthenes
532 1322 589 1407 qui
621 1341 799 1408 numquam
826 1323 961 1390 orationi
992 1323 1086 1392 rerba
1111 1322 1240 1390 inutilia
1269 1322 1326 1390 ad·

143 1438 285 1507 miseeti
331 1439 481 1508 Creditur
508 1448 615 1507 tamen
643 1440 695 1508 iiie
717 1441 945 1511 Demosthenes
973 1444 1004 1511 id
1037 1445 1156 1512 dixisse
1179 1443 1263 1532 quod
1291 1445 1324 1510 in

144 1558 398 1633 omnihuslihris
418 1560 491 1628 diss·
504 1559 624 1647 legitur
644 1581 714 1649 pag.
728 1567 788 1642 20,
809 1569 870 1638 26:
894 1565 968 1633 ὅταν
981 1567 1006 1632 δ’
1026 1567 1062 1632 ἐκ
1074 1565 1254 1645 πλεονεξίας
1273 1565 1328 1632 καί

143 1681 287 1765 πονηρίας
308 1706 356 1756 τις
379 1679 478 1764 ὥσπερ
509 1679 595 1758 odron
621 1684 758 1767 ίσχύσκ,
782 1687 799 1760 ἡ
829 1685 930 1767 νιρύσκ
954 1686 1111 1767 πρόφασις
1134 1687 1188 1753 καί
1220 1685 1326 1768 μικρὸν

141 1811 292 1884 πταῖσμα
324 1799 458 1870 ἅπαντ’Χ
476 1804 660 1886 ἀνεχαίτισε
693 1803 758 1892 [καὶ
791 1804 956 1894 dudonem}
1005 1805 1134 1875 Dudum
1170 1805 1323 1875 admonui

140 1920 239 1990 verha
261 1923 313 1990 eei
337 1922 475 1991 διέλυσεν
495 1924 605 2010 spuria
633 1944 704 1991 esse
725 1932 758 1991 et
786 1925 1007 2011 expungenda.
1053 1926 1123 1995 Nou
1156 1925 1218 1993 sert
1252 1946 1325 1994 ver·

141 2042 219 2111 hum
240 2041 358 2110 ardens
377 2042 577 2125 ἀνεχαίτισεν
611 2042 756 2111 additum
787 2043 846 2110 sihi
871 2053 903 2111 et
927 2046 1210 2133 superimpositum
1237 2047 1324 2114 iners

141 2162 222 2233 ittet
241 2161 294 2229 καὶ
316 2161 453 2231 διέλυσεν
476 2183 516 2230 ex
543 2163 805 2249 interpretatione
831 2170 964 2241 natum,
998 2167 1148 2251 quoniam
1173 2165 1251 2252 quid
1276 2186 1324 2232 es·
1359 2146 1400 2240 *i-

140 2291 189 2362 set
217 2277 426 2367 ανεχαίσιύε,
464 2281 597 2351 verbum
620 2284 763 2369 priscum
792 2290 825 2350 et
849 2281 1026 2351 obsoletum
1058 2292 1091 2353 et
1118 2285 1205 2374 apud
1239 2286 1324 2374 ipsos

140 2404 265 2473 Atticos
287 2403 364 2472 olim
385 2403 519 2470 rarioris
538 2409 569 2468 et
593 2402 813 2489 exquisitioris
831 2423 926 2484 usus,
950 2415 1077 2492 praeter
1095 2406 1204 2474 doctos
1229 2427 1323 2475 nemo

140 2523 348 2612 ioteDigehet.
394 2521 601 2609 interpolatio
626 2521 707 2589 mihi
735 2523 864 2610 qutidem
886 2532 953 2592 tarn
984 2523 1115 2592 evidens
1140 2546 1210 2601 esse
1234 2527 1321 2595 vide-

140 2643 237 2712 hatur
259 2651 296 2713 ut
325 2644 488 2711 nemiuem
520 2642 721 2711 admonitum
753 2643 903 2712 duhitare
932 2665 1026 2733 posse
1049 2645 1235 2725 crederem,
1265 2651 1322 2735 qui

142 2763 387 2835 Demosthenem
411 2763 461 2832 vel
491 2763 590 2831 semei
626 2771 729 2832 totum
754 2764 952 2852 perlegisset.
998 2766 1045 2833 Da
1076 2786 1128 2834 me
1151 2768 1258 2854 opinio
1282 2768 1327 2836 ie·

139 2884 239 2955 ieliit:
263 2884 330 2953 ridi
351 2886 438 2955 enim
458 2904 562 2973 nuper
581 2885 638 2972 qui
660 2885 714 2953 καί
736 2885 876 2955 διέλυσεν
904 2886 1062 2977 acerrime
1087 2885 1273 2956 detenderet
1291 2897 1324 2958 et

142 3026 241 3095 quam
269 3007 407 3075 maxime
441 3005 577 3094 probum
610 3013 642 3074 et
669 3006 847 3092 genuinum
880 3026 950 3073 esse
979 3003 1174 3075 affirmaret:
1210 3010 1327 3076 »mille

143 3129 225 3196 enim
250 3126 331 3196 locos
353 3129 464 3216 offeni
485 3148 575 3216 posse
597 3126 651 3193 κύν’
676 3126 842 3199 simillimo
865 3124 1044 3212 tegantur.'’
1091 3126 1174 3193 Dum
1197 3126 1243 3194 illi
1265 3128 1327 3199 loci

140 3247 346 3336 proterantur
369 3250 492 3319 interea
516 3269 575 3335 ego
599 3268 701 3316 unurn
733 3254 857 3313 tantum
887 3244 991 3313 locum
1015 3244 1190 3333 producam
1213 3268 1252 3314 ex
1271 3269 1326 3316 au·

137 3369 231 3456 tique
253 3378 285 3437 et
308 3368 435 3442 erudito
464 3367 623 3444 Rhetorc‚
648 3367 790 3452 quinon
822 3365 864 3432 ita
888 3365 1010 3453 pridem
1035 3385 1073 3432 ex
1104 3366 1249 3433 Parisino
1269 3368 1325 3435 (io-

141 3488 214 3557 dice
244 3490 362 3577 prodiit
385 3490 417 3553 in
451 3486 556 3554 iucem
580 3495 613 3554 et
646 3506 750 3574 nuper
778 3506 798 3553 a
826 3484 993 3574 Spengeiio
1023 3488 1181 3574 repetitus
1209 3495 1259 3555 est
1290 3488 1325 3554 in

142 3607 252 3679 Rhett.
275 3607 404 3675 Graecis
423 3607 448 3676 l.
472 3628 544 3696 pag.
567 3612 653 3676 tet:
678 3608 709 3676 ἐν
734 3618 806 3682 σαῖς
827 3604 969 3684 λέξεσιν,
994 3605 1121 3692 inquit.
1157 3607 1226 3679 ἕσαν
1255 3632 1324 3676 συν·
1347 3596 1395 3685 rei

142 3730 262 3811 ταμία,
286 3727 342 3794 ἐὰν
364 3735 428 3803 ταῖς
458 3737 610 3811 τροπικοῖς
632 3729 717 3802 ἐνίαις
738 3727 842 3808 κυρίας
869 3728 973 3809 χρῷο,
1004 3724 1103 3810 ὥσπερ
1128 3728 1324 3809 Δκρασσύίνκσ
1348 3712 1352 3797 t

141 3852 185 3933 τῷ
213 3849 486 3932 ἀνεχαίτισεν.
518 3851 570 3918 δια
596 3855 671 3932 μναῖς
694 3848 758 3930 γὰρ
788 3845 900 3925 λέξεως
924 3844 992 3914 ὅλον
1026 3847 1184 3930 ἐσλύρσισε
1212 3830 1353 3947 cincei

142 3971 340 4057 Agnoscisne
363 3971 396 4037 iu
417 3970 467 4036 his
492 3970 639 4038 idoneum
661 3967 825 4036 iudicem?
874 3965 958 4047 Quid
986 3967 1110 4053 igitur?
1148 3967 1325 4038 Videturue

145 4090 204 4158 tihi
227 4091 261 4157 iu
281 4111 341 4158 suo
363 4089 574 4158 Demosthene
590 4088 706 4176 legisse
723 4088 906 4171 ἀνεχαίτισε
930 4085 994 4153 καὶ
1015 4087 1215 4157 διίλυσενί
1240 4089 1325 4157 Num

144 4211 204 4280 hoc
228 4219 313 4280 esset
336 4210 387 4278 διὰ
410 4215 486 4292 prate
507 4209 618 4289 λέξεαι
642 4209 710 4279 ύλσν
734 4209 833 4291 νίκαα
857 4207 1039 4292 σλκρῶσαιί
1074 4209 1133 4277 Est
1153 4208 1231 4278 illud
1255 4230 1324 4276 ver-
