2940 5010
692 282 759 343 cio

137 461 258 533 ίδιιίτκς
281 456 463 532 τάττονται,
486 454 568 520 οὐδὲν
595 453 696 532 λίνον
719 448 890 538 φροντίζειν
912 455 1039 532 μάλλον
1061 454 1161 521 αυτοῦ
1183 462 1242 532 τιῑς
1262 455 1311 523 τά

137 564 227 642 ξευς·
260 562 310 629 διά
345 565 434 628 τοῦτο
465 556 514 626 οὖν
546 558 598 625 κοιί
630 560 745 633 αὐτὸς
775 557 901 633 τίίητιν.
948 558 1041 626 Patet
1070 558 1232 627 excidisse
1254 560 1312 629 ίδί

139 667 275 760 (Lysias)
309 667 391 734 οὐδὲν
423 666 524 744 λέγων
546 664 715 748 Φρτντίζειν
738 666 803 730 xri.
828 661 883 730 scd
906 662 984 749 quid
1008 663 1122 753 luysitts
1155 664 1313 755 Polycrati

136 773 337 861 responderit
367 769 492 837 Codicis
522 771 638 837 lacuna
662 768 790 836 videtur
812 768 995 836 abstulisse.
1041 769 1204 863 compone
1233 789 1314 839 nnnc

138 880 218 947 mibi
242 899 316 946 cum
342 877 391 943 bis
424 875 644 963 Xenophontis
674 875 780 942 locum
812 894 852 941 ex
881 874 1012 941 Memor.
1033 874 1059 942 1.
1082 894 1116 942 a.
1142 881 1199 943 aa.
1230 878 1313 945 aa

138 989 273 1068 Ὀμήρου
296 984 311 1048 ί
334 985 502 1064 κατήγορος
529 982 589 1065 ἔφη
611 981 766 1056 τολλάκις
790 981 885 1048 corto
909 981 1015 1061 λέγειν
1042 977 1090 1049 ὅτι
1114 983 1288 1058 Ὀδυσσεύς

273 1085 375 1155 ὅντινοι
395 1089 452 1167 μὲν
473 1090 618 1168 βοισιλιῑοι
638 1086 690 1153 κοιί
714 1084 822 1168 ἔξοχον
845 1083 942 1169 άνδριι
963 1086 1068 1170 κιχείη
1091 1087 1163 1155 ert.

139 1206 170 1263 et
195 1193 274 1261 nibit
299 1212 367 1259 esse
390 1193 508 1280 poterit
539 1192 662 1259 certius
683 1211 780 1279 quam
810 1192 825 1258 ί
845 1195 1016 1275 κατήγορος
1046 1189 1110 1276 ἔφη
1135 1190 1315 1279 significare

138 1304 152 1368 i
175 1297 376 1380 Πολυκράτης
400 1297 461 1380 ἔφη
481 1299 512 1362 ἐν
535 1308 574 1381 τῇ
596 1296 775 1380 Σωκράτους
797 1299 982 1384 κατηγορίᾳ.

185 1406 241 1472 ilis
265 1406 366 1490 igitur
389 1404 555 1489 perspicue
588 1401 816 1469 demonstratis
838 1411 871 1471 ct
897 1402 1037 1471 tirmiter
1058 1401 1251 1470 constitutis
1271 1420 1316 1471 ao·

140 1512 272 1578 stimare
295 1509 371 1574 ticet
393 1527 489 1594 quam
522 1507 647 1574 lubrica
679 1507 757 1576 tides
789 1510 833 1576 sit
863 1508 1041 1576 multarum
1073 1525 1212 1587 rerum,
1241 1528 1317 1596 qm
1348 1520 1352 1587 t

138 1625 239 1685 testes
261 1614 418 1702 plurimos
440 1621 473 1679 et
495 1612 765 1700 toctrptetissimos
796 1614 912 1682 babere
935 1621 1104 1702 putantur.
1153 1612 1317 1682 Aeschinis

141 1721 331 1789 Timarcbea
364 1721 397 1785 in
422 1717 544 1785 iudicio
572 1717 682 1786 babitu
706 1727 756 1786 est
786 1721 881 1787 annis
905 1725 947 1788 aa
978 1727 1052 1808 post
1081 1716 1228 1787 Socratis
1249 1738 1316 1787 con·

140 1826 400 1903 damnationem,
424 1832 455 1891 ct
478 1824 542 1890 ianr
568 1833 638 1891 tum
658 1825 849 1892 credebatur
862 1825 1010 1893 Socrates
1030 1822 1085 1890 itio
1096 1825 1238 1893 crimine
1248 1844 1316 1893 son·

138 1934 274 2010 cidisse,
297 1930 337 1997 de
360 1950 423 2018 quo
446 1931 512 1997 veri
533 1938 736 1998 accusatores
757 1950 796 1998 na
819 1933 1038 2018 cogitaverant
1061 1927 1209 2016 quidem.
1258 1930 1316 1999 Ad-

140 2041 290 2107 bortatur
315 2034 430 2102 Orator
453 2035 576 2103 iudices
600 2044 637 2102 ut
660 2037 699 2103 dc
723 2035 895 2102 Timarcho
918 2043 1048 2104 sumant
1070 2056 1193 2123 poenas
1214 2056 1314 2125 qoem·
1350 2090 1352 2143 Ι

141 2142 312 2211 admodum
338 2140 414 2206 olim
444 2139 482 2207 de
511 2139 642 2208 Socrate
665 2143 878 2219 sumsissent,
912 2140 958 2210 ίτι
982 2144 1108 2225 Κριτίον
1140 2141 1245 2225 ἐφάνη
1266 2166 1314 2209 τε·

140 2248 321 2321 aerisonis.
367 2244 436 2311 lam
457 2254 525 2312 tum
549 2247 616 2334 ipse
639 2245 772 2313 dictetus
794 2255 828 2314 et
848 2247 975 2337 Anytus
998 2248 1050 2314 usi
1072 2266 1144 2314 esse
1167 2245 1313 2335 poubro

142 2367 197 2424 tur
219 2351 521 2431 criminationibus,
553 2371 633 2437 quas
666 2351 813 2441 Sopbista
834 2352 891 2420 diu
922 2361 993 2440 post
1017 2351 1162 2420 Socratis
1186 2360 1313 2420 mortem

141 2461 180 2529 de
204 2466 352 2526 suaerat
382 2465 594 2524 commentus.
642 2457 748 2523 Etiam
782 2460 815 2524 in
840 2457 894 2524 itta
918 2479 954 2526 re
983 2458 1237 2527 Atheniensibus
1257 2456 1311 2523 dici

142 2574 266 2653 poterat
287 2561 370 2649 quod
395 2561 478 2628 dixit
500 2562 746 2629 Demosthenes:
771 2564 852 2629 τολιί
871 2589 901 2631 τι
925 2564 1052 2640 τκίτος,
1077 2567 1118 2638 ὥς
1142 2562 1255 2642 ἔοικεν,
1274 2560 1309 2631 ἔτι

139 2674 213 2754 πάρ’
240 2670 310 2748 ὑμῖν
336 2668 391 2748 τρὸ
422 2668 656 2743 sardinarius.
703 2668 831 2735 Poterat
857 2679 986 2747 tamen,
1017 2669 1045 2735 si
1068 2669 1144 2756 quis
1166 2668 1229 2735 boc
1251 2686 1309 2753 τρι-

139 2786 190 2843 ret
210 2783 241 2841 et
265 2774 372 2838 carnia
391 2771 563 2857 diligenter
585 2773 815 2859 perpenderet,
844 2794 897 2840 res
918 2775 987 2861 ipsa
1011 2773 1126 2841 docere
1151 2776 1186 2841 in
1213 2774 1308 2840 Socra·

139 2883 181 2946 tis
212 2878 331 2945 iudicio
362 2897 465 2964 neque
498 2877 673 2944 Alcibiadis
710 2898 813 2965 neque
844 2879 963 2946 Critiae
993 2880 1194 2947 mentionem
1226 2878 1307 2946 uttan

140 2986 259 3052 iactam
282 3003 352 3050 esse
376 2990 433 3049 aut
465 2984 562 3049 etiam
588 2983 659 3049 lieri
683 2985 835 3070 potuisse.
884 2985 989 3051 Unum
1014 2992 1133 3052 testem
1157 2984 1306 3053 oculatum

143 3090 319 3167 labemus,
342 3089 394 3155 cui
424 3088 463 3154 de
488 3088 629 3154 Socratis
655 3087 773 3155 iudicio
797 3091 943 3157 narranti
962 3088 1051 3157 credi
1076 3092 1201 3178 possit,
1224 3089 1307 3157 eoo

142 3216 226 3263 nem.
276 3192 365 3259 Plato
398 3194 431 3258 iu
462 3193 614 3280 Apologia
646 3194 782 3262 subinde
806 3198 874 3283 ipsa
907 3204 1133 3262 accusatorum
1162 3194 1259 3263 νιιτδι
1282 3194 1307 3259 in

142 3304 211 3389 ipso
235 3298 354 3365 iudicio
377 3319 396 3364 a
421 3319 455 3364 se
481 3297 591 3364 audita
616 3298 733 3376 refert,
764 3300 864 3366 vetuti
896 3321 926 3387 p.
950 3306 1002 3366 17.
1027 3300 1065 3365 A.
1098 3307 1132 3367 et
1163 3296 1308 3387 imprimit

142 3429 173 3494 p.
197 3409 251 3471 29.
275 3403 307 3468 G.
339 3401 393 3468 ubi
419 3405 524 3489 ipsruu
556 3405 654 3491 Anyti
686 3404 851 3471 exordium
875 3405 1036 3472 servavit:
1064 3408 1200 3479 Ἄνυτος
1223 3402 1307 3489 ἔφηὸ

141 3515 197 3589 την
221 3511 320 3591 alazia
343 3510 388 3586 μη
413 3510 474 3575 δεῖν
498 3510 554 3588 ἐμὲ
578 3510 660 3592 δεῦρο
682 3511 828 3577 είτελίεῖν
852 3512 869 3588 ἢ
895 3512 997 3586 ἐπειδὴ
1019 3512 1242 3593 είτῆλίονουχ
1264 3504 1311 3579 ott

140 3642 177 3683 τε
196 3613 273 3682 εἶνοιι
296 3615 331 3680 τὸ
354 3615 398 3692 pi
422 3615 607 3681 άτοκτείνοιί
633 3641 694 3695 ps,
725 3617 826 3695 λέγων
857 3618 928 3699 τρίς
952 3618 1058 3695 ὑμᾶς,
1080 3619 1121 3689 cir
1144 3617 1172 3683 εί
1198 3617 1314 3699 διάφευ-

141 3722 250 3803 ξοίμην
279 3721 334 3796 ἤδη
365 3719 404 3786 άν
437 3720 519 3798 ὑμῶν
542 3722 568 3786 οἱ
596 3725 670 3796 υἱεῖς
695 3723 923 3798 ἐπιτηδεύοντες
946 3719 968 3789 ά
992 3721 1162 3804 Σωκράτης
1186 3721 1317 3789 διδάσκει

141 3829 259 3901 πάντες
291 3824 478 3892 τοιντάτοιτι
513 3825 783 3909 διυφίοιρήτοντκι.
839 3828 1053 3913 Agnoscimus
1094 3826 1264 3913 ingenium

140 3935 320 4002 orationem
351 3930 513 4007 borrrinis,
547 3951 641 4016 quem
672 3933 761 4000 Plato
789 3934 822 4000 in
855 3934 987 4000 Menona
1020 3931 1179 3999 describit
1212 3930 1284 4001 inde

141 4061 213 4128 pag.
234 4041 288 4104 89.
314 4037 353 4103 Ε.
387 4035 442 4102 ubi
474 4035 615 4103 demiror
635 4059 698 4105 non
731 4039 771 4106 ab
794 4039 942 4106 omnibus
966 4047 1130 4125 receptam
1165 4058 1238 4107 esse
1262 4038 1320 4107 cri·

141 4147 268 4214 dentem
294 4142 527 4208 correctionem
549 4143 592 4216 είς
615 4147 711 4211 κοιλδν
735 4148 810 4226 ripis
835 4150 1005 4218 Ἄνυτος
1026 4142 1078 4210 aar
1099 4144 1319 4228 τορειικίίζιτο

142 4273 201 4341 pro
235 4249 354 4324 αὐτὸς
390 4245 462 4325 aa,
497 4250 686 4334 praesertim
721 4271 822 4338 qurum
860 4249 972 4317 multis
1010 4249 1170 4337 exemptis
1208 4256 1320 4321 comet

143 4365 322 4424 ΛΝΤΤΟΣ
347 4355 380 4420 in
405 4353 499 4428 οὐτίς
527 4352 677 4426 facillime
705 4356 874 4444 depravari
897 4355 1010 4430 solere.
1058 4355 1232 4444 Imprimis
1252 4352 1316 4425 audi
