2940 5010
656 298 720 359 445

97 474 137 539 ri
156 474 217 537 σύν
239 472 409 553 σμγύυυυ,
434 476 466 536 et
486 471 691 557 perspicuum
715 478 765 536 est
789 468 848 537 lroo
872 470 940 537 loon
964 468 1080 537 melius
1100 472 1198 539 enitor
1218 474 1284 539 σοι’-

94 596 167 643 οοιοε
212 594 309 663 quam
351 584 500 662 paternos
533 575 780 642 commemorari
815 595 949 652 eorum,
985 595 1122 662 quorum
1163 580 1217 644 ovi
1252 589 1285 643 et

94 681 208 771 pronai
229 681 387 749 Barbaros
412 680 489 748 olim
513 682 675 748 viaissent.

144 785 182 854 ln
214 786 309 874 517.
341 807 399 875 pro
432 787 567 871 ἔφευγον
597 792 673 867 γοῦν
706 784 948 853 rescribendum
981 793 1031 853 est
1061 785 1190 872 ἔφυγον.
1245 788 1286 853 Et

95 892 232 977 φεύγειν
256 890 386 979 quidem
412 899 444 958 et
467 898 583 975 φυγεῖν
608 899 762 980 perpetuo
786 892 871 958 inter
899 911 933 959 se
960 902 1207 980 permutantur,
1231 892 1286 959 sed

98 1016 263 1087 nusquam
287 995 354 1065 lere
377 995 518 1063 difficilis
549 1005 606 1064 aut
630 1016 747 1083 anceps
772 998 859 1084 optio
881 1005 949 1064 est:
973 1004 1100 1064 tantum
1129 1018 1191 1064 non
1218 997 1287 1065 ubi·

96 1122 163 1191 que
181 1103 294 1171 statim
315 1104 474 1170 sententia
493 1103 553 1170 looi
576 1101 680 1191 palam
706 1100 783 1168 laoit
808 1110 918 1169 utrum
939 1102 1057 1187 ἔφυγον
1070 1123 1110 1170 an
1131 1102 1285 1187 ἔφευγον,

25 1292 30 1299 ¹
96 1208 256 1295 φυγύνσεε
274 1226 317 1273 an
335 1210 510 1290 φεύγοντες
536 1208 580 1275 sit
604 1209 782 1294 genuinum
811 1228 849 1275 ao
869 1228 994 1275 verum.
1042 1207 1142 1297 Saepe
1163 1210 1288 1276 exsules

98 1314 135 1381 in
150 1312 248 1381 coit.
268 1312 472 1401 appellantur
494 1316 520 1380 oi
544 1314 725 1399 φυγόντες,
751 1333 845 1401 saepe
866 1334 947 1401 quos
970 1313 1166 1402 supirsedioi
1193 1334 1287 1401 appa·

96 1424 152 1487 rat
167 1418 301 1505 φεύγειν
321 1417 488 1487 dicuntur.
510 1418 581 1485 Non
601 1420 702 1485 maior
722 1420 756 1484 in
779 1419 831 1485 his
850 1419 999 1486 omnibus
1019 1419 1219 1505 corrigendis
1239 1427 1289 1487 est

99 1522 261 1593 dubitatio
283 1542 381 1610 quam
406 1525 440 1590 in
467 1524 605 1605 ἔβαλλον
628 1532 660 1591 el
685 1522 818 1603 ἔβαλον,
841 1526 1035 1608 προσέβαλον
1055 1533 1088 1592 ei
1111 1526 1289 1608 σμοσέβαλ·

96 1644 171 1709 λον,
191 1628 325 1711 βοίλλον
347 1638 381 1697 et
402 1630 533 1709 βαλών,
557 1630 776 1717 eaeterisque,
801 1650 882 1717 quae
908 1630 1026 1718 ultique
1048 1630 1290 1717 susquedeque

96 1734 272 1805 habentur.
326 1734 429 1823 Saepe
459 1734 524 1802 vidi
556 1736 718 1819 πέφευγεν
746 1745 778 1803 ei
811 1737 978 1820 οίσὲφυγεν
1003 1738 1088 1804 inler
1109 1744 1290 1803 somniare

98 1840 227 1917 lorum
258 1839 471 1919 stultissime,
504 1860 643 1928 namque
676 1841 834 1928 quomodo
869 1840 1046 1930 perlectum
1082 1850 1116 1909 et
1148 1842 1289 1907 doristus

98 1944 190 2015 ulra
212 1946 447 2015 loeisententia
467 1947 611 2035 possint,
636 1966 773 2034 quaeso,
800 1948 997 2033 permutari,
1021 1956 1053 2015 et
1070 1947 1290 2015 diversissima

99 2050 297 2141 significatio
328 2051 500 2119 verborum
532 2050 665 2135 φεύγειν
694 2061 727 2118 et
750 2052 969 2137 οἰσοφεύγειυί
1017 2052 1137 2119 Tanren
1169 2051 1289 2138 aliquo·

98 2156 165 2225 ties
186 2154 298 2224 dootoe
319 2154 465 2224 homines
500 2174 537 2223 ea
560 2175 613 2222 res
637 2153 758 2223 lelollit.
806 2159 842 2225 ln
867 2158 981 2245 Vespis
1004 2177 1049 2223 vs.
1072 2161 1149 2224 997.
1185 2156 1289 2224 Codex

100 2262 272 2331 Ravennae
295 2262 425 2330 exhibet
448 2262 540 2337 ὄντας
563 2261 730 2346 σέφευγε;
756 2282 814 2349 pro
840 2262 931 2337 ὄντας
958 2262 1126 2346 οίπίφυγε;
1159 2281 1290 2349 prorsus

101 2368 175 2437 sine
196 2386 316 2447 sensu,
339 2367 374 2434 id
396 2368 481 2455 quod
506 2376 676 2435 senserunt
700 2387 821 2434 omnes.
872 2366 933 2434 Sed
963 2388 1057 2436 nemo
1080 2369 1182 2435 sensit
1205 2366 1289 2434 idem

101 2473 258 2543 ruendum
291 2473 443 2541 deuehini
478 2472 660 2541 adhaesisse
697 2477 729 2539 in
760 2471 984 2559 Ctesiplrontea
1016 2474 1034 2554 ,δ
1061 2477 1134 2540 tut.
1168 2473 1290 2553 ἐτόλμα

100 2580 186 2647 Ην
211 2580 286 2658 ὑμῖν
305 2579 381 2645 ποτε
410 2580 611 2659 σεμνύνεσθαι
635 2585 805 2661 ’aptarem
829 2581 940 2654 ἐκεῖνος
965 2580 979 2644 l
1002 2579 1159 2661 ’Λζηνιεύς
1188 2579 1289 2657 λέγων

97 2680 148 2753 ὐῐε
170 2683 304 2768 γραφεὶς
324 2683 510 2767 σαοανύμων
531 2684 732 2767 πέφευγεν
755 2684 969 2763 ἐβδομήκοντα
990 2685 1043 2751 καί
1066 2685 1177 2753 σε’ντετ
1201 2685 1289 2771 inep-

99 2788 248 2867 tissime,
272 2794 309 2855 ut
331 2787 442 2865 vides,
479 2809 536 2875 pro
557 2790 736 2874 οὶσέφυγεν.
784 2790 868 2872 Quid
892 2798 1001 2856 nutem
1036 2788 1224 2856 Editorilrus
1245 2788 1290 2855 la·

99 2892 190 2973 eins,
221 2894 278 2980 qui
301 2913 413 2961 ueram
436 2893 606 2962 lectionem
640 2896 673 2961 in
698 2902 837 2981 quatuor
863 2896 994 2981 optimis
1025 2892 1115 2959 lilrris
1139 2894 1213 2960 etet
1238 2914 1290 2961 re·

100 3004 228 3087 portam
250 3006 372 3066 temere
403 3000 619 3086 spreverunt?
667 3000 789 3067 lterum
813 3008 989 3086 peccarunt
1015 3000 1048 3065 in
1078 3020 1147 3085 sqq.
1182 2999 1289 3083 Κέφα·

100 3118 155 3179 λος
177 3140 224 3155 -
247 3102 298 3170 ἐπὶ
321 3113 386 3177 τοῖς
415 3106 558 3180 ἐναντίοις
587 3107 800 3189 ἐφιλοτιμεῖτο
830 3104 931 3183 λέγων
953 3104 1000 3171 dri
1023 3114 1141 3173 πλείειν
1165 3104 1290 3173 σοίνσαν

99 3211 274 3295 paremque
298 3210 498 3293 ψηφίσματα
534 3211 679 3291 οὐδεμίαν
702 3213 826 3277 σύσοτε
849 3212 977 3292 γμαφύν
1010 3210 1196 3294 πέφευγε
1229 3235 1290 3277 πα·

100 3314 250 3399 puluere.
296 3312 366 3379 Non
391 3314 529 3380 sensisse
553 3324 660 3382 autem
689 3315 799 3381 doctos
823 3316 970 3382 homines
992 3336 1089 3402 quam
1113 3315 1289 3383 absurdum

100 3428 188 3489 uni
210 3420 245 3485 in
263 3416 321 3487 tati
351 3437 387 3486 re
415 3416 556 3504 perlecto
578 3420 641 3486 uli:
665 3420 812 3501 οὐδεμίαν
835 3422 960 3488 σύνιστε
983 3426 1111 3503 γραφὴν
1141 3422 1289 3505 πέφευ-

101 3548 167 3607 γα.
220 3522 367 3607 Quattuor
397 3523 511 3610 optimi
543 3523 618 3589 libri
653 3524 749 3592 iidem
784 3546 880 3592 unam
917 3526 1095 3593 litterulam
1133 3527 1290 3594 omittunt

102 3630 224 3717 ίφευγε
248 3637 429 3697 servantes:
464 3628 546 3695 duas
568 3637 711 3695 exemtus
739 3632 880 3718 oportuit
912 3633 1136 3720 scriptumque
1165 3632 1291 3715 ἔφυγε,

101 3734 376 3827 quemadmodum
400 3735 538 3822 quisque
561 3733 654 3801 laeile
678 3737 861 3823 perspiciet.
894 3738 1095 3824 Quamquam
1118 3736 1195 3804 haee
1219 3757 1290 3824 gra·

102 3842 237 3910 vireium
256 3839 337 3907 uitia
359 3847 455 3917 sunt,
478 3848 586 3907 tamen
611 3841 742 3925 gravius
765 3842 864 3909 etiam
889 3850 922 3908 et
942 3842 1065 3909 foedius
1076 3842 1226 3909 Herodoti
1248 3842 1289 3907 li-

100 3946 179 4015 ltrtts
198 3944 323 4014 obsidet
346 3965 457 4013 omnes
478 3946 546 4013 Vll·
574 3950 647 4011 154.
681 3946 698 4031 Q
722 3951 752 4012 t.
783 3954 843 4013 σῶν
875 3948 907 4013 δὲ
940 3944 1016 4013 είυεα
1039 3949 1151 4013 πολίων
1173 3948 1288 4013 τούτων

100 4054 187 4131 πλὴν
209 4051 423 4135 Συρηκουσέων
449 4051 578 4132 οὐδεμία
610 4052 797 4136 πέφευγε
827 4053 1006 4128 δουλοσύνην
1029 4053 1102 4133 σούς
1125 4052 1288 4133 ‘tranupol-

100 4182 183 4235 σεοε.
238 4158 322 4243 Quid
354 4179 435 4246 opus
465 4168 515 4227 est
545 4157 653 4224 verbis
676 4158 716 4224 ad
739 4157 1027 4225 demonstrandum
1049 4156 1189 4225 absrrrde
1216 4176 1288 4243 por-

100 4262 225 4335 leetum
248 4264 281 4332 in
305 4283 344 4332 ea
366 4285 404 4331 re
434 4267 506 4353 poni
533 4274 566 4331 et
595 4265 746 4347 ἀπέφυγε
771 4284 882 4331 rerum
915 4262 1010 4329 esse?
1047 4262 1082 4328 Si
1105 4262 1288 4331 Herodotus

100 4378 153 4439 ost
174 4370 403 4450 inmanibus,
427 4371 537 4438 eadem
570 4390 667 4459 opera
686 4376 802 4455 φυγεῖν
826 4390 883 4457 pro
902 4370 1034 4451 φεύγειν
1058 4368 1183 4435 duobus
1208 4368 1286 4435 loeis

1026 4482 1052 4519 ³3
1069 4480 1082 4505 *
