2940 5010
703 288 767 351 276

149 462 274 542 προσθεν
308 461 416 527 τούτου
444 459 588 534 τιθέντες.
636 459 808 526 Usilatiore
829 459 928 525 ettam
960 455 1064 525 forma
1094 458 1297 531 Pausanias&

150 570 183 635 2.
209 571 279 654 55.
303 565 482 646 ἐπίπροσθεν
503 574 560 641 τῆς
589 565 753 644 εὐσεβείας
775 563 818 630 τοὶ
844 563 932 647 κέρδη
954 563 1138 643 ποιούμενοι.
1259 620 1268 625 .

194 668 285 753 Quod
303 671 456 737 continuo
478 670 626 757 sequitur
653 689 699 736 us.
726 668 827 736 1014.
851 666 874 735 d
896 671 930 746 γ’
954 664 1048 743 εἴποι
1069 671 1297 749 dussimus&

148 776 335 842 coniectura
360 775 549 842 restitutum
581 783 651 854 est,
678 793 780 863 quum
807 774 840 838 in
873 772 964 841 libris
994 772 1084 841 MSS
1107 775 1297 845 omnibmd'

147 882 220 963 πρὸς
243 878 267 948 ἅ
289 883 323 960 γ’
352 876 455 955 εἴτις.
502 881 542 947 m
562 882 637 964 πρός
661 879 792 967 quidem
822 876 1015 946 additieium
1037 898 1109 947 erse
1133 888 1168 947 et
1188 900 1297 971 expmp

146 993 293 1072 oportere
315 1004 448 1072 prorsus
467 987 645 1063 assentior,
668 984 725 1052 sed
746 983 889 1051 nondum
918 984 980 1051 loei
1003 983 1297 1055 emendationemai

146 1088 322 1177 perfectam
347 1109 417 1157 esse
445 1099 539 1176 puto:
564 1090 657 1157 nihili
686 1092 773 1158 enim
796 1097 846 1157 est
868 1112 909 1167 γε
931 1108 995 1155 non
1016 1090 1078 1157 alio
1097 1088 1168 1157 loeo
1187 1091 1297 1179 ineptiu

146 1214 246 1281 quam
269 1193 322 1261 hio
343 1196 521 1273 insertum,
551 1194 759 1283 quamohrem
782 1192 1010 1280 corrigendum
1032 1214 1103 1263 esse
1126 1195 1176 1261 sie
1197 1214 1296 1265 eomas

144 1297 219 1366 ἅττ’
250 1296 342 1375 εἶτον
376 1302 590 1378 dardanum:
624 1300 776 1388 quidquid
814 1299 948 1378 dixisti,
981 1300 1111 1387 inquil,
1148 1321 1297 1389 respom

147 1405 291 1471 esttibi:
327 1405 476 1493 respondi
504 1405 544 1473 ad
567 1407 695 1484 omnia,
727 1424 808 1492 quae
833 1403 955 1471 dixisti.
1000 1404 1197 1472 Pronomina
1222 1406 1297 1474 Allia

145 1507 234 1577 dara
254 1518 288 1577 et
310 1509 396 1577 aine
421 1530 571 1599 persaepe
592 1510 798 1577 librariorum
821 1509 976 1577 violentas
998 1528 1115 1578 munus
1146 1518 1297 1579 senserunt

146 1614 336 1682 Nesciebant
369 1615 516 1683 Graeculi
551 1614 629 1703 quid
657 1614 853 1683 assatam
884 1613 933 1681 vel
963 1611 1050 1681 ἅττιι
1086 1623 1120 1682 et
1148 1615 1234 1683 donli
1257 1634 1297 1683 nt

145 1720 241 1806 gistri
268 1718 388 1787 frustra
415 1720 525 1789 sedulo
548 1720 770 1798 inouleabanl,
793 1722 850 1807 qui
878 1729 985 1787 tamen
1017 1728 1049 1789 et
1075 1720 1140 1807 ipsi
1166 1718 1207 1789 de
1232 1740 1297 1789 aar

147 1844 211 1893 non
238 1823 410 1893 admodum
440 1834 535 1893 naute
562 1828 767 1913 scriptitant,
799 1825 872 1893 vide
902 1825 1007 1893 Sohol.
1033 1823 1175 1893 Platonis
1203 1824 1297 1894 addo

146 1930 288 2018 phistam
312 1953 341 2020 p.
361 1936 444 2009 571,
479 1930 762 2018 Harpocrationem
787 1951 816 1996 u.
844 1934 976 2009 Ἄττιν,
1006 1930 1258 1999 Grammatieun
1283 1932 1297 1997 i

146 2038 282 2105 Belleri
306 2036 427 2106 dneod.
452 2057 483 2124 p.
504 2041 570 2105 too
593 2058 640 2124 sq.
668 2046 702 2104 et
729 2035 862 2103 Suidam
887 2058 915 2102 ν.
935 2040 1065 2114 Ἄττιν,
1096 2038 1155 2124 qui
1178 2056 1297 2103 omnes·

145 2144 310 2210 communi
330 2141 418 2210 ioute
448 2141 644 2220 hauserunt,
669 2154 702 2211 et
730 2143 839 2209 neseio
861 2162 956 2230 quem
980 2143 1198 2229 antiquiorem
1227 2140 1297 2229 magi

146 2257 250 2315 strum
283 2258 462 2336 sequuntur
491 2258 524 2317 et
547 2247 742 2315 exscribunt.
790 2248 852 2314 Pro
873 2245 968 2315 ἅτινιι
1001 2248 1093 2315 lones
1123 2244 1212 2315 ὅσον
1241 2246 1297 2315 dior

145 2354 241 2432 bant,
274 2362 312 2421 ul
334 2353 420 2420 ἄοσοι
443 2373 501 2440 pro
521 2353 614 2420 τινοὶε
647 2354 756 2439 itaque
779 2362 816 2420 ul
838 2353 923 2421 ποῖόν
951 2379 981 2420 τι
1012 2352 1172 2421 Graecum
1199 2360 1249 2421 esi
1275 2352 1297 2419 οἱ

144 2460 177 2525 in
201 2457 317 2546 plurali
339 2477 473 2524 numero
496 2462 559 2526 τιΐ
577 2458 664 2525 ἄσειν
686 2457 846 2527 dicebant.
894 2460 931 2526 ln
954 2456 1098 2547 Odyssea
1119 2469 1160 2527 T.
1183 2463 1269 2528 218:

323 2563 392 2630 εἰτὲ
415 2587 465 2644 μοι
490 2565 596 2633 ὁπποῖ’
618 2564 704 2631 ἄττα
728 2564 794 2646 sepi
818 2563 892 2647 χροῒ
911 2561 1030 2644 sipara
1053 2561 1125 2641 ἔτι,

144 2676 270 2737 tuntum
301 2666 412 2746 abest,
448 2676 484 2733 ut
506 2668 593 2735 dena
626 2689 862 2757 supervacuum
896 2671 940 2735 sit
972 2669 1067 2759 (quae
1097 2669 1297 2739 nonnullorut

143 2774 250 2861 opinio
280 2773 342 2860 est)
372 2781 409 2839 ut
438 2771 527 2841 salva
557 2774 738 2843 Graecitete
767 2775 877 2842 abesse
910 2794 973 2841 nou
1008 2775 1118 2863 possit.
1165 2773 1297 2845 Ililierm

141 2880 229 2946 enim
256 2888 345 2947 oorto
368 2898 431 2946 usu
454 2889 537 2954 τοῖος
562 2889 595 2948 et
615 2882 700 2953 τοῖός
724 2905 794 2957 τις,
823 2888 860 2946 ut
891 2890 975 2955 τοῖοι
1010 2900 1086 2948 oum
1109 2878 1298 2949 irrisioned

142 2994 256 3063 eatur,
291 2993 327 3051 ut
361 3004 459 3072 supra
490 2985 708 3065 ostendimus,
742 2993 827 3060 τοῖοι
860 2986 1031 3068 νάνειροτς
1065 3007 1157 3073 quem
1180 2996 1217 3053 tu
1245 2984 1297 3053 atil

141 3111 272 3178 coquum
300 3092 441 3157 narras?
464 3092 549 3165 τοῖος
571 3116 620 3167 τις
645 3091 699 3159 ubi
724 3094 809 3159 serio
830 3092 999 3178 quaeritur
1028 3089 1067 3157 de
1093 3089 1233 3159 alieuius
1255 3110 1297 3181 pa

140 3215 237 3264 sonae
266 3204 322 3262 aut
353 3196 400 3263 rei
424 3197 572 3283 ingenio,
603 3197 730 3272 indole.
756 3204 873 3263 natura
905 3204 962 3263 aut
984 3216 1112 3283 genere.
1159 3197 1198 3265 ln
1227 3198 1297 3287 Lyd

140 3302 209 3369 XX.
234 3305 265 3367 Ξ.
296 3301 423 3384 αἱρεθεὶς
457 3303 515 3367 ὑπὸ
538 3308 596 3368 τῶν
624 3309 786 3386 φυλετῶν,
819 3295 847 3368 οἳ
877 3300 971 3381 dorsa
1001 3303 1155 3382 διαγνοῖεν
1183 3301 1226 3371 ἂν
1254 3326 1297 3378 τε

139 3412 227 3489 σφῶν
249 3407 351 3474 αὐτῶν
383 3406 477 3473 ὁποῖοί
498 3431 578 3481 τινες
599 3408 696 3486 εἰσίν,
732 3409 760 3473 si
781 3407 930 3473 omiseris
951 3406 1031 3481 τινές
1064 3406 1177 3474 vitiose
1199 3405 1297 3475 dioltlt

138 3511 213 3579 eril.
260 3509 370 3577 Obiter
401 3511 536 3579 emenda
568 3504 595 3577 οἳ
616 3511 697 3596 ἄνις*
726 3512 766 3580 ἂν
792 3513 946 3591 διαγνοῖεν
977 3512 1045 3593 περὶ
1076 3516 1164 3595 σφῶν
1195 3514 1297 3581 αὑτοῖν

139 3613 291 3683 adverbia
320 3617 408 3683 enim
439 3618 471 3682 in
504 3616 622 3684 talibus
656 3617 801 3684 voculam
836 3616 875 3683 dv
911 3616 1045 3683 trahunt
1077 3615 1118 3683 ad
1148 3636 1232 3685 sese
1286 3616 1297 3685 l

139 3720 360 3809 xenophontis
383 3721 524 3790 Anabasi
544 3723 583 3791 V.
608 3741 638 3788 ν.
667 3728 717 3789 15.
750 3723 885 3804 ἐρωτᾶτε
905 3724 1012 3789 ὁποίων
1030 3729 1118 3789 τινῶν
1141 3724 1230 3803 ἡμῶν
1256 3721 1297 3791 lu

138 3850 197 3909 χον
220 3829 438 3895 necessarium
459 3836 509 3896 est
530 3836 630 3905 τινῶν,
655 3838 692 3894 ut
717 3827 796 3894 bene
818 3828 939 3895 Graeca
958 3829 1002 3895 sit
1020 3828 1133 3896 oratio.
1178 3826 1220 3895 In
1242 3828 1297 3897 Am

139 3931 208 3999 basi
230 3932 298 3999 vll.
323 3953 363 3999 tu.
389 3939 420 4001 4.
453 3936 627 4017 ἐρωτώντων
647 3935 679 4000 δὲ
702 3935 750 4007 τις
775 3935 847 4014 ἀνὴρ
872 3933 916 4009 εἴη
942 3939 1102 4017 Ξενοφῶν,
1133 3935 1297 4017 &tenplum

137 4035 184 4104 ὅτι
207 4036 251 4105 τὰ
271 4039 328 4118 μὲν
350 4038 441 4106 ἄλλοι
463 4040 509 4115 εἴη
532 4042 565 4106 οὐ
588 4038 704 4116 κοινός,
726 4039 972 4123 Φιλοτριιτιώτνς
996 4040 1047 4116 δέ,
1071 4046 1198 4127 poteret
1221 4038 1297 4107 Xeno

138 4140 223 4229 phou
246 4163 304 4231 pro
325 4145 373 4219 τίς
396 4147 470 4228 ἀνήρ
493 4145 633 4213 seribere
655 4144 740 4219 τοῖος
763 4170 810 4217 τις
833 4145 930 4226 ἁνήρ,
953 4144 1009 4211 sed
1032 4154 1115 4219 τοῖος
1138 4144 1215 4229 ἀνήρ
1245 4164 1297 4211 aer

136 4246 212 4315 bere
234 4268 297 4316 non
320 4257 459 4337 poterat.
507 4250 618 4337 ltaque
644 4252 691 4316 sio
713 4251 831 4336 passim
855 4247 963 4327 dosa,
988 4249 1099 4328 ἄντε,
1124 4253 1192 4318 τοῖ’
1213 4250 1297 4319 ἄττα

138 4353 218 4419 ὁποῖ’
248 4355 334 4423 ἄπο
357 4365 391 4425 et
418 4355 536 4425 similia
565 4364 744 4423 occurrunt
767 4363 799 4426 et
827 4356 1006 4426 rectissime
1037 4354 1122 4444 apud
1146 4356 1297 4432 llometut
