2940 5010
698 238 762 303 582

135 411 334 503 Thucydidei
371 408 628 479 emendationem
659 410 701 478 uh
731 411 842 479 eodem
874 412 1063 503 Pluygersio
1093 424 1258 504 repertam
1292 420 1326 487 iu

133 521 278 588 omnium
300 518 448 585 notitiam
468 516 635 605 proferre,
667 518 723 604 qui
748 517 970 608 Thucydidem
998 519 1141 608 diligunt
1164 530 1197 590 et
1219 524 1324 593 admi·

131 634 258 693 rantur.
305 624 462 691 Constans
485 625 630 690 omnium
665 621 821 689 iihrorum
853 626 1017 712 scriptura
1045 634 1096 693 cst
1126 626 1279 719 Thucyd.
1297 632 1323 699 1.

130 737 185 799 61.
216 730 400 815 νίφικίμενοι
422 732 454 805 ίς
477 730 673 797 Μακεδονίαν
696 735 812 811 πρῶτον
842 730 1130 811 καταλαμβάνουσι
1153 736 1228 811 τοὺς
1251 760 1320 821 τρο·

129 836 231 919 τέρους
247 838 369 918 χιλίους
387 836 511 916 Θέρμιον
528 834 598 918 ἄρτι
619 834 769 919 ςίρνκίτας
789 836 841 901 καί
864 837 987 904 Πιίδναν
1004 843 1263 921 πολιορκοῦντας,
1274 880 1320 895 -

130 942 242 1009 ἔπειτα
261 942 294 1008 δδ
316 979 363 994 -
385 943 599 1011 ατανίςανται
622 942 656 1008 ἐκ
679 949 736 1018 τῆς
760 942 956 1017 Μακεδονίας
986 942 1040 1009 καί
1067 944 1256 1027 αφιιοίμενοι
1288 950 1319 1025 ίς

130 1050 252 1132 Βέροιαν
278 1048 421 1115 κοίκεῖίεν
450 1045 760 1129 ίτιςρίψαντες
794 1046 848 1114 καί
880 1048 1084 1131 τειροίοαντις
1116 1058 1237 1135 τοῦτον
1266 1060 1321 1123 τοῦ

129 1155 242 1238 χορίον
270 1153 323 1219 καί
350 1154 412 1236 οὐχ
432 1153 555 1227 ἑλίντες
578 1153 755 1235 ε’τορειίοντο
776 1153 863 1219 κατοδ
884 1162 945 1233 γῆν
962 1157 1036 1236 κρδς
1059 1156 1115 1233 τίον
1136 1160 1318 1228 Ποτίδαιαν.

129 1258 214 1325 Nihil
247 1258 363 1324 attinet
395 1256 624 1337 difficultates,
648 1257 766 1344 quihus
789 1257 879 1324 iocus
904 1259 1079 1347 impeditus
1105 1270 1183 1343 est,
1214 1272 1321 1334 osteu-

129 1364 224 1443 dere,
248 1371 376 1449 reperto
398 1361 535 1429 feliciter
557 1381 633 1429 nera
656 1362 814 1441 lectione,
837 1382 902 1451 qua
919 1374 1050 1453 recepta
1072 1367 1134 1435 ioci
1152 1368 1320 1439 modestiae

129 1488 242 1537 omnes
264 1474 360 1535 erunt
390 1476 533 1535 remotae
556 1477 589 1535 ct
612 1467 765 1555 dispulsis
797 1468 937 1537 uuhihus
960 1469 1048 1538 eiuro
1068 1472 1143 1541 duce
1173 1474 1320 1563 spicode·

130 1576 212 1642 huot
243 1573 360 1640 omnia.
415 1573 552 1659 Egregie
583 1574 670 1640 cuim
706 1573 863 1642 divinavit
903 1576 1114 1666 Pluygersius
1155 1580 1190 1647 in
1227 1590 1320 1651 Effl-

131 1688 423 1750 ΣΤΡΕΨΛΝΤΕΣ
443 1678 543 1746 latere
562 1687 842 1747 ΕΠΙΣΤΡΕΨΛΝ
859 1690 891 1748 et
911 1681 1057 1750 indoctos
1072 1684 1199 1753 scribas
1216 1706 1319 1774 quum

132 1805 195 1852 non
227 1788 306 1851 satis
339 1793 490 1871 caperent
519 1782 598 1872 quid
631 1792 715 1851 esset
746 1784 928 1869 οὶφινίμενοι
962 1788 994 1862 ἐς
1024 1790 1146 1873 Βίροιαν
1175 1793 1320 1861 κακεῖίιν

128 1899 408 1959 ΕΠΙΣΤΡΕΨΛΝ
431 1890 484 1958 καί
512 1890 717 1972 τειραοαντες
741 1897 856 1972 πρῶτον
887 1897 941 1958 τοῦ
963 1895 1075 1976 χορίου
1099 1898 1166 1962 κτὲ.
1192 1896 1321 1983 pervul-

129 2006 204 2085 gato
233 2015 322 2063 more
352 2016 411 2063 suo
442 1995 627 2063 vocobulum
660 1995 736 2062 occo
761 1995 914 2062 Graecum
945 2002 1153 2087 supposuisse
1174 2002 1321 2087 ίτιοτρί-

129 2112 268 2186 ψαντεο,
299 2120 401 2188 (illum
433 2099 620 2167 debuissent
655 2099 797 2167 scrihere
831 2104 972 2169 κακεῑίεν
1007 2105 1074 2171 tri
1112 2107 1320 2191 Στρέψαν.

130 2206 346 2276 stabiliendae
368 2206 445 2272 huic
469 2206 685 2272 emendationi
709 2207 790 2271 sotis
813 2226 883 2273 esse
907 2208 1057 2276 existimo
1079 2210 1188 2279 locum
1215 2232 1320 2283 unum

129 2333 289 2402 apponere
312 2331 351 2377 ex
371 2309 541 2377 Aeschinis
565 2309 888 2378 oratiotionem.
913 2317 931 2400 §
952 2317 1005 2379 27.
1051 2318 1232 2384 Παυσανίου
1265 2318 1320 2385 iri

128 2423 184 2496 τίον
206 2421 309 2501 οίρχίιν
330 2416 489 2489 κατιίντος
508 2455 551 2469 -
572 2415 697 2498 ἔχοντος
724 2417 756 2482 δὲ
776 2421 959 2495 Ἑλληνικὴν
979 2419 1127 2500 δυ’ναμιν,
1149 2422 1321 2507 εἶλκφίτος

129 2526 161 2591 δὲ
184 2525 393 2600 Ἀνθεμοῦντα
416 2522 469 2586 καί
503 2522 626 2602 Θέρμιον
652 2519 704 2585 καί
734 2521 927 2603 Στρέψαν
958 2524 1010 2590 καί
1039 2524 1117 2593 ἄλλ’
1141 2524 1231 2595 ἄττα
1252 2553 1320 2613 χον·

130 2631 202 2711 ρία,
236 2627 376 2714 quaein
401 2625 513 2692 eadem
539 2624 743 2692 Macedoniae
767 2635 878 2712 parte,
903 2637 939 2693 ut
962 2629 1075 2710 vides,
1100 2631 1321 2717 geminatur,

129 2733 216 2802 unde
235 2752 270 2799 se
289 2730 534 2798 Atheniensium
556 2731 717 2797 exercitus
734 2729 820 2817 apud
835 2731 1055 2821 Thucydidem
1079 2736 1118 2802 ad
1130 2738 1319 2809 Potidaetnn

129 2839 287 2926 recepisse
315 2844 477 2904 narratur.
523 2836 627 2903 Locus
659 2835 713 2901 uhi
746 2835 821 2902 oiim
851 2840 982 2919 Στρέψα
1006 2845 1135 2908 steterit
1162 2862 1253 2911 nuuc
1280 2864 1321 2915 cx

128 2944 299 3015 emendato
332 2942 401 3010 loco
436 2940 645 3030 'Thucydideo
673 2940 838 3028 aliquanto
869 2944 1056 3011 accuratius
1086 2948 1207 3033 poterit
1240 2948 1321 3021 ‹ten-

127 3074 202 3119 mn.

175 3157 266 3224 Alter
299 3150 519 3237 Xenophontis
543 3149 650 3225 locus,
684 3150 740 3237 qui
775 3149 855 3216 mihi
883 3149 923 3217 od
957 3151 1180 3241 Thucydidem
1212 3162 1318 3229 reteri

130 3260 245 3330 mendo
268 3254 469 3323 liberandum
496 3255 720 3342 percommode
745 3255 891 3323 adhihori
915 3277 1008 3343 posse
1027 3257 1170 3341 videtur,
1194 3262 1320 3351 iegitur

130 3370 161 3434 in
187 3364 307 3431 Hellen.
332 3360 385 3426 Vl.
410 3382 455 3426 ιιι.
482 3365 535 3428 18.
566 3362 618 3426 τὸν
649 3362 706 3439 μὲν
729 3362 916 3443 βουλόμενον
945 3363 1068 3442 βονίεῖν
1090 3374 1160 3441 ταῖς
1191 3370 1318 3439 aidem-

128 3474 236 3555 μίναις
265 3468 398 3541 τίλιοι,
425 3468 467 3548 τῷ
499 3467 531 3532 δὲ
553 3469 599 3546 μὴ
625 3467 802 3549 βουλομένῳ
831 3470 875 3546 μίι
904 3465 981 3536 εἶναι
1011 3469 1156 3553 ἔνορκον
1185 3498 1318 3557 ουμμα

127 3587 198 3663 zeto
221 3584 285 3647 τοις
308 3572 536 3651 οίδικουμὲνοις,
567 3590 606 3637 ex
635 3590 699 3656 quo
722 3570 790 3637 ioco
819 3575 988 3661 perspicue
1011 3584 1099 3663 patet
1122 3596 1194 3664 quo.
1215 3599 1318 3651 seusu

127 3684 254 3750 dicatur
277 3675 398 3763 aliquid
418 3696 489 3743 esse
507 3676 606 3743 alicui
626 3674 756 3757 ἔνορκον,
780 3698 895 3765 nempe
918 3680 1004 3767 quod
1030 3684 1104 3768 quis
1126 3704 1168 3749 ια
1189 3686 1319 3772 [ναίετε

127 3790 232 3855 iacere
256 3793 394 3850 tenentur
412 3789 542 3869 propter
566 3781 777 3848 iurisiurandi
804 3784 1016 3871 religionem.
1042 3806 1105 3873 quo
1127 3788 1159 3853 iu
1185 3785 1317 3861 tacuero

128 3888 273 3961 ieriundo
294 3888 438 3954 animum
464 3886 694 3965 obstrinxerit,
717 3886 749 3953 id
772 3890 802 3956 ei
828 3888 949 3956 dicitur
971 3911 1042 3959 csse
1065 3892 1179 3975 ἔνορκον
1198 3894 1315 3965 eodem

128 3996 242 4073 modo,
276 4013 339 4080 quo
372 3992 449 4080 quid
478 3992 575 4060 alieni
607 3992 765 4059 ἔνοτοοδον
798 4015 869 4062 esse
902 3995 1033 4063 dicitur.
1080 3998 1201 4069 ilarius
1231 3998 1316 4070 illud

127 4098 276 4191 loquendi
299 4118 401 4185 genus
424 4097 630 4165 obscuratum
655 4108 703 4165 est
734 4100 818 4187 apud
849 4100 1071 4191 Thucydidem
1096 4103 1132 4169 V.
1157 4109 1222 4183 25,
1255 4106 1315 4175 uhi

21 4249 22 4254 κ
129 4209 251 4295 inipso
273 4204 397 4272 foedere
420 4203 560 4291 legitur:
592 4206 626 4281 ἣν
650 4206 735 4272 δέτι
768 4208 838 4290 δοκῇ
868 4208 1122 4289 Λακεδαιμονίοις
1145 4210 1201 4278 καί
1223 4214 1317 4290 'Atq-

127 4316 220 4388 ναίοις
244 4314 413 4393 τροοίεῖναι
439 4310 490 4375 καί
514 4312 648 4394 οἱφιλεῒν
677 4312 821 4391 περὶτῆς
844 4310 1058 4395 ξυμμαχίας,
1082 4312 1102 4381 δ’
1121 4340 1152 4384 τι
1174 4316 1214 4385 ἂν
1241 4318 1316 4405 δοκῇ
