2940 5010
713 261 777 321 584

149 437 218 505 οόοιο
250 433 372 500 dicitur
401 431 527 517 siquis
558 430 655 497 cernei
687 431 869 514 ἐξέρχεται,
900 430 956 500 sed
980 432 1006 499 si
1029 434 1158 521 caepim
1185 440 1330 507 ποιοῖσόις

146 541 264 621 ἐξόδους
288 546 345 605 aut
367 535 479 614 ἐξιένου
501 534 619 614 ἐξόδους
646 536 696 627 (ut
716 537 802 625 apud
825 537 1072 607 Demosthenem
1097 560 1130 628 p.
1149 546 1259 623 1182,
1280 548 1329 613 ti.

145 645 269 715 ἐπειδὰν
292 645 376 726 ῦρῦσο
400 644 456 719 ‘rire
482 646 591 709 τούτου
622 643 748 724 ἑτοιίροον
771 680 817 693 —-
839 642 957 721 ἐξόδους
985 646 1140 727 λαμπρὸς
1164 644 1332 739 ἔξςςῡω),Ι

145 755 192 820 sie
222 753 319 818 πλοῦν
352 749 502 815 corniolen
527 748 684 814 usitatum
716 755 786 815 erat
817 748 924 815 dicere
955 758 987 816 et
1019 752 1092 835 πλῦ
1121 754 1262 837 miclon
1291 752 1328 823 tle

144 880 207 925 eno
232 853 456 941 navigatione,
488 851 544 919 sed
572 859 669 928 πλοῦς
693 856 845 921 ποιεῖοόου
869 863 902 919 et
922 863 1012 930 πλοῖς
1041 857 1179 939 xpectas
1199 856 1242 927 de
1260 858 1328 947 pln-

143 964 241 1030 rihur.
283 958 445 1046 Antiphon
482 958 513 1023 in
545 956 634 1026 Oret.
660 956 697 1025 V.
731 964 789 1028 83.
824 956 903 1034 ῦοοος
938 961 1135 1029 ουνέπλευοοο
1168 964 1328 1041 νοολλίςοςς

143 1071 315 1153 όχρνὶοοοντο
349 1072 451 1139 πλοῖς.
508 1062 683 1151 Xenophon
721 1065 840 1132 Hellen.
866 1064 920 1133 Vl.
946 1080 985 1132 n.
1016 1070 1070 1135 30.
1103 1069 1136 1135 όν
1166 1078 1233 1145 τοῖς
1263 1072 1328 1151 μοί·

145 1175 260 1257 ἡμέραν
283 1180 418 1249 πλοῖς,
442 1177 474 1236 et
499 1170 531 1235 in
557 1167 768 1238 Oeconomico
791 1171 875 1238 xxi.
904 1175 935 1238 5.
966 1168 1042 1238 tm
1065 1172 1118 1256 ete
1137 1178 1239 1257 περᾶν
1260 1178 1330 1257 elpe-

143 1280 260 1363 ρνοίους
290 1281 427 1350 πλοῦς.
482 1273 518 1340 In
550 1274 691 1342 Anahasi
715 1275 753 1342 V.
778 1298 831 1343 vn.
858 1281 890 1342 7.
921 1276 1036 1364 optimi
1071 1277 1146 1345 libri
1178 1278 1329 1351 exhibent

143 1386 196 1453 κοοί
224 1385 377 1463 λίνεποοο,
406 1377 482 1447 ὅταν
506 1380 619 1463 βορροῦς
647 1382 736 1465 nain,
767 1386 806 1458 οῦς
829 1384 951 1451 κοολοί
977 1392 1076 1451 πλοῦ
1103 1386 1329 1467 sincerioris

143 1490 311 1573 Ἑλλοίῦορ,
344 1487 398 1553 uhi
429 1486 545 1564 atym
569 1507 627 1573 pro
657 1488 788 1568 λέγεται
813 1488 1053 1557 restituendum
1076 1499 1138 1557 cst.
1187 1490 1224 1559 ln
1253 1495 1330 1582 opti·

146 1616 198 1663 mo
221 1595 378 1660 Vaticano
400 1591 488 1659 πλόον
517 1591 654 1678 legitur,
680 1594 711 1659 in
736 1595 873 1661 caeteris
895 1605 993 1662 πλοῖον
1016 1592 1211 1664 stultissime
1235 1596 1330 1667 Grae·

48 1730 53 1741 ·
144 1700 291 1768 culorum
325 1699 546 1775 correctione,
578 1698 634 1784 qui
663 1718 763 1784 quum
791 1699 961 1767 haererent
991 1702 1023 1766 in
1052 1701 1161 1769 rerhis
1197 1712 1331 1773 ΩΣΚΔ·

144 1812 449 1874 ΛΟΙΠΛΟΙΕΙΣΙΝ
473 1802 513 1869 de
548 1823 607 1870 suo
630 1802 789 1870 dederunt
816 1805 875 1874 ὥςε
907 1806 1003 1871 κοολὸν
1038 1816 1136 1873 πλοῖον
1170 1804 1250 1877 eleon
1279 1810 1327 1877 nal

145 1911 357 1983 excelsioris
379 1910 435 1984 νῦν
459 1907 614 1976 ‘Eandem
661 1908 764 1976 Viden
801 1920 836 1976 ut
861 1910 1093 1977 homunciones
1117 1911 1242 1981 nullius
1262 1934 1329 2003 pre·

145 2018 183 2084 tii
207 2014 407 2082 confidenter
428 2012 578 2082 Veterem
602 2015 800 2102 scripturam
826 2015 1044 2103 interpolent?
1091 2016 1213 2085 Eodem
1239 2018 1330 2087 nrodo

144 2129 230 2190 πλῦν
254 2122 350 2208 periit
374 2120 406 2184 in
425 2119 645 2207 Xenophontis
670 2121 748 2208 Rep.
774 2121 890 2188 hthen.
911 2122 935 2188 l.
962 2125 1015 2189 λθ.
1040 2124 1229 2206 κυβερνῆται
1249 2128 1328 2207 ἄρο-

144 2229 185 2296 toi
208 2229 371 2308 νίννονποοο
397 2226 433 2290 δι’
455 2226 616 2307 ἐμπειρίαν
638 2252 673 2292 πε
693 2234 753 2292 τῶν
773 2228 920 2295 πλοίων
942 2229 993 2294 καί
1018 2228 1070 2295 διὰ
1092 2230 1255 2313 μελέτην,
1277 2230 1328 2299 uhi

143 2334 207 2400 duo
228 2331 359 2398 Codices
382 2330 483 2397 πλόων
507 2329 687 2403 dederunt.
720 2332 804 2419 quod
830 2331 1035 2399 festinantius
1069 2344 1236 2422 receptum
1262 2345 1327 2416 est,

144 2460 218 2506 narn
254 2443 341 2503 πλοῖν
373 2433 579 2501 scribendum
612 2455 682 2502 esse
720 2448 863 2524 apparet.
918 2435 1005 2504 ldcm
1044 2458 1178 2526 prorsus
1216 2443 1326 2511 vitium

143 2544 355 2611 commissum
375 2546 425 2606 est
447 2541 478 2604 in
504 2538 646 2607 Platonis
671 2542 804 2609 Politice
828 2564 857 2629 p.
878 2546 942 2609 hee
969 2542 1003 2609 G.
1028 2542 1133 2612 κοοόῦ
1154 2571 1185 2613 τι
1208 2551 1325 2631 χρὴ-

143 2651 277 2733 χρῆσθαι
309 2655 373 2720 τοῖς
402 2646 517 2719 πλοίοις
546 2672 582 2712 πε
617 2649 723 2722 οοῦποῖς
755 2649 807 2714 κοοὶ
838 2655 901 2721 τοῖς
934 2658 1087 2723 νοουτςκοῖς
1117 2651 1260 2734 όργοίνοος
1288 2652 1340 2729 εἰς’

144 2757 200 2831 τὴν
223 2762 281 2821 τῶν
302 2752 451 2819 πλοίων
473 2752 601 2834 χρείαν,
627 2752 681 2817 uhi
705 2752 883 2839 philesophi
909 2773 1024 2821 nrarrns
1048 2763 1097 2821 est
1127 2759 1172 2831 είς
1196 2761 1255 2835 τὴν
1274 2764 1325 2826 nir

144 2869 248 2928 πλῦν
270 2859 400 2943 χρεόοον,
426 2857 510 2944 quod
534 2866 567 2923 et
598 2858 681 2924 ratio
709 2859 811 2926 vincit
834 2867 866 2925 et
893 2861 920 2924 si
939 2861 992 2925 cui
1024 2861 1167 2929 nondum
1198 2862 1230 2929 id
1254 2864 1324 2930 satis

144 2977 192 3036 est
221 2968 251 3034 ei
275 2984 443 3032 assensum
471 2963 674 3050 extorquebit
697 2963 841 3049 perdocti
872 2964 1083 3032 Gramruatici
1116 2969 1246 3055 antiqui
1277 2986 1323 3034 au·

143 3074 286 3140 ctoritas.
335 3069 481 3136 Servavit
510 3071 596 3136 enirn
623 3068 756 3135 l‘hotins
779 3089 817 3135 cx
842 3071 975 3157 enitique
1003 3071 1322 3150 regeneraremur

144 3182 205 3251 alia
219 3177 321 3246 multa
341 3177 470 3262 egregia
492 3184 524 3241 et
538 3174 621 3241 haec
640 3176 898 3242 annotationem:
922 3187 1034 3245 Πλοῖε
1061 3168 1096 3245 ποί
1116 3178 1322 3256 πλνόυντοκόο.

143 3291 167 3354 οἱ
198 3285 304 3357 πλόος.
336 3282 484 3355 καὶτοὺς
517 3286 632 3356 πλοῦς·
666 3283 700 3354 ἐς
732 3283 797 3356 τὴν
821 3290 890 3349 πῶν
918 3289 1024 3350 πλοῦν
1048 3286 1216 3367 χρείοον,
1250 3284 1320 3369 Φησὶ

142 3393 295 3468 naevo,
319 3408 401 3474 quae
424 3388 565 3474 primum
596 3387 740 3454 nonnihil
767 3388 933 3474 purganda
957 3397 1016 3456 cst.
1063 3387 1185 3478 Ne'mpe
1208 3410 1321 3480 expun-

142 3519 182 3586 ge
212 3499 238 3563 οί
262 3494 396 3567 eredere
420 3492 576 3561 Graeculo
604 3495 780 3560 insertum:
806 3494 941 3560 istorum
968 3495 1091 3562 vitiosa*
1109 3499 1253 3575 ουννίόεοοο
1274 3516 1320 3565 no

142 3605 230 3672 nrina
260 3604 346 3676 νοῦς,
378 3604 476 3672 πλοῦς
505 3608 537 3666 et
560 3605 626 3684 ροῦς
656 3598 806 3666 ilectehat
837 3599 946 3666 eodeni
979 3599 1073 3667 innodo
1104 3610 1202 3690 etque
1231 3604 1321 3684 βοῦς,

139 3715 234 3795 χροῦς
267 3715 299 3773 ct
322 3710 419 3788 χοῦςε
456 3706 565 3792 itaque
598 3706 651 3770 isti
681 3704 744 3779 νοός
767 3714 799 3771 et
832 3706 894 3784 voi,
926 3707 989 3789 ροός
1018 3716 1050 3773 et
1075 3710 1141 3790 ροῦ,
1175 3710 1270 3785 πλοῦς
1292 3714 1320 3777 el

139 3819 216 3886 πλοῖ
230 3813 380 3883 dicehnnt
398 3820 431 3878 et
457 3812 609 3879 similiter
634 3815 660 3877 οἱ
683 3810 747 3884 νόος
772 3820 803 3877 et
823 3815 849 3877 oi
871 3811 976 3886 πλόος.
1027 3813 1107 3879 Vide
1140 3835 1224 3901 quae
1251 3834 1319 3882 con·

138 3924 236 4013 gessit
261 3918 394 3986 hoheclr.
420 3917 460 3985 od
485 3917 662 4007 Phrynich.
686 3938 718 4003 p.
732 3921 797 3983 455
812 3937 859 4003 sq.
898 3919 1067 3986 Praeterea
1090 3919 1195 3988 scrihe
1219 3920 1317 3988 κοιτό

140 4032 226 4103 ποὺς
262 4031 397 4100 πλοῦς.
434 4025 470 4097 ἐς
506 4025 570 4099 πίον
605 4030 673 4089 τῶν
716 4029 819 4088 πλοῦν
856 4025 1017 4106 χρείοον,
1061 4025 1140 4108 Φησὶ
1175 4025 1316 4093 Πλοῦτον.

135 4136 256 4221 Nempe
282 4131 371 4198 Plato
394 4131 426 4195 in
452 4130 583 4195 'limace
606 4149 636 4216 p.
655 4131 696 4196 89
722 4128 759 4195 Α.
786 4128 869 4195 dixit
892 4129 998 4196 κοοτοό
1025 4156 1060 4197 πο
1085 4132 1179 4205 ποῦς
1199 4136 1316 4203 πλοῦς

137 4243 190 4308 eat
214 4238 273 4324 i'rrp
301 4263 358 4320 περ
380 4235 419 4302 ἂν
445 4237 569 4318 exducis
594 4233 702 4301 ῦίκοποο
733 4237 916 4315 γίγνωνται.
964 4235 1100 4303 Ulrinanr
1124 4236 1215 4304 Plato
1239 4237 1316 4303 dixe·

136 4350 179 4412 rit
204 4349 233 4419 ἐς
262 4347 318 4418 τὴν
347 4350 404 4409 οῦν
429 4349 533 4408 πλοῦν
559 4344 668 4423 χρείοον
693 4362 786 4407 neem
812 4342 945 4427 posthac
977 4341 1098 4410 lrustre
1122 4353 1264 4430 quaeret.
