2940 5010
660 272 720 335 711

107 444 139 536 ti
148 442 354 532 disciplinam
377 452 518 513 veterem
538 452 571 511 et
588 464 693 512 mores
711 447 862 532 antiquos
880 443 1094 527 describeret,
1112 467 1149 514 ea
1169 449 1278 516 omnia

107 551 283 640 inprudens
315 551 355 616 ad
387 571 446 618 sua
479 559 624 637 tempora
647 561 679 617 et
703 551 877 638 Spartanos
906 552 968 618 sibi
999 553 1149 640 aequales
1172 564 1277 621 trans·

107 656 227 725 erebat.
273 656 385 743 ltaque
407 676 508 744 quum
531 657 724 743 antiquitatis
755 659 942 724 memoriam
975 680 1013 725 ex
1043 659 1276 746 Spartanorum

107 782 153 831 ua
186 762 408 829 extollentium
440 761 643 829 sermonibus
674 773 838 849 acceptam
868 763 985 831 litteris
1012 767 1216 850 consignaret
1244 774 1278 833 et

107 868 194 937 rinei
227 869 381 954 temporis
407 877 571 953 tamquam
603 887 719 934 aureae
750 867 919 934 cuiusdam
952 872 1068 936 aetatis
1102 872 1277 956 imaginem

107 972 258 1059 menter
280 972 488 1059 depingeret,
512 974 600 1037 risus
624 980 673 1038 est
697 981 729 1041 ct
753 973 813 1039 sibi
837 983 870 1040 et
902 974 974 1039 aliis
1001 986 1196 1060 praesentem
1228 997 1276 1042 re·

107 1100 167 1145 rein
188 1088 304 1144 rtoturn
326 1078 517 1146 describere.
563 1079 677 1164 ltaque
701 1078 871 1146 Saturniae
899 1081 1014 1146 aetatis
1037 1078 1114 1146 olim
1137 1088 1277 1167 praeter·

107 1202 201 1271 ipsae
232 1185 370 1250 virtutes
402 1192 435 1249 et
466 1182 653 1250 felicitatem
686 1204 863 1264 enarrans,
898 1184 1026 1270 qualem
1059 1187 1123 1252 seri
1155 1187 1276 1272 posteri

107 1286 171 1361 lim
192 1286 292 1355 luisse
315 1287 518 1366 relecebant,
541 1288 687 1355 creditur
708 1308 841 1354 snorum
866 1296 1046 1376 temporum
1072 1311 1178 1358 mores
1202 1311 1276 1359 nar·

107 1412 175 1461 tre.
222 1393 346 1462 liabent
369 1394 429 1460 boc
450 1404 576 1479 praeter
604 1394 808 1461 Aristotelem
837 1415 966 1470 ornnes,
1001 1397 1057 1482 qui
1082 1395 1121 1463 de
1144 1396 1275 1483 Sparta·

107 1498 146 1565 ria
167 1498 337 1578 scribunt,
360 1499 554 1566 Plutarchus
577 1509 652 1566 ante
675 1520 805 1580 omnes,
829 1502 1008 1587 quiquam
1031 1521 1049 1567 e
1070 1500 1180 1569 Veteri
1212 1523 1278 1570 me·

107 1603 195 1671 urit
215 1622 256 1670 ac
282 1603 367 1672 lama
390 1604 592 1671 admirabilia
625 1624 771 1693 quaeque
805 1605 948 1691 undique
970 1605 1088 1673 selecta
1112 1609 1278 1695 componit

107 1716 226 1775 ntalem
247 1708 288 1773 ab
310 1709 460 1776 omnibus
483 1710 716 1796 Spartanorum
741 1729 846 1777 mores
870 1720 902 1776 et
926 1710 1076 1777 instituta
1104 1731 1275 1799 exponere.

107 1810 175 1879 linc
199 1812 236 1878 lit
255 1822 292 1879 ut
317 1815 476 1900 permulta
499 1816 672 1881 memoriae
697 1815 822 1902 pmdita
850 1815 916 1881 sint
940 1836 1022 1902 quae
1043 1836 1121 1882 saun
1153 1817 1276 1882 bomini
1378 1836 1379 1839 ’

108 1926 149 1985 ιι
179 1918 381 1985 incredibilia
408 1929 441 1986 et
471 1922 698 1986 commenticia
714 1919 851 1985 debeant
882 1920 1001 2000 rideri,
1032 1931 1089 1988 aut
1121 1930 1210 1988 certe
1245 1923 1276 1987 in

108 2023 198 2091 utine
234 2033 329 2090 aucta
360 2033 393 2090 et
421 2024 615 2112 amplificata
649 2034 682 2090 et
714 2034 892 2102 exornata,
927 2026 1030 2092 multa
1058 2027 1157 2093 etiam
1192 2045 1275 2113 quac

108 2126 262 2201 maiiesto
283 2128 361 2195 laisa
386 2131 452 2196 sint
475 2148 621 2216 quaeque
641 2131 689 2196 sic
715 2130 784 2195 lieri
806 2132 938 2196 omnino
965 2151 1028 2197 non
1053 2133 1194 2217 potuisse
1217 2151 1277 2218 ap·

109 2240 210 2301 emt
266 2235 370 2310 ilinc,
403 2254 442 2299 ne
473 2234 512 2300 de
548 2234 720 2301 l'lutarclro
752 2236 880 2315 dicam,
912 2235 1086 2322 Xenophon
1116 2256 1275 2303 nonnum·

108 2356 187 2425 um
210 2338 271 2404 sibi
294 2340 363 2425 ipse
387 2359 448 2403 nou
472 2341 550 2404 satis
574 2349 699 2406 constat
725 2348 756 2407 et
786 2348 896 2407 narrat
925 2360 1007 2426 quae
1031 2343 1118 2407 inter
1141 2362 1174 2409 se
1195 2363 1275 2428 pug·

108 2451 178 2513 ¹etti.
225 2442 393 2532 Lycurgus
417 2443 547 2522 ἔταξεν,
572 2446 700 2532 inquil,
735 2447 766 2511 εό
789 2448 909 2526 ἀκμαῖα
937 2453 996 2512 τῶν
1020 2444 1173 2525 σωμάτων
1204 2450 1275 2523 τοὺς

108 2547 213 2630 *dacus
237 2551 403 2626 ποιεῖσθαι,
427 2551 480 2616 καὶ
505 2556 593 2616 τοῦτο
615 2551 783 2634 συμφέρειν
805 2562 845 2634 τῇ
871 2553 999 2636 serente
1022 2552 1166 2634 νομίζων,
1191 2553 1218 2622 l.
1243 2559 1274 2623 6.

108 2652 309 2723 ἰΙαΙοεεείωα
332 2654 382 2720 lex
407 2665 439 2721 et
463 2657 582 2741 optima
607 2667 639 2722 et
662 2658 869 2742 aequissima.

222 2760 308 2841 'dign
335 2761 424 2840 ἐρᾶν,
447 2759 504 2841 ὥρη
528 2763 559 2826 δὲ
583 2772 719 2842 γαμεῖν,
743 2761 798 2844 ὥρα
823 2763 855 2827 δὲ
878 2766 1078 2843 πεπαῦσθαι,

108 2865 221 2953 tquid
245 2872 296 2930 est
320 2866 461 2952 ineptius
485 2875 516 2932 et
541 2869 644 2951 magis
667 2866 707 2932 ab
732 2865 784 2931 illa
804 2866 944 2955 Lycurgi
970 2867 1140 2954 disciplina
1162 2867 1276 2934 alrlror·

108 2990 279 3057 nusquam
305 2990 401 3037 senex
424 2971 562 3057 puellam
584 2975 615 3037 in
641 2973 847 3037 matrimonio
879 2970 1019 3037 liabens?
1067 2974 1207 3058 Apparet
1228 2981 1274 3038 ta-

108 3095 163 3145 ren
191 3075 345 3142 coertinuo
369 3076 454 3161 apud
488 3075 730 3162 Xenophontem
762 3077 901 3142 maritus
930 3096 1025 3143 senex
1059 3096 1189 3142 uxorem
1221 3076 1275 3144 lra-

108 3200 167 3255 ωε
187 3181 221 3247 ln
244 3179 321 3247 llute
342 3182 475 3247 aetatis:
501 3182 530 3247 el
551 3206 590 3260 γε
610 3182 715 3261 μέντοι
739 3181 883 3260 συμβαίη
907 3185 1050 3265 γεραιῷ
1074 3182 1165 3248 νέαν
1190 3181 1275 3263 ἔχειν

109 3286 154 3357 ri.
209 3285 394 3368 Quomodo,
429 3307 569 3373 quaeso,
606 3286 665 3352 hoe
696 3287 729 3351 in
765 3296 830 3351 tam
873 3285 953 3352 bene
988 3297 1111 3354 morata
1144 3288 1276 3354 civitate

109 3392 160 3461 cri
191 3411 345 3477 umquam
372 3393 498 3478 potuit.i
547 3392 605 3459 llbi
630 3401 723 3459 erant
756 3392 897 3480 Lycurgi
926 3391 1012 3479 leges
1045 3391 1277 3461 saluberrimae

109 3496 218 3585 eipso
238 3496 374 3563 consilio
404 3497 505 3575 latae,
531 3507 566 3564 nt
595 3497 753 3585 quidquid
778 3498 1003 3583 conciperetur
1026 3509 1058 3566 et
1087 3506 1277 3565 nasceretur

109 3600 230 3673 elidum
267 3611 351 3669 esset
394 3622 431 3668 ac
468 3603 662 3669 rolrustuml
711 3604 930 3670 Disertissime
964 3604 1137 3691 Xenoplron
1181 3603 1276 3690 praulo

109 3716 186 3777 lile:
209 3709 400 3781 ἀποπαύσας
425 3714 478 3773 τοῦ
507 3709 623 3775 ὁπότε
657 3710 837 3790 βούλοιτο
861 3707 1005 3784 iocarer
1036 3719 1173 3789 γυναῖκα
1197 3707 1275 3787 οἶγε·

109 3814 159 3883 lu
184 3813 272 3903 (neue
306 3815 353 3879 sie
381 3814 587 3880 scribendum
622 3825 693 3894 est,
725 3835 785 3880 non
819 3816 979 3894 βούλοιντο
1010 3812 1128 3902 iussn)
1164 3812 1275 3889 ἔταξεν

109 3918 260 3997 chunnis
284 3926 342 3984 τῶν
367 3919 518 3998 σωμάτων
543 3924 612 3994 τοὺς
641 3920 765 3999 γάμους
797 3921 958 3986 ποιεῖσθαι.
1008 3920 1176 3985 Praeterea
1200 3918 1276 3983 audi

109 4020 298 4091 lulurchttm
323 4025 354 4090 ln
376 4024 515 4112 Lyeurg.
538 4032 590 4092 lli.
616 4026 755 4105 ἐγάμουν
781 4027 811 4092 δὲ
836 4027 878 4092 δι’
903 4026 1087 4106 ἁρπαγῆς
1109 4028 1141 4090 od
1162 4024 1276 4105 μικρὰς

109 4128 153 4197 lid
190 4129 301 4212 deipnos
332 4132 405 4211 πρὸς
436 4128 540 4208 princi
574 4133 663 4196 cinnii
695 4131 747 4197 sel
781 4131 986 4213 ἀκμαζούσας
1021 4128 1073 4196 καὶ
1104 4129 1275 4210 πεπείρους.

109 4233 307 4320 utelligisne,
332 4235 493 4322 imprimis
515 4256 638 4302 mernor
663 4236 852 4303 llerodotei:
877 4236 902 4301 el
926 4237 970 4315 pir
990 4235 1085 4302 αὑταὶ
1107 4235 1276 4315 inveniare

109 4341 143 4409 ie
173 4337 212 4407 ἂν
245 4339 413 4424 ἡρπάζοντο
450 4340 486 4428 (Ι.
513 4341 556 4429 4.)
582 4343 740 4428 quomodo
772 4363 868 4411 senex
902 4342 966 4409 iam
999 4341 1102 4428 plenis
1135 4339 1277 4409 nubilem
