2940 5010
720 274 783 338 1¹56

154 450 300 532 τριβώνια
323 453 428 531 φορεῖν
448 446 585 527 solebat,
610 466 712 533 neque
732 446 855 533 pollio:
880 446 988 533 itaque
1013 444 1139 514 Oratori
1165 447 1263 516 redde

151 557 240 637 βωνα
259 561 357 639 φορεῖ.
412 552 460 619 Ad
485 551 674 640 Eupolidem
700 561 864 619 revertens
893 551 984 618 dabis
1010 550 1169 620 lleinelaio
1191 556 1224 621 in
1252 581 1276 622 π

149 668 289 742 ςοιπῆρας
309 655 379 742 εἶχε
397 678 460 724 non
481 658 583 725 rideri
604 677 718 724 sanum
737 653 825 740 εἶχες
851 659 988 724 coniecit
1005 655 1079 738 ἦγε,
1103 659 1277 747 sodalique

152 764 348 852 probabilius
375 762 503 830 videtur
525 760 610 830 εἷλκε
633 761 851 849 reponendum
876 782 962 841 esse,
993 762 1076 849 quod
1098 766 1216 831 Atticis
1243 785 1273 830 m

150 879 200 937 est
226 871 258 936 in
284 871 339 937 tali
364 889 400 936 re
427 870 579 935 usitatius
599 877 631 934 et
659 869 790 956 propius
814 866 854 934 ad
884 867 1038 935 librorum
1065 869 1262 955 scripturam

149 974 244 1042 cedit.

195 1082 232 1149 ln
256 1078 422 1167 Eupolidis
446 1080 548 1154 Φίλοις
572 1077 686 1166 lragm.
711 1079 749 1144 ll.
772 1099 810 1146 ex
830 1079 1000 1146 Ammonio
1021 1076 1061 1146 de
1082 1079 1119 1146 b.
1142 1080 1179 1146 V.
1206 1102 1236 1169 p.
1261 1088 1274 1147 t

330 1188 364 1251 cal
388 1184 471 1251 δεινά
491 1190 597 1252 ταῦτα
620 1187 652 1253 δὲ
675 1185 822 1267 Ἀργείας
844 1183 947 1266 φέρειν
974 1184 980 1274 Ι
1008 1185 1148 1267 σχιςάς.

151 1290 407 1378 compendiolum
443 1289 625 1376 neglectum
663 1289 822 1377 absorpsit
855 1291 904 1379 (ut
935 1291 1114 1357 sexcenties
1145 1289 1235 1379 alibi)
1274 1335 1277 1356 .

150 1404 315 1483 praetcrea
348 1401 452 1480 φορεῖν
485 1395 690 1474 ὑποδήματα,
725 1395 841 1476 ἱμάτια
872 1402 905 1461 et
935 1394 1094 1481 quidquid
1126 1395 1166 1462 ad
1195 1416 1277 1483 corp

150 1500 275 1568 cultum
302 1509 334 1567 et
354 1507 503 1567 ornatum
528 1501 682 1587 pertinet,
706 1519 769 1568 non
787 1500 907 1585 φέρειν,
931 1499 1090 1567 dicebant.
1137 1501 1277 1589 ltaquet

148 1605 334 1693 rigendum:

372 1714 406 1778 οὐ
429 1711 513 1778 δεινά
533 1716 639 1778 ταῦτα
659 1711 686 1777 δ’
707 1711 787 1789 ἐςίνρ
811 1712 958 1794 Ἀργείας
981 1717 1085 1794 φορεῖν

372 1815 500 1899 exaesis.

146 1919 317 2008 exprobrat
347 1920 444 1988 alicui
476 1920 584 1988 nescio
618 1921 691 2008 quis
721 1919 844 1988 cultum
876 1921 973 1988 nimis
998 1921 1195 2009 elegantem:
1221 1941 1277 1989 nen

145 2027 257 2110 οχιςοά
288 2028 457 2102 πολυτελὲς
489 2027 634 2108 ὑπόδημα
658 2026 711 2094 καὶ
734 2027 911 2108 θρυπτικάν.
934 2026 1058 2101 ratim
1080 2027 1112 2094 δὲ
1136 2028 1189 2094 καὶ
1220 2043 1277 2094 λεπ

145 2130 266 2214 exulata
290 2132 456 2215 ὠνόμαζον,
480 2140 562 2199 teste
584 2131 713 2199 Polluce
736 2132 804 2199 Vll.
824 2137 886 2208 ὃὸ,
919 2151 1016 2218 quem
1039 2131 1143 2199 obiter
1166 2134 1277 2219 corrigi

146 2239 200 2303 89.
229 2237 263 2302 in
294 2236 401 2304 verbis
430 2239 493 2304 άπὸ
520 2237 551 2303 δέ
582 2244 641 2304 τῶν
671 2238 875 2320 χρησαμένων
902 2238 1126 2321 Ἰφικραπίδες,
1157 2237 1277 2304 decorat

144 2342 365 2422 Ἀλκιβιάδες,
391 2344 606 2424 Σμινδνρέδια,
629 2342 806 2409 Mevaniam.
846 2342 1008 2419 Emendat,
1033 2341 1144 2423 eodm,
1166 2343 1277 2423 Ἀλκοῤ

143 2447 239 2525 aba,
262 2449 489 2529 Σμινδυρέδεια,
512 2446 704 2514 Μυννάαεια.

188 2549 341 2619 Eiusdem
368 2550 494 2618 iabulae
521 2550 739 2637 fragmentum
770 2551 855 2640 apud
884 2552 999 2620 Atlren.
1032 2572 1062 2639 p.
1088 2556 1163 2619 266.
1189 2552 1226 2620 F.
1258 2565 1277 2621 b

142 2655 294 2732 δεσπότην
319 2657 454 2734 ὠνήσατο
487 2676 548 2722 non
580 2663 684 2742 potest
713 2656 764 2723 bis
796 2657 901 2724 verbis
924 2657 964 2724 ab
989 2660 1057 2746 ipso
1078 2656 1236 2745 Eupolide
1258 2678 1277 2726 c

142 2768 271 2848 ceptum
322 2781 415 2839 esse,
462 2762 539 2847 quia
593 2783 686 2829 nemo
738 2770 882 2829 veterum
930 2766 1083 2842 ἐωνήσατο
1127 2762 1210 2830 dixit
1259 2783 1277 2830 u

142 2884 258 2954 quam,
283 2865 384 2932 multo
404 2868 513 2933 minus
533 2869 684 2946 ε’ννηοαπο,
700 2866 755 2934 sed
778 2877 964 2935 constanter
981 2888 1109 2945 omnes,
1133 2867 1277 2935 ubicnmt

142 2971 230 3038 verbi
262 2974 401 3039 ὠνεῖσθαι
427 2973 547 3040 aoristo
574 2982 659 3039 esset
682 2993 781 3058 opus,
812 2974 988 3040 utebantur
1021 2972 1123 3039 lorma
1155 2973 1277 3056 ἐπριάμ

140 3078 235 3160 πρίω,
258 3078 425 3159 πριαίμην,
449 3078 603 3159 πρίωμαι,
628 3076 812 3158 πριάμενοι,
837 3081 983 3160 πρίασθαι
1007 3076 1104 3168 (quod
1126 3078 1158 3144 in
1180 3083 1277 3161 πριάσ

138 3182 388 3270 corrumpebant
411 3183 531 3249 indocti
555 3182 721 3259 Graeculi,
742 3191 779 3250 ut
802 3203 901 3270 supra
920 3180 1144 3272 ostendimus).
1189 3185 1277 3251 Gonia

140 3288 245 3356 olivus
267 3291 301 3354 in
325 3290 370 3368 μη
395 3292 466 3373 πρέη
488 3288 573 3375 apud
596 3288 759 3376 dristopb.
785 3290 818 3354 in
842 3287 986 3355 Nubibus
1006 3308 1052 3353 rs.
1077 3290 1161 3355 604:

275 3395 320 3472 μη
344 3394 430 3478 πρέη,
453 3403 531 3470 παῖ,
555 3393 633 3478 δᾷδ’,
655 3394 761 3470 ἐπειδη
783 3400 851 3478 φῶς
874 3394 1041 3470 σεληναίας
1064 3393 1176 3461 matr.

139 3503 365 3585 praeterquam
388 3499 421 3563 in
448 3497 632 3591 Rauennate
662 3507 695 3565 et
722 3498 844 3565 Veneto
871 3498 1028 3586 flagitiose
1056 3498 1250 3587 depravatus

139 3602 174 3668 in
207 3603 253 3683 μη
276 3602 360 3686 πρέε,
391 3605 435 3684 μη
460 3602 561 3683 πράου,
590 3605 635 3684 μη
663 3605 756 3684 arelo,
787 3606 833 3683 μη
856 3606 934 3687 πρά,
964 3603 1079 3672 dxci.
1126 3605 1231 3672 Tanta
1252 3625 1277 3673 ot

137 3705 389 3776 describentium
425 3708 563 3775 inscitia.
621 3708 775 3777 dicebant
817 3710 919 3797 igitur
959 3714 1109 3791 ὠνοῦμαι,
1151 3712 1277 3791 minora

138 3811 291 3895 ἐπριάμην
311 3820 344 3879 el
365 3813 517 3895 ἐώνημαι,
541 3823 574 3882 et
597 3816 722 3902 passivo
749 3835 846 3883 sensu
875 3819 1023 3897 ἐώνημαι,
1048 3817 1191 3894 ἐιοννὶάην,
1216 3820 1277 3894 ὦνηι

138 3942 244 3998 αομαο.
279 3917 427 3986 Graeculi
450 3941 507 4008 pro
529 3921 682 4004 ἐπριάμην
702 3929 877 4008 coeperunt
896 3920 1078 4002 ἐιονησάμην
1099 3919 1225 4002 dicere,
1247 3942 1278 3989 ar

136 4022 254 4112 logiam
279 4026 383 4114 magis
403 4046 501 4115 quam
522 4046 615 4094 usum
637 4027 755 4105 secuti,
777 4026 892 4094 deinde
911 4035 942 4093 et
966 4025 1145 4106 ὠνησάμην,
1169 4046 1277 4114 queml

138 4128 269 4198 modum
293 4131 325 4198 in
344 4132 503 4200 similibus
522 4133 673 4220 antiquae
695 4132 888 4201 Graecitatis
911 4130 1176 4199 consuetudinem
1196 4131 1277 4201 deser

137 4235 215 4302 bant
240 4246 272 4305 et
303 4239 436 4319 ι’ννιύμην
465 4238 613 4306 dicebant
644 4259 702 4326 pro
727 4240 894 4318 ἐοονούμην,
917 4246 950 4304 et
978 4237 1094 4320 οὔρονν,
1122 4237 1255 4320 ἐνούρονν

136 4340 315 4420 ἠντιβόλουν
342 4352 374 4412 ct
398 4346 561 4420 durabimus
586 4353 618 4413 el
642 4345 861 4432 ἠμφισβήτουν
884 4351 916 4411 cl
940 4344 1129 4427 ἠμφεγνόουν
1158 4352 1190 4411 ct
1217 4345 1277 4429 bun
