2940 5010
666 271 730 334 1505

146 452 186 519 ln
210 444 252 517 iis
275 467 356 537 quae
379 446 490 512 statim
520 454 717 530 sequuntur:
741 444 840 524 όμνιίιο
861 443 924 526 νοὶρ
945 445 1017 524 ὑμῖν
1049 447 1131 521 θεοὺς
1164 444 1288 515 όίποον·

114 582 175 633 mre
205 556 259 623 ιιαῖ
291 553 398 626 τόσας
422 548 659 617 emendandum
692 558 742 615 est
776 550 932 624 πιόντας
967 549 1020 615 καὶ
1052 550 1183 629 τείσας,
1219 556 1287 621 sire

114 682 215 731 ruram
247 657 396 729 consules
427 657 494 723 sive
516 663 716 721 constantem
741 656 886 721 omnium
918 674 1013 721 usum
1040 658 1192 745 respicies
1221 661 1288 727 sive

114 768 205 857 psius
237 767 286 833 rei
311 772 473 831 naturam.
520 759 628 827 Genus
653 768 779 826 tanturn
804 781 865 827 non
890 759 1025 827 iormam
1062 782 1189 850 quoque
1217 786 1287 832 mu·

114 876 166 942 ari
196 878 322 959 oportet
350 876 386 934 ut
417 867 469 932 Dii
500 866 635 952 deaeque
657 886 763 930 οιιιιοει
786 875 873 932 recte
897 864 1016 933 Graece
1040 867 1179 935 dicatur.
1226 871 1286 939 De·

114 976 179 1045 nde
198 972 384 1063 expellenda
412 971 525 1059 copula
548 980 597 1037 est
622 972 655 1036 in
679 969 806 1037 verbis:
839 969 950 1054 τείρετο
984 973 1015 1037 δὲ
1055 972 1136 1061 [καῖ]
1171 977 1287 1057 αὐτός,

114 1104 142 1153 ιι
164 1081 291 1151 duobus
316 1078 410 1146 libris
433 1076 570 1144 calidius
591 1084 730 1163 recepta.
776 1075 883 1142 Etiam
906 1078 938 1142 in
971 1079 1089 1145 vicinia
1114 1086 1195 1163 §20
1219 1102 1287 1149 ma·

114 1210 167 1279 mu
189 1187 367 1257 auotoritas
388 1192 527 1271 quatuor
550 1184 744 1270 optimorum
773 1180 925 1247 Codicum
949 1180 1056 1249 offecit
1086 1195 1122 1250 ut
1149 1186 1289 1254 deterior

114 1296 266 1384 criptura
289 1291 383 1377 longe
404 1291 529 1356 metiori
547 1295 816 1375 anteponeretur,
840 1306 955 1373 nempe
974 1288 1059 1371 ᾤμην
1071 1289 1186 1377 —dep
1203 1298 1288 1374 μρη.

114 1426 155 1471 ιου
176 1398 366 1483 συμφέροιμι
389 1396 488 1478 τούτῳ
509 1398 564 1473 τήν
585 1394 658 1460 τότε
686 1394 794 1460 πενίαν
817 1394 949 1475 τοσούτῳ
972 1399 1097 1474 μᾶλλον
1120 1400 1214 1465 αὐτόν
1233 1400 1288 1483 φί·

114 1528 156 1575 ιον
179 1504 425 1580 ποιήσεσθαι
450 1500 542 1567 θπότε
574 1501 755 1576 δυνασθείη,
779 1499 834 1565 ubi
854 1500 951 1565 etiam
977 1501 1047 1567 sine
1072 1500 1163 1568 libris
1182 1524 1288 1572 emen·

114 1610 175 1679 lari
198 1610 356 1698 potuisset
383 1608 477 1674 αὐτόν
496 1607 591 1690 φίλον
618 1630 682 1686 μοι
708 1605 871 1672 ἔσεσθαι
907 1605 1000 1671 όπθπε
1025 1607 1166 1675 δυνασόεί
1200 1660 1206 1685 ,
1232 1610 1287 1677 scd

114 1716 137 1785 d
161 1718 270 1805 ipsum
281 1722 331 1780 esi
355 1714 388 1778 in
412 1710 504 1777 libris
527 1712 695 1789 omnibus,
715 1720 939 1798 praeterquam
960 1710 1046 1796 quod
1064 1723 1204 1799 quatuor
1224 1736 1289 1784 nre·

114 1823 201 1891 iores
220 1822 314 1905 φίλον
338 1819 515 1893 ποιήσεσθαι
543 1818 658 1882 vitiose
684 1815 857 1893 exhibent,
888 1824 924 1881 ut
954 1815 1073 1883 multae
1105 1818 1186 1886 aliae
1210 1823 1288 1887 scri·

114 1936 220 1997 iturae
253 1921 424 1991 manifesto
462 1921 633 1988 mendosae
667 1922 699 1986 in
737 1921 848 1988 iisdem
887 1920 977 1987 libris
1019 1921 1096 1988 solis
1128 1922 1288 1993 feruntur.

114 2030 259 2101 tdditum
293 2027 387 2095 θπθπε
419 2028 576 2102 δυνασθείη
610 2029 689 2092 satis
723 2026 922 2092 demonsiret
955 2028 1049 2110 φίλον
1083 2053 1134 2108 μοι
1165 2030 1288 2100 ἔσεσθαι

114 2156 217 2207 terum
246 2155 327 2203 esse.
374 2133 445 2200 Dici
477 2134 598 2219 opiime
619 2141 723 2218 poiesi
755 2132 839 2214 ᾤμην
872 2134 966 2199 αὐτόν
999 2133 1094 2200 όπότε
1127 2136 1286 2215 δυνασθείη

114 2242 197 2329 φίλον
218 2240 344 2321 ἕξειν,
370 2238 427 2306 sed
452 2259 515 2303 non
538 2240 775 2315 ποιήσεσθαι
801 2238 893 2320 φίλον
918 2239 1010 2305 ὁπότε
1034 2240 1202 2317 δυνασθείη.

148 2348 187 2417 ln
211 2345 236 2437 S
259 2350 313 2412 ΞΟ.
349 2343 414 2411 Ναὶ
438 2345 488 2423 μοὶ
519 2345 602 2421 Δία,
626 2344 805 2427 ήσχυνόμην
825 2344 948 2422 μέντοι,
975 2346 1040 2409 imo
1063 2366 1138 2412 vero
1158 2350 1289 2433 puderet

114 2474 171 2533 ιιο,
195 2452 375 2538 ήσχυνόροην
404 2448 567 2530 μέντᾶν.
615 2448 736 2536 Dtrplcx
761 2448 913 2516 mendum
932 2450 1036 2516 inficit
1066 2449 1090 2540 §
1116 2456 1170 2519 δί’..
1195 2456 1288 2537 ἐπεὶ,

114 2558 171 2641 dyc
195 2560 271 2640 πρός
301 2557 412 2641 φίλους
443 2556 489 2625 ἐπὶ
514 2557 667 2636 φυλακή,
698 2558 806 2620 ποῖσαν
836 2549 905 2621 οἶδα
933 2557 1017 2636 §pede
1048 2557 1290 2641 φυλαξαμένους

114 2664 212 2745 beced
243 2671 422 2745 παρασχεῖν
445 2661 542 2742 τούτῳ
574 2657 731 2742 πρόφασιν
757 2661 877 2726 δικαίαν
901 2664 945 2740 μή
973 2664 1149 2730 ἀποδιδόναι
1174 2667 1289 2746 ὑμῖνᾶ

114 2768 275 2851 ίσίσχοτσ.
323 2765 567 2833 Eritendandum
591 2774 641 2830 ost
665 2765 684 2844 ή
705 2789 744 2844 χε
769 2767 840 2848 πρὸς
873 2769 984 2849 φίλους
1008 2768 1054 2837 ε’ςὶ
1079 2776 1209 2851 φυλακή
1233 2794 1291 2860 pro

114 2874 132 2943 d
150 2898 214 2953 γε,
237 2870 353 2938 deinde
384 2882 543 2958 expuncto
572 2875 611 2944 ὡς
638 2869 808 2955 legendum
838 2876 945 2938 πεῖσαν
978 2868 1047 2939 οἶδα
1079 2877 1161 2953 ὑμεῖς
1186 2885 1289 2960 φυλα·

114 2978 256 3061 metrove
290 2979 336 3057 μή
370 2986 549 3059 παρασχεῖν
588 2975 686 3058 τούτῳ
721 2976 898 3059 πρόφασιν,
941 2996 1013 3043 nam
1052 2979 1208 3046 Graccum
1242 2993 1290 3050 esi

114 3082 312 3169 φυλάττομαι
341 3086 386 3162 μή
415 3089 593 3163 παρασχεῖν
623 3090 655 3147 et
688 3086 796 3147 coiaco
826 3085 973 3164 φυλακήν
1007 3085 1214 3166 φυλοίττορααι
1245 3093 1289 3169 μή

114 3196 305 3273 παρασχεῖν,
338 3186 392 3253 ubi
417 3183 576 3272 quomodo
606 3189 645 3258 ὡς
672 3187 768 3251 inseri
794 3188 896 3272 possit
921 3209 1014 3255 nemo
1043 3190 1179 3258 docebit.
1227 3195 1291 3261 Cur

114 3294 164 3377 bre
186 3292 396 3363 scribendum
428 3293 470 3357 sit
496 3311 553 3377 pro
576 3290 644 3368 είνε
678 3293 883 3378 perspicuum
914 3304 982 3360 est:
1018 3315 1082 3362 non
1117 3297 1293 3385 ambigitur

114 3404 192 3471 inim
217 3419 319 3486 ecqua
350 3399 392 3464 sii
416 3397 546 3480 φυλακή
576 3399 649 3477 πρὸς
672 3397 805 3478 φίλους,
840 3397 895 3463 sed
927 3398 1005 3466 haec
1035 3402 1103 3488 ipsa
1127 3423 1196 3471 esse
1218 3408 1291 3488 πρὸς

114 3508 217 3595 φίλους
247 3505 379 3591 φυλακή
414 3502 595 3569 rectissime
619 3501 740 3568 dicitur
775 3503 914 3590 impigre
946 3505 1049 3573 officio
1077 3507 1168 3595 iungi
1202 3514 1290 3579 etin

114 3610 196 3679 nulla
219 3631 255 3679 re
276 3609 391 3676 amicis
422 3607 542 3675 deesse.
589 3606 625 3670 ln
659 3605 747 3695 §⁶25
780 3611 818 3681 ὡς
839 3609 911 3687 μηδ’
933 3613 960 3676 εί
988 3614 1136 3693 tactam
1166 3616 1291 3685 ἐδύνατο

114 3714 273 3797 ἔξαπατιῖν
299 3734 361 3780 non
386 3715 471 3799 cepit
497 3711 595 3777 hrrius
613 3710 674 3776 loci
699 3713 857 3779 rationein
881 3714 1064 3797 Corrector,
1088 3721 1144 3805 qui
1167 3723 1292 3791 ἐδύνατο

114 3822 150 3891 io
183 3828 321 3889 ταῦτα
356 3818 523 3896 ἐξαπατᾶν
554 3817 698 3882 restituit
726 3817 849 3884 scilicet
872 3828 904 3886 et
927 3819 1074 3888 Godicem
1099 3825 1291 3895 Eteoensem

114 3925 324 4015 interpolavit.
361 3924 462 4011 Saepe
484 3920 522 3987 ἄν
547 3921 579 3985 in
607 3919 724 3987 tatibus
747 3943 765 3988 a
789 3922 955 3991 Graeculis
978 3927 1076 3992 inseri
1094 3930 1195 3997 solere
1215 3932 1292 3999 alibi

114 4032 320 4101 ostendimus.
367 4030 403 4096 ln
429 4028 452 4117 S
478 4032 519 4094 δή
546 4026 777 4092 inextricabilis
801 4038 850 4095 cst
872 4029 951 4096 mihi
973 4030 1146 4101 difficultas
1167 4037 1199 4101 in
1224 4057 1294 4104 ver·

114 4134 159 4207 Ιιίι
179 4140 235 4207 οὐκ
265 4138 309 4211 είς
332 4137 389 4215 μὲν
412 4135 551 4217 Πέρινθον
581 4134 724 4213 προσίητε
751 4133 863 4211 πόλιν,
886 4136 1071 4218 Ἀρίςαρχος
1095 4140 1122 4204 δ’
1146 4142 1229 4220 ὑμᾶς
1248 4181 1293 4196 .-

114 4244 161 4311 ιθιι
192 4244 244 4311 eia
276 4241 424 4318 εἰσιέναι,
456 4259 494 4305 ex
526 4239 586 4305 hac
618 4239 779 4325 scriptura
811 4240 924 4325 optimi
953 4239 1078 4309 Codicis
1101 4244 1140 4312 ii.
1163 4246 1294 4317 eliciant

114 4346 163 4417 rtii
187 4347 409 4437 Xenophontis
433 4365 576 4413 manum.
625 4343 690 4410 Hoc
726 4345 828 4411 solum
853 4344 945 4411 video
969 4346 1049 4413 nihil
1074 4369 1143 4417 csse
1165 4355 1235 4419 sani
1260 4356 1292 4422 in
