2940 5010
684 256 750 319 teu

184 430 355 517 Perpernm
381 428 546 495 novissimi
576 424 725 494 Editores
759 427 793 493 in
816 426 870 494 Ν.
895 448 938 498 vr.
965 434 1016 498 10.
1049 430 1265 501 eliminarunt
1290 436 1331 506 ris

139 538 173 601 in
197 534 304 601 verbis
327 531 406 608 ὅπως
432 532 495 623 (ὥς)
520 531 663 615 ildzuros
685 534 743 613 μὲν
772 534 945 614 resume
972 534 1148 618 λόβοιμεν,
1177 540 1218 613 olo
1252 536 1331 605 όλό·

139 666 221 724 χιε-οι
252 640 285 708 δὲ
314 640 449 719 σῶμοιτο
480 638 591 719 ἀνδρῶν
619 636 858 718 όποβιίόιονμον,
882 640 916 706 in
940 641 1050 728 aprico
1071 651 1123 711 est
1144 662 1207 711 ettr
1234 641 1331 732 {fitne

139 745 320 814 necessarie
346 743 457 810 voeulu
485 763 524 810 ex
548 742 640 810 lihris
674 742 887 812 interciderit.
934 746 1006 813 illia
1037 747 1199 835 partionis
1229 747 1332 837 periit

140 852 174 917 iu
205 850 229 939 S
256 855 308 917 15.
344 850 461 930 μίνοιεν
496 849 559 930 γὰρ
595 852 691 916 οὗτοι)
721 852 847 929 μᾶλλον
875 850 973 933 eolo
1004 854 1030 919 oi
1065 852 1233 933 ηολίμιοι,
1265 872 1330 921 uuu

139 965 292 1043 poterunt
324 956 411 1023 enim
447 953 526 1021 haee
553 952 650 1021 verbe
681 953 818 1041 intelligi
846 954 947 1023 donee
978 957 1178 1044 suppleveris
1208 958 1331 1040 μόνοιεν

140 1063 204 1143 γὰρ
229 1059 311 1149 (ἄν);
334 1060 521 1147 saepissime
544 1059 610 1141 νόρ
632 1078 691 1147 pro
714 1060 778 1143 γὰρ
798 1059 837 1127 ἄν
860 1059 893 1128 in
919 1059 1012 1129 lihris
1037 1064 1205 1143 oonurrit,
1226 1066 1330 1133 etism

139 1169 171 1232 in
198 1167 310 1253 poetis.
359 1164 393 1232 Si
421 1166 496 1251 quis
525 1166 559 1232 in
582 1164 796 1253 Aristophane
823 1165 1091 1235 animadverterit
1123 1188 1221 1258 stepo
1252 1188 1331 1239 euru

138 1291 283 1338 errorem
307 1277 489 1337 correctum
518 1290 609 1346 esse,
641 1269 696 1337 uhi
726 1279 868 1337 metrum
898 1273 1050 1341 omnihus
1081 1294 1212 1343 omnem
1236 1274 1333 1344 unli-

139 1377 295 1443 totionem
319 1375 451 1452 eximit,
482 1376 515 1441 in
545 1375 755 1463 Xenophonte
784 1378 882 1444 elium
906 1376 998 1445 lihris
1029 1379 1141 1447 inritis
1170 1380 1260 1467 quot
1281 1380 1333 1449 nli·

139 1480 234 1548 cendi
263 1500 342 1547 usus
371 1479 512 1567 postulet
542 1481 716 1548 restituere
749 1480 890 1549 uudehit.
944 1484 1096 1551 lleeurrit
1128 1482 1214 1553 illem
1240 1504 1333 1555 meu·

139 1588 219 1653 dum
243 1586 281 1652 V.
306 1606 339 1652 u.
371 1591 425 1652 51.
461 1585 645 1653 ἁλίσκεσθαι
677 1587 741 1668 γὰρ
773 1585 899 1670 ἔφοσοον
931 1591 974 1671 σῷ
1006 1587 1124 1672 δρόμῳ,
1155 1590 1223 1657 imo
1253 1608 1334 1659 reru

138 1693 202 1776 γὰρ
225 1693 264 1760 ἂν
287 1691 424 1776 ἔφοσοιο.

195 1796 342 1866 Otiosum
381 1795 640 1863 additamentum
671 1804 785 1863 onerat
816 1796 868 1863 Ν.
899 1818 940 1864 ur.
975 1803 1026 1865 18.
1063 1800 1190 1867 ἐπειδὰν
1224 1804 1333 1884 tenen

139 1907 224 1985 ἡμᾶς
256 1904 288 1969 όν
318 1904 361 1985 τῷ
386 1903 476 1984 ὁμοίῳ
503 1901 567 1989 [ἐπὶ
602 1903 662 1967 τῶν
691 1900 826 1990 inpuid,
861 1900 939 1968 illud
970 1903 1077 1990 ipsum
1109 1906 1277 1993 signifieat
1299 1909 1334 1975 όν

137 2012 179 2091 σῷ
204 2009 313 2091 ὁμοίῳ,
338 2006 435 2095 idque
458 2014 524 2073 tem
546 2013 693 2093 apertum
716 2015 766 2073 est
790 2016 827 2073 ut
848 2007 1072 2094 interpretatio
1094 2012 1201 2079 omnis
1219 2013 1335 2101 inepte

139 2117 182 2181 sit
203 2121 237 2181 et
261 2111 465 2179 nullomodo
490 2109 631 2179 ierendu.
870 2172 880 2207 ς

193 2217 376 2285 llindorlius
408 2217 491 2284 mole
522 2219 644 2304 recepit
675 2217 729 2283 Ν.
755 2237 795 2282 ur.
822 2221 876 2283 ht.
913 2220 1091 2301 ἀπήρχοντο
1129 2238 1169 2288 ex
1196 2224 1335 2309 optimis

139 2324 232 2391 libris
254 2343 312 2409 pro
333 2322 470 2405 ᾤχοντο,
503 2321 558 2388 sed
583 2341 677 2388 nemo
702 2341 856 2410 umquem
882 2321 1035 2390 Veterum
1057 2344 1094 2391 eo
1120 2324 1223 2393 torma
1251 2346 1335 2397 usus

138 2438 187 2496 est
208 2449 265 2514 pro
285 2431 394 2512 νίσῇο,
411 2435 444 2494 et
471 2425 690 2512 Xenophontis
715 2435 819 2494 aetate
843 2426 982 2509 ἠρχόμην
1007 2429 1115 2518 (thom)
1140 2450 1215 2497 eum
1244 2452 1332 2503 eom.

139 2535 254 2621 positis
277 2531 427 2598 omnihus
448 2532 620 2598 herbarum
642 2540 700 2597 est.
749 2531 900 2599 Eiusdem
929 2529 1054 2601 farinae
1075 2545 1124 2601 est
1156 2536 1190 2601 in
1215 2538 1332 2609 eudem

140 2640 164 2728 S
189 2638 402 2720 ἐνρηνόρησον
424 2657 481 2723 pro
507 2637 731 2719 ἐγρηγόρεσαν,
757 2636 841 2723 quod
863 2639 1024 2705 Porsonus
1047 2642 1202 2709 restituit.
1253 2644 1333 2713 Sero

141 2745 208 2811 nuti
232 2740 380 2810 Graeculi
412 2750 444 2808 el
473 2743 612 2823 όίκόμην
635 2749 667 2807 et
694 2749 833 2823 νρηρορῶ
858 2741 1028 2825 dicebant,
1061 2746 1194 2814 Veteres
1217 2768 1332 2820 omues

140 2868 268 2917 summa
291 2848 472 2914 constantin
496 2845 538 2930 ᾖον
560 2855 593 2912 οι
616 2848 782 2928 ἐνρηνορο.

186 2953 300 3023 Nescio
331 2950 488 3039 quommlo
518 2953 592 3038 quis
618 2951 718 3017 risum
750 2961 858 3019 tenere
888 2954 990 3039 possit
1013 2956 1045 3022 in
1069 2956 1124 3023 Ν.
1147 2978 1190 3025 ιι.
1215 2963 1271 3028 hh.
1304 2965 1332 3031 οί

141 3063 198 3142 μὲν
222 3059 383 3129 menresa)
415 3065 474 3124 τῶν
498 3059 653 3133 Ἑλλήνων
684 3057 782 3138 δρόμῳ
808 3056 887 3123 ἕόεον
907 3094 973 3135 ···‚
997 3060 1176 3144 Χειρίσοφος
1203 3065 1238 3133 δὲ
1260 3067 1332 3148 βά.

143 3170 209 3243 δην
239 3167 349 3248 σοιχὺ
373 3165 521 3247 ἐφείπετο
545 3165 600 3230 σὺν
623 3170 687 3234 τοῖς
711 3162 866 3237 όπλίσοιις.
915 3163 1007 3231 Haud
1033 3166 1098 3231 vidi
1121 3169 1236 3255 magis.
1267 3169 1332 3238 Ad·

142 3275 244 3340 versis
268 3272 353 3337 enim
375 3268 535 3335 frontibus
556 3267 658 3348 βοίδην
681 3274 713 3333 et
736 3268 824 3349 σνχιί
848 3268 932 3335 inter
956 3290 991 3336 se
1014 3282 1223 3341 concurrunt.
1271 3275 1335 3345 lle·

143 3374 288 3466 ponenda
310 3382 358 3441 ost
390 3373 509 3441 loeutio
537 3372 689 3438 militaris
722 3374 898 3455 Χειρίσοφος
930 3374 961 3440 δὲ
988 3378 1137 3442 όᾶσσον
1161 3379 1181 3455 ἢ
1206 3379 1334 3459 βάδην

143 3482 313 3566 ἐφείπετο,
337 3479 428 3546 citato
450 3478 562 3565 prodo.
610 3476 690 3542 Nota
710 3485 759 3543 ost
783 3477 897 3546 multis
920 3480 1075 3567 exemplis
1097 3489 1187 3549 certa
1216 3485 1252 3553 in
1280 3486 1337 3555 his

142 3585 325 3674 progressio
360 3583 483 3663 βοίδην,
515 3587 628 3650 asmo
659 3584 676 3660 ἢ
707 3582 831 3663 βοίδην,
865 3584 974 3669 δρόμῳ.
1032 3585 1207 3657 lleunmler
1244 3592 1336 3679 npud

141 3689 282 3781 Etymol.
308 3690 349 3756 ll.
376 3709 405 3754 v.
432 3690 542 3764 Βοίδην.

323 3794 358 3860 τό
382 3796 417 3871 δη
440 3793 609 3873 λεγόμενον
631 3798 721 3859 τοῦτο
745 3796 880 3861 όῖισσον
904 3795 922 3873 ἢ
942 3794 1085 3875 βοίδην.

139 3913 171 3970 et
202 3902 333 3989 saepius
356 3898 415 3964 hoe
447 3898 608 3975 ooourrit,
644 3899 805 3984 imprimis
838 3902 871 3965 in
901 3898 983 3966 hello
1006 3909 1039 3967 et
1071 3902 1193 3989 proelio
1221 3905 1264 3975 tle
1292 3910 1337 3979 iis

138 4009 195 4094 qui
225 4005 360 4094 proclum
390 4003 573 4071 accelerant.
622 4002 729 4084 Quum
763 4025 874 4072 omnes
897 4025 1025 4073 summu
1058 4026 1117 4095 ops
1145 4010 1179 4075 in
1211 4013 1335 4100 iugum

136 4115 257 4179 montis
289 4111 491 4177 eniterentur
510 4111 536 4175 οἱ
561 4110 721 4178 πελτοςοί
754 4109 840 4178 leves
868 4121 900 4180 et
924 4112 1063 4200 expediti
1094 4113 1193 4199 δρόμῳ
1225 4119 1336 4202 όόεον,

135 4237 300 4284 armorum
324 4215 464 4303 pontlere
485 4233 599 4300 graves
619 4212 747 4280 όσλῖσονι
770 4236 866 4303 quam
888 4227 1023 4305 possunt
1043 4217 1214 4290 celerrime
1234 4225 1337 4295 citato

134 4322 235 4408 proclo
265 4328 456 4408 sequuntur.
505 4316 606 4385 llulta
636 4320 780 4408 exempla
809 4321 907 4389 hunius
933 4323 1106 4393 locutionis
1134 4324 1175 4393 ed
1203 4328 1334 4399 Aeliani
