2940 5010
640 323 704 386 697

115 494 209 582 Quod
228 496 308 563 dicii
333 495 480 564 Socraies
501 497 540 562 ll.
566 518 607 563 νι.
634 503 664 563 7.
688 492 719 562 όν
743 493 781 561 θον
806 503 869 567 τοῖς
893 494 1018 576 πρόσθεν
1044 493 1173 586 (ἵπποις)
1200 497 1252 577 όρῶ

70 605 177 679 καλῶς
200 603 355 686 χριόμενον
378 608 484 669 τοῦτον
507 603 558 669 καί
583 601 693 674 ἄλλοις
717 597 802 680 οἶμαι
827 605 929 672 καλῶς
951 602 1134 683 χρῆσθαι,
1159 620 1253 687 uppa-

69 717 123 776 τοὶ
152 727 226 776 eum
252 710 421 789 χρήσεσθαι
446 707 582 784 dixisse,
614 706 698 793 qued
727 707 773 771 vei
804 704 948 770 additum
972 706 1098 787 irpinisi
1126 705 1255 772 demen-

70 820 176 892 slsnl,
200 811 336 899 siquod
361 813 541 899 praecedit:
566 815 654 887 δῆλον
680 809 832 878 εἶναικαὶ
857 813 926 884 τοὺς
951 813 1070 893 ὑςὲρινς
1094 814 1254 893 εὐεργε·

67 921 247 998 πείσοντα.

116 1023 219 1092 Periit
254 1022 412 1089 articulus
444 1025 476 1089 in
507 1026 524 1109 §
551 1029 602 1089 17.
633 1022 744 1104 ἄνδρας
777 1023 829 1088 καί
861 1023 947 1088 καλοὶ
974 1022 1169 1105 πράττοντας
1201 1025 1254 1090 καί

67 1130 304 1212 τῖονάίσχρῶν
335 1130 572 1212 ἀπεχομένους,
608 1130 672 1194 imo
703 1148 777 1193 vero
809 1128 861 1193 καί
899 1127 974 1217 (roi)
1010 1127 1118 1206 καλοί,
1154 1137 1189 1194 ni
1223 1131 1255 1194 in

71 1234 175 1321 518:
198 1242 257 1301 τῶν
288 1258 324 1300 τε
347 1236 450 1300 καλῶν
473 1234 599 1313 μόλις-α
623 1234 846 1312 ἐπιμελόμεναι
871 1233 923 1298 καί
948 1233 991 1298 τοὶ
1017 1235 1138 1316 αίσχρθι
1162 1234 1256 1311 θίιιιςα

68 1338 279 1423 προσιέμεναι.
328 1339 392 1406 Nee
419 1341 529 1404 minus
553 1340 756 1425 perspicuum
775 1346 824 1402 esi
848 1335 937 1410 όνπας
960 1339 1166 1404 inserendum
1186 1358 1256 1405 esse

67 1442 106 1511 ln
131 1446 151 1530 §
172 1447 234 1510 27:
265 1445 346 1509 πολὺ
376 1445 407 1509 δὲ
435 1453 570 1525 κρεῖττον
595 1446 665 1519 τοὺς
693 1444 859 1524 βελτίςονρ
884 1442 1055 1518 ἐλάττονας
1083 1443 1197 1532 (ὄντας)
1221 1441 1255 1511 εὖ

67 1556 168 1619 ποιεῖν
191 1550 209 1628 ἢ
231 1552 302 1624 τοὺς
327 1552 469 1632 χείρονας
494 1551 639 1625 πλείονας
663 1549 763 1623 όντας.

116 1653 157 1723 Ut
189 1674 431 1742 nonnumquam
456 1654 552 1732 alibi,
576 1653 625 1721 οὖν
657 1665 731 1720 anie
755 1656 789 1719 ιθ
818 1653 999 1739 neglectum
1025 1657 1120 1742 periit
1144 1655 1182 1722 li.
1208 1677 1253 1723 vr.

69 1763 129 1829 32.
165 1758 218 1825 ubi
247 1763 287 1834 νίς
322 1759 396 1849 (οὖν)
421 1763 454 1826 οθ
485 1762 691 1841 προσοίσοντος
725 1759 785 1834 τὰς
815 1769 925 1842 χεῖρας
952 1761 1168 1846 reponendum
1195 1771 1256 1828 csi.

66 1863 189 1933 Gnnirn
210 1861 259 1932 οὖν
282 1885 378 1932 sensu
405 1884 540 1930 vacuum
564 1873 612 1930 esi
638 1866 668 1928 in
691 1865 821 1931 ricinis:
846 1866 970 1932 οὐδὲτὸ
995 1866 1080 1944 τίμα
1108 1863 1183 1954 [οὖν]
1211 1905 1256 1918 -
1332 1867 1334 1871 ’

66 1971 145 2055 πρός
164 1970 200 2037 τί
224 1971 311 2051 ςόρα
333 1972 518 2051 πρισιίσεις;
542 1970 654 2054 licque
680 1970 748 2035 veri
769 1970 874 2037 simile
893 1980 942 2037 est
963 1968 1012 2036 οὖν
1037 1992 1053 2036 a
1074 1982 1256 2040 correctore

68 2076 107 2142 in
131 2094 187 2141 orn
212 2075 286 2140 iibri
309 2076 490 2162 appositum
516 2076 547 2139 in
569 2073 705 2140 alienam
732 2075 839 2140 sedem
863 2077 1074 2160 immigrasse.

115 2178 154 2248 ln
180 2182 197 2265 §
220 2185 272 2247 55.
302 2180 351 2244 bis
381 2180 521 2246 rescribe
545 2181 562 2257 θ
587 2180 638 2244 ε’πί
667 2187 731 2254 τοῖς
755 2186 907 2246 σαυτοῦ
939 2202 996 2267 pro
1019 2183 1139 2248 ἑαυτοῦ.
1187 2184 1255 2252 Iam

68 2282 149 2354 uun
173 2283 401 2352 admonuimus
426 2286 456 2350 in
485 2288 502 2370 §
526 2290 579 2352 56.
612 2287 817 2368 προρννςρίιιι
851 2286 1053 2353 scribendum
1079 2308 1168 2367 esse,
1193 2310 1254 2357 non

67 2391 316 2474 τρομννιςρίθας,
341 2399 374 2457 ei
395 2392 506 2457 ἐθέλειν
531 2390 780 2477 expungendum
806 2412 874 2457 esse
899 2392 999 2457 videri
1022 2394 1052 2457 in
1076 2395 1180 2459 verbis
1201 2399 1255 2463 οὐκ

69 2492 214 2587 [θίν’λειν]
251 2499 397 2563 ἐπαινεῖν.
445 2498 562 2562 Corrira
590 2497 702 2561 ἐθέλειν
735 2516 792 2580 pro
822 2497 933 2571 ἐθέλοις
963 2498 994 2562 in
1030 2499 1047 2582 §
1075 2503 1128 2563 57.
1161 2503 1253 2567 resti·

66 2599 230 2669 nundum
256 2609 323 2668 esi:
359 2603 491 2675 τοιοῦτός
515 2625 565 2680 μοι
586 2602 678 2683 φίλος
706 2598 753 2678 εἷ,
777 2597 855 2676 σόος,
879 2601 916 2666 θιν
940 2603 997 2679 μέν
1020 2627 1051 2667 τι
1074 2606 1168 2680 αὐτὸς
1190 2605 1255 2688 ἔχει

68 2704 240 2785 halimon
263 2709 306 2781 είς
329 2710 365 2775 τό
387 2710 499 2790 φίλους
524 2709 714 2783 κτήσασθαι,
741 2707 979 2786 συλλαμβάνειν
1002 2732 1072 2786 μοι,
1094 2712 1120 2775 εί
1140 2712 1172 2777 δὲ
1193 2715 1254 2791 nii,

66 2914 192 2985 tionem
215 2916 275 2983 lnci
300 2917 393 3004 plane
418 2917 596 3004 perturbes.
646 2918 749 2984 Simili
774 2918 813 2982 ile
836 2938 932 2983 causa
955 2917 1038 3004 npurl
1064 2919 1254 2989 Aeschinem

68 3019 112 3090 ilo
138 3021 227 3089 Η.
259 3026 375 3109 5999.
406 3021 612 3087 scribendum
636 3031 697 3087 esi:
722 3023 788 3087 οὐδὲ
811 3025 916 3104 μικρὸν
939 3024 1170 3107 φροντίζειν
1196 3048 1253 3112 pre

66 3127 235 3213 φροντίζει.
281 3128 490 3209 Προμννςρίας
514 3127 742 3210 corrigendum
771 3147 840 3192 esse
866 3128 942 3193 oiim
972 3138 1122 3195 accurate
1144 3130 1254 3199 docuit

67 3213 279 3300 Vniclenaer.
309 3232 349 3297 ad
382 3230 548 3317 Euripidis
572 3229 667 3296 verba
695 3232 726 3294 in
753 3231 922 3320 Hippolyto
947 3253 992 3298 rs.
1021 3238 1095 3300 989.
1121 3239 1175 3311 τὴν
1199 3263 1254 3304 κα·

64 3342 129 3405 νῦν
158 3339 374 3419 προρονθςριαν.

114 3441 152 3511 ln
186 3443 281 3510 ilem.
302 3443 341 3509 li.
368 3464 419 3508 vn.
445 3447 476 3508 8.
509 3461 622 3508 revera
657 3440 791 3508 sormam
823 3443 962 3509 Atticam
994 3448 1253 3529 seclusimus,

66 3564 153 3636 qnae
181 3551 309 3634 saepius
340 3548 415 3613 aiibi
450 3547 557 3613 illaesa
589 3549 708 3621 evasii,
740 3568 798 3634 prn
828 3552 1121 3631 θφελνθνσόμεναι,
1158 3566 1190 3621 et
1219 3560 1253 3623 in

68 3652 91 3739 §
115 3657 168 3718 11.
199 3650 346 3719 futurum
384 3672 521 3739 repone:
554 3657 604 3717 νῦν
634 3654 666 3718 δέ
689 3677 741 3733 μοι
770 3656 842 3721 δοκῶ
864 3692 908 3704 -
931 3658 1148 3736 ὑπομενεῖν
1176 3665 1254 3728 αὐτό

67 3765 196 3834 ποιῆσαι
221 3778 277 3844 pro
302 3760 471 3839 innuistis.

113 3861 150 3929 lu
179 3863 273 3930 Mem.
293 3865 332 3930 ll.
360 3886 390 3930 x.
418 3871 447 3930 1.
480 3863 518 3928 ἄν
549 3866 596 3939 τίς
620 3890 677 3932 σοι
702 3871 761 3934 τῶν
784 3868 906 3933 οίκετῶν
928 3867 1068 3951 ἀποδρᾷ,
1095 3869 1181 3934 nulla
1206 3880 1255 3940 est

66 3970 287 4036 ennirnrersin
311 3971 388 4055 quin
412 3969 581 4053 legendnm
607 3972 649 4035 sit
679 3970 717 4037 όν
740 3973 787 4045 τίς
816 3998 851 4038 σε
872 4007 914 4018 -
934 3973 1063 4057 ἀποδρᾷ.
1112 3975 1253 4045 Pessime

65 4081 258 4161 computant
287 4074 381 4140 verba
409 4077 515 4141 vicina
547 4079 618 4160 §Q
651 4078 704 4142 εὀθν
728 4078 775 4150 τίς
808 4097 863 4143 σοι
897 4077 1000 4161 κόρινρ
1023 4085 1081 4143 τῶν
1109 4080 1251 4162 οἰκετῶν,

65 4198 207 4267 quorum
241 4178 568 4246 diversissimarum
597 4191 655 4247 est.
702 4182 837 4249 Daiivns
871 4192 957 4248 recle
987 4184 1118 4268 poniiur
1151 4187 1183 4250 in
1213 4207 1251 4255 en

65 4302 123 4364 ne,
146 4304 228 4370 quae
250 4285 389 4352 alicuius
413 4286 668 4352 misericordiam
693 4296 836 4362 moveat.
859 4307 920 4352 non
944 4288 976 4352 in
1002 4287 1108 4374 aliquo
1129 4290 1251 4377 ssngiiin

64 4396 125 4458 nui
151 4391 241 4457 vitio.
289 4392 405 4459 luicis
434 4392 575 4459 solemne
599 4402 648 4459 esc
679 4392 787 4461 dicere
810 4395 824 4458 ὁ
847 4401 923 4467 παῖς
946 4394 1066 4476 ἀπέδρα
1086 4420 1146 4475 με,
1170 4400 1252 4465 miro
