2940 5010
717 282 781 345 652

160 449 198 520 Ε.
227 453 261 528 νὴ
281 454 324 519 τὼ
353 453 407 518 ded
435 449 614 530 dederuut,
645 452 730 538 quod
756 451 1023 521 muliercularum
1052 456 1088 523 irr
1112 456 1224 524 Attica
1249 458 1337 527 iunia·

159 555 297 623 randum
322 567 382 624 est.
429 558 536 639 Qurrm
569 559 654 623 inter
681 577 793 624 carnes
823 566 949 625 constet
976 559 1078 627 bores
1102 580 1163 648 pro
1186 563 1223 641 νιί
1244 571 1277 629 et
1295 564 1339 643 μό

158 681 286 748 semper
305 664 356 729 ναί
372 671 403 729 et
427 666 460 729 ed
481 682 614 749 ponere,
639 665 740 728 nriror
762 662 905 729 nondum
925 682 1033 731 essee
1056 684 1224 754 quoquam
1244 685 1340 735 emen·

157 766 269 833 datum
291 768 396 834 Plauti
418 767 521 834 locum
546 770 578 832 in
601 768 741 854 Captivis
763 788 809 834 vs.
831 773 898 835 aad
922 788 994 856 sqq.
1020 769 1089 860 (tv.
1113 791 1149 839 11.
1177 776 1243 839 100
1264 772 1339 859 sqq.)

156 870 211 936 ubi
242 873 292 951 pa
325 874 377 939 τόν
409 874 557 940 Ἀπόλλω
594 872 714 960 legitur
747 883 859 939 contra
895 876 1090 943 sententiam
1122 896 1186 963 pro
1217 876 1267 943 ναί
1295 878 1340 945 τίν

156 977 326 1052 Ἀπόλλω,
353 987 385 1044 el
411 981 446 1055 ria
469 979 528 1044 τίον
554 979 674 1061 Κόραν,
696 981 730 1054 air
754 979 813 1044 τὰν
837 979 1029 1061 Πραινόςιιν,
1052 982 1088 1058 eb
1111 982 1175 1048 ‘raia
1197 981 1339 1061 Σιγνίαν,

155 1084 190 1158 νίν
213 1083 273 1149 τίον
298 1091 501 1164 Φρουοινῶνα,
525 1087 560 1160 ria
579 1085 640 1150 τίον
662 1084 827 1165 Ἀλοίτριον
849 1094 962 1150 eontra
989 1104 1084 1151 usum
1106 1084 1262 1173 loquendi
1289 1106 1339 1173 pra

155 1189 222 1255 ναί
246 1189 307 1255 τίον
329 1190 427 1270 Κόραν
448 1197 509 1255 cel.
556 1188 621 1256 Ναί
641 1191 699 1255 ταν
721 1188 819 1270 Κόραν
840 1189 972 1256 Graecis
991 1192 1024 1256 in
1048 1190 1145 1257 ltalia
1171 1200 1208 1258 et
1229 1190 1338 1259 Siculis

154 1293 268 1360 crebro
291 1304 360 1359 erat
385 1295 417 1359 in
442 1312 507 1359 ore.
555 1293 787 1379 Aristophanes
817 1295 1039 1381 Vesp.1438:

336 1394 390 1464 εἶθ’
414 1400 432 1474 ἡ
454 1398 625 1479 Συβαρῖτις
647 1394 750 1464 εἶπεν·
773 1400 800 1464 εί
824 1399 874 1465 ναί
901 1401 960 1466 τίον
980 1398 1079 1481 Κόραν

335 1503 498 1583 ἐπίδεσμον
523 1504 632 1584 ἐπρίω,
657 1509 724 1569 νοῦν
747 1503 786 1569 ἂν
810 1501 898 1586 είχες
919 1505 1060 1571 πλείονα.

152 1605 322 1674 Caeterum
346 1607 420 1673 ride
443 1608 602 1693 quomodo
633 1608 755 1676 scribae
784 1609 999 1675 mulcaverint
1033 1607 1128 1676 rerba
1158 1613 1334 1681 1111101111

152 1713 204 1777 τὼ
228 1714 294 1778 ord
323 1713 355 1776 in
387 1712 488 1778 Anah.
507 1713 560 1778 Vl.
587 1719 711 1789 1151,
739 1723 772 1780 et
796 1713 929 1800 plaudes
952 1713 1118 1780 llindorllo
1144 1712 1256 1783 είπεν·
1286 1721 1332 1785 oi

151 1818 199 1882 τόν
223 1820 286 1884 τιό
313 1819 479 1903 reponenti
512 1818 544 1883 in
576 1818 676 1883 Anah.
703 1818 769 1884 Vll.
794 1839 837 1884 ιι.
866 1823 927 1897 59,
957 1826 990 1885 et
1014 1819 1048 1885 iu
1072 1820 1224 1905 Agesilao
1246 1822 1284 1889 V.
1305 1829 1332 1890 t.

151 1939 210 2007 pro
237 1918 324 1988 εἶπεν
349 1923 496 1989 οὑτωσί.

198 2027 234 2092 ln
258 2027 282 2093 l.
307 2048 350 2097 11.
382 2034 436 2096 15.
467 2026 568 2111 ὥσπερ
600 2030 644 2094 οὺ
675 2031 739 2111 Φὴρ
772 2027 909 2108 πέμπειν
941 2028 1055 2104 αὐτούς
1066 2074 1080 2106 ,
1116 2038 1209 2099 reule
1240 2032 1333 2099 setrai

150 2130 337 2199 Ilindorfius
360 2134 408 2199 οοί
431 2134 648 2200 necessarium
674 2152 767 2211 esse,
791 2133 848 2198 sed
871 2132 957 2219 quod
973 2134 1013 2199 οὺ
1037 2134 1082 2201 cal
1107 2138 1176 2218 <ade
1200 2139 1333 2225 recepit,

150 2245 275 2324 poterat
311 2237 507 2325 simpliciore
542 2239 742 2303 correctione
777 2239 972 2305 seutentiam
1008 2241 1203 2309 restituere:
1239 2240 1332 2323 ὥσπερ

148 2344 209 2409 rol
238 2345 303 2427 φῄς
335 2345 401 2410 ντί.
448 2343 659 2410 Notissimum
686 2350 736 2408 est
763 2343 802 2408 cd
824 2350 857 2408 et
889 2344 938 2409 col
972 2345 1093 2429 passim
1126 2348 1331 2432 permisceri,

148 2451 243 2514 cuius
266 2450 312 2516 rei
338 2468 435 2535 supra
456 2449 600 2535 exempla
625 2446 781 2533 quaedam
808 2447 989 2514 attulimus.

193 2553 229 2620 ln
262 2553 286 2621 l.
317 2576 358 2620 vr.
387 2559 421 2621 9.
450 2554 565 2636 ποτέρῳ
604 2554 650 2643 [ἡ]
685 2555 800 2619 πλείων
834 2557 956 2635 σχολή,
989 2554 1145 2622 suadente
1177 2558 1329 2626 mareoth

147 2663 165 2736 ἡ
186 2659 447 2746 expungendum.

191 2764 412 2831 11111110.
450 2766 487 2854 (oi
520 2765 673 2840 αὐληταί)
707 2767 830 2841 raeda
866 2791 902 2832 τε
940 2766 1049 2832 καλοὶ
1080 2767 1251 2842 κέκτηνται
1281 2768 1327 2835 καί

143 2872 325 2944 ἅκολοόόονς
348 2871 482 2944 πολλοὺς
508 2871 730 2952 περιοίγονται,
765 2871 917 2957 quoniam
949 2870 1026 2937 haec
1050 2871 1208 2938 dicuutur
1234 2873 1274 2941 de
1295 2875 1328 2939 ti·

143 2976 307 3042 bicinihus
332 2978 362 3041 in
395 2975 561 3041 hominum
587 2976 773 3042 celebritate
796 2976 1002 3041 versantibus
1027 2986 1084 3043 aut
1109 2978 1141 3042 in
1168 2977 1326 3064 publicum

142 3081 395 3168 prodeuntibus,
418 3083 512 3155 σκεύη
536 3081 623 3147 καλοί
646 3082 754 3166 inepte
774 3091 1089 3156 commemorantur,
1113 3102 1198 3169 quae
1221 3084 1327 3169 spedo-

143 3186 364 3252 domnedium
388 3185 634 3273 suppellectilem
664 3185 861 3270 significent.
910 3185 1076 3252 Sententia
1108 3185 1171 3252 loci
1196 3188 1326 3273 postulat

142 3300 181 3357 ut
204 3301 332 3356 ornatus
353 3311 464 3358 eorum
488 3299 520 3355 et
540 3300 722 3355 ornamenta
745 3300 1062 3368 commemorentur,
1085 3291 1207 3377 quibus
1228 3291 1326 3357 induti

142 3397 224 3461 artis
259 3415 338 3461 suae
371 3395 549 3481 specimina
581 3394 675 3461 edere
700 3393 865 3461 solebant:
890 3396 999 3480 itaque
1026 3395 1154 3481 corrige
1187 3398 1325 3473 οκενιίι

140 3525 178 3567 τε
211 3501 338 3575 acaia
371 3500 546 3575 κέκτηνται.
594 3499 674 3565 Nota
706 3507 738 3565 et
768 3519 822 3566 res
853 3508 886 3565 et
918 3520 1033 3565 nomen
1069 3501 1156 3588 apud
1191 3500 1325 3568 artifices

140 3605 287 3671 scenicos
310 3613 342 3670 et
373 3605 514 3669 musicos
538 3624 658 3670 omnes.
700 3606 852 3672 Arionem
878 3613 992 3671 auctor
1019 3613 1071 3671 est
1101 3606 1323 3673 llerodotuah

141 3715 196 3776 24.
221 3709 347 3777 ἐνδόντα
370 3733 407 3776 τε
438 3713 574 3775 ποῖοαν
604 3712 674 3786 τὴν
702 3712 850 3785 σκευὴν
883 3710 936 3776 καί
961 3710 1108 3789 λαβόντα
1132 3712 1189 3787 τὴν
1209 3712 1324 3795 κιίοίριιν

140 3817 296 3882 cecinisse
328 3817 360 3880 in
387 3817 482 3890 nari,
514 3823 547 3880 et
570 3816 689 3901 passim
718 3814 838 3880 similia
869 3815 1034 3901 leguntur.
1085 3814 1177 3898 Quod
1208 3816 1324 3883 addidit

138 3921 314 4008 Xenophon
341 3919 394 3987 καί
418 3920 599 3994 οίκολοιίόονο
633 3922 766 3993 πολλοὺς
800 3921 1074 4002 περιάγονται
1099 3924 1229 4008 egregie
1254 3922 1323 3989 lacit

139 4024 179 4090 ad
204 4008 440 4100 emendandum
465 4026 569 4091 locum
604 4025 830 4091 Demosthenis
860 4027 893 4090 in
919 4022 1008 4091 Orat.
1032 4026 1174 4093 xxxvl.
1201 4032 1255 4093 tlt.
1288 4027 1322 4093 ri

137 4131 196 4211 μὲν
219 4132 358 4210 zaccaria
381 4137 485 4214 φορεῖς
510 4170 553 4184 -
577 4130 630 4197 καί
654 4139 735 4211 τρεῖς
757 4133 876 4205 παῖδας
899 4132 1082 4206 duasdives
1106 4133 1321 4215 περιοίγειι

136 4236 188 4300 καί
212 4235 265 4317 ζῇς
289 4238 454 4315 acerem,
479 4236 532 4301 rrbi
553 4236 770 4321 reponendum
796 4246 845 4304 est
870 4239 1052 4304 necessario
1075 4238 1232 4322 περιάγει.
1257 4238 1322 4307 llis·

134 4341 257 4409 crimen
289 4343 375 4409 inter
400 4339 538 4424 περιοίγοι
564 4349 594 4409 el
617 4341 808 4426 περιαγομαι
835 4352 899 4410 tam
924 4345 1134 4431 perspicuum
1156 4352 1207 4412 esi
1228 4362 1320 4431 quant
