2940 5010
632 284 693 344 eet

65 456 227 525 §lebaeus
249 454 363 537 τοτὲρρ
397 454 490 520 πλέον
514 458 617 537 σχολή
641 457 801 531 servarit,
833 454 917 542 qood
939 457 1070 544 propius
1095 475 1169 523 vero
1192 466 1251 524 est.

112 563 226 644 Recte
243 561 324 628 vidit
359 559 567 648 Pluygersius
599 561 633 627 in
656 563 681 627 Ι.
707 582 760 627 ιιι.
786 567 818 627 5.
843 569 875 628 el
900 561 942 627 ll.
968 581 990 628 1.
1019 567 1048 627 1.
1084 561 1186 629 τοιοίδε
1219 572 1253 630 et

17 728 20 733 .
65 673 201 735 τοιαῦτα
225 687 294 734 esse
313 666 574 752 transponenda,
601 679 635 733 ot
659 666 785 752 legatur
808 673 985 733 τοιαῦτα
1010 668 1252 748 διαλεγόμενος,

23 760 26 765 ’
66 791 132 839 uon
156 773 278 850 τοιοίδε,
302 779 335 837 et
359 790 431 836 mox
455 772 597 838 τοιοίδε
621 771 740 851 λέγων,
765 792 828 838 non
851 778 992 838 τοιαῦτα.

113 876 151 945 Ιιι
176 879 305 945 Memor.
327 877 366 942 li.
391 898 412 942 1.
439 880 502 943 20:
525 880 558 943 αῖ
582 877 638 956 μὲν
662 878 846 962 ῥᾳδιουργίαι
878 878 930 943 καῖ
955 879 989 944 ἐκ
1012 883 1065 945 τοῦ
1090 888 1253 962 παραχρῆ-

65 1006 118 1063 μα
141 983 243 1060 ἡδοναί
267 981 338 1048 οὔτε
366 983 486 1061 σώματι
518 982 639 1059 εὐεξίαν
663 985 770 1049 ἱκαναί
804 985 878 1051 εἰσιν
913 983 1149 1066 ἐνεργάζεσθαι,
1182 985 1252 1052 οὔτε

64 1093 162 1171 ψυχῇ
186 1089 339 1165 lsraelem
362 1086 525 1165 οὶξιίλονον
549 1089 692 1167 οὐδεμίαν
716 1088 970 1168 ἐμποιοῦσιν.
994 1089 1066 1175 Ipsa
1084 1088 1144 1156 loci
1167 1110 1252 1156 com·

31 1244 37 1251 .
63 1193 185 1281 positio
210 1192 349 1280 pustulat
374 1200 409 1257 ul
434 1195 571 1273 ἐμποιεῖν
595 1214 653 1280 pro
685 1196 859 1273 ἐμποιοῦσιν
886 1195 1099 1273 restituatur,
1131 1195 1254 1282 quoda

28 1380 31 1385 .
63 1296 262 1389 Pluygersio
296 1296 481 1365 admonitus
513 1317 626 1365 verum
662 1319 731 1365 esse
754 1300 908 1387 intelligo.
957 1299 1090 1386 Saepius
1117 1299 1256 1367 ostendi·

26 1404 33 1465 ζ
64 1422 144 1471 mus
180 1403 351 1473 Graeculos
388 1402 448 1468 trae
479 1403 599 1470 chorda
633 1404 818 1472 oberrantes
852 1413 886 1472 et
917 1405 1069 1490 antiquae
1100 1406 1255 1472 orationis

63 1511 323 1576 concinnitatem
353 1507 584 1595 depravantes,
618 1512 706 1576 utin
740 1509 909 1576 Oeconom.
931 1509 986 1576 Vl.
1013 1515 1043 1576 5.
1076 1509 1131 1576 ubi
1154 1535 1254 1577 κατα-

59 1616 180 1695 prem
202 1615 236 1680 in
259 1615 470 1692 ααταγνθοιισι
494 1625 729 1702 corruperunt,
752 1624 785 1682 et
802 1614 875 1682 aliis
895 1614 985 1680 loeis.
1021 1614 1146 1682 Novum
1170 1617 1253 1683 eius·

10 1736 18 1815 ξ
65 1718 146 1788 dem
169 1721 289 1786 erroris
312 1719 494 1805 exemplum
520 1721 746 1787 annotabimus
769 1719 855 1785 inira
878 1719 918 1786 ad
941 1719 997 1786 lll.
1022 1741 1062 1786 rr.
1088 1727 1142 1788 57.

10 1826 15 1879 ἶ
119 1824 207 1893 Satis
237 1845 324 1891 nune
348 1833 474 1890 constat
507 1826 653 1892 vitiosam
686 1826 881 1912 scripturam
914 1843 984 1890 esse
1006 1824 1045 1891 ll.
1070 1847 1091 1892 ι.
1117 1831 1170 1892 uu.
1206 1846 1255 1892 κε·
1340 1823 1367 1878 Ἰ

60 1929 267 2012 ασσμκμὲνκν
289 1933 325 1998 τί
347 1931 405 2010 μὲν
429 1931 521 2009 σῶμα
540 1932 735 2012 καθαριίτντι
760 1951 818 2018 pro
841 1928 1062 2011 καθαρειότητι.
1109 1930 1257 1996 Dubitari

61 2056 134 2105 oon
157 2043 261 2124 potest
286 2037 363 2122 quin
386 2035 543 2117 καθάρειος
569 2036 671 2101 solum
696 2037 854 2102 Graecum
878 2035 943 2109 sit,
971 2043 1006 2101 ut
1027 2035 1197 2116 μενοίλειοο
1224 2045 1257 2103 et

59 2142 264 2228 ὶσφοίλειος,
288 2148 321 2207 el
344 2143 509 2223 καθαρείως
533 2150 564 2206 et
589 2140 809 2222 καθαρειίτιρς,
833 2139 873 2206 de
895 2158 958 2226 qua
982 2159 1018 2206 re
1041 2140 1176 2207 subinde
1200 2140 1256 2206 ali·

65 2246 152 2337 quid
181 2248 418 2314 annotavimus.
476 2247 575 2312 Miror
607 2245 761 2310 iudicium
809 2244 947 2311 Pollucis
969 2245 1020 2312 vt.
1051 2249 1105 2312 θλ.
1140 2249 1256 2312 καθα-

61 2354 230 2437 ριθτιιτι
264 2354 397 2434 χαίρων,
431 2357 446 2417 θ
478 2352 542 2434 γὰρ
567 2351 763 2433 καθάριος
795 2349 963 2427 ίθιωτικίν,
993 2350 1093 2418 καίτοι
1123 2353 1158 2418 τὸ
1187 2376 1255 2417 κα·

61 2459 216 2541 lapide
247 2458 334 2540 nopai
363 2463 532 2540 Ξενοφῶντι
565 2456 701 2537 είρκτοιι,
736 2457 790 2522 cui
814 2465 864 2522 ter
886 2454 1049 2522 reddenda
1081 2455 1255 2542 diphthon-

63 2584 152 2653 gus,
175 2571 213 2630 ut
236 2564 356 2649 passim
376 2561 448 2627 aliis
475 2560 576 2638 locis,
600 2560 656 2626 ubi
681 2562 844 2628 Bekkeros
868 2586 878 2627 ι
901 2562 1062 2638 servavit,
1086 2561 1142 2626 sed
1166 2572 1255 2627 certa

59 2668 215 2754 analogia
237 2676 269 2733 et
294 2687 371 2732 osus
394 2692 419 2732 ει
445 2667 626 2753 requirunt.
676 2667 872 2734 ddrerhium
902 2668 1067 2749 καθαρείως
1091 2676 1179 2734 reete
1207 2688 1254 2734 re-

59 2775 176 2865 posuit
201 2771 387 2839 uinuorrius
419 2773 450 2836 in
482 2771 655 2859 Cyropaed.
676 2773 700 2838 1.
725 2794 770 2839 ιιι.
795 2776 835 2849 8,
870 2771 924 2837 ubi
948 2771 983 2837 in
1006 2773 1154 2855 καθαρίωρ
1178 2771 1253 2837 libri

18 2926 22 2931 -
63 2900 181 2949 omues
203 2878 402 2965 conspirant.
452 2877 532 2942 ldira
556 2896 608 2942 res
632 2879 674 2944 sit
696 2877 861 2960 καθαρείως
885 2875 1021 2962 probum
1046 2897 1135 2953 esse,
1160 2877 1256 2943 καθοί-

59 3009 143 3073 ροιισ
168 3005 231 3051 oon
255 2986 345 3050 item.
394 2981 456 3049 Sed
480 2981 560 3047 satis
584 2981 784 3066 redarguunt
807 2982 1011 3067 grammatici
1036 3001 1179 3048 errorem
1200 2982 1254 3046 Co·

62 3090 227 3161 micorum
252 3088 330 3167 loci,
362 3106 501 3174 quorum
524 3085 784 3171 elegantissimos
811 3094 860 3152 est
883 3085 1048 3153 Menandri
1073 3085 1158 3173 apud
1185 3085 1255 3152 Sui-

10 3220 13 3279 }
60 3195 144 3265 dum
169 3215 198 3261 u.
222 3197 390 3277 Εθριιτιῶν.

249 3302 305 3373 Ele
332 3298 375 3364 τοὶ
399 3296 585 3379 καθοίρεια
608 3298 699 3375 λιμὸς
722 3297 929 3379 είσοικίζεται.

65 3404 239 3475 Munditias
270 3405 374 3490 igitur
407 3401 601 3488 ubicumque
632 3411 905 3468 commemoratur
928 3402 1125 3485 καθαρειθτκς
1149 3403 1255 3490 appel·

63 3509 165 3581 lauda
195 3511 276 3587 erit,
306 3516 343 3574 ut
375 3506 460 3594 apud
493 3506 657 3573 Platonem
688 3506 783 3592 Epin.
817 3529 847 3594 p.
871 3510 947 3574 984.
973 3508 1008 3573 Α.
1043 3509 1254 3590 καθαρειότητι

58 3615 277 3701 διαφέροντα,
302 3633 364 3678 non
387 3612 601 3694 antepilano,
625 3621 657 3678 et
681 3613 728 3678 sie
749 3611 825 3678 alibi
847 3613 987 3699 saepius.

113 3720 320 3789 tlontrariuor
343 3737 487 3784 errorem
513 3738 609 3803 quam
631 3718 663 3782 in
688 3718 854 3800 καθαρείως
878 3726 940 3785 cet.
965 3718 1089 3785 scribae
1109 3719 1255 3784 corumit.

62 3838 140 3899 turo
162 3825 266 3893 solent
289 3825 323 3890 iu
346 3822 526 3907 Φιλόνικος,
549 3824 708 3906 φιλονικία
731 3832 764 3888 et
789 3830 980 3907 φιλονικεῖν,
1013 3822 1183 3908 inquibus
1207 3841 1255 3887 as·

63 3933 152 4005 sueti
178 3938 255 3999 sunt
278 3956 303 3996 ει
329 3929 471 3995 seribere
494 3929 686 4011 φιλόνεικος,
709 3930 884 4011 φιλονεικία
910 3940 941 3994 et
971 3934 1175 4012 φιλονεικεῖν,
1202 3948 1255 3994 ve·

61 4040 133 4109 toti
151 4038 191 4104 ll.
215 4057 261 4103 ιιι.
290 4040 340 4102 17.
370 4035 479 4117 νομίζω
511 4035 574 4116 γαρ
598 4037 691 4101 αὐτὸν
716 4035 840 4100 ἐπειδᾶν
863 4033 1010 4109 αίσθνταί
1030 4059 1065 4100 σε
1086 4033 1253 4117 προκαλοί-

62 4168 159 4228 μενον
183 4143 291 4209 ἑαυτὸν
319 4144 362 4215 εἷς
386 4143 438 4206 τὸν
466 4144 574 4219 ἀγῶνα
601 4145 707 4206 τοῦτον
738 4139 820 4206 τοίνν
846 4141 1174 4225 φιλονεικήσειν,
1200 4137 1255 4204 uhi

56 4258 203 4341 appuret
233 4247 298 4314 diei
329 4245 444 4313 debere
476 4251 561 4312 νικαν
596 4246 791 4324 ἕτιθνμνίσειν
816 4253 849 4312 et
868 4247 1079 4330 φιλονικήσειν
1102 4264 1255 4333 reponen-

56 4356 159 4427 dum.
206 4354 329 4424 lnricto
350 4361 545 4439 argomento
567 4351 780 4418 demonstrari
799 4359 904 4438 potest
928 4353 1095 4438 antiquam
1117 4351 1255 4439 scriptu·

956 4457 1010 4490 ΔΜ
