<?xml version="1.0" encoding="UTF-8"?>
<!DOCTYPE html PUBLIC "-//W3C//DTD XHTML 1.0 Transitional//EN"
    "http://www.w3.org/TR/xhtml1/DTD/xhtml1-transitional.dtd">
<html xmlns="http://www.w3.org/1999/xhtml" xml:lang="en" lang="en">
 <head>
  <title>
</title>
<meta http-equiv="Content-Type" content="text/html;charset=utf-8" />
  <meta name='ocr-system' content='tesseract 3.04.00' />
  <meta name='ocr-capabilities' content='ocr_page ocr_carea ocr_par ocr_line ocrx_word'/>
</head>
<body>
  <div class='ocr_page' id='page_1' title='image "./novaelectionesq00cobegoog/novaelectionesq00cobegoog_0701.png"; bbox 0 0 2940 5010; ppageno 0'>
   <div class='ocr_carea' id='block_1_1' title="bbox 721 287 785 350">
    <p class='ocr_par' dir='ltr' id='par_1_1' title="bbox 721 287 785 350">
     <span class='ocr_line' id='line_1_1' title="bbox 721 287 785 350; baseline -0.016 0"><span class='ocrx_word' id='word_1_1' title='bbox 721 287 785 350; x_wconf 84' lang='grc'><strong>668</strong></span> 
     </span>
    </p>
   </div>
   <div class='ocr_carea' id='block_1_2' title="bbox 161 456 1372 3700">
    <p class='ocr_par' dir='ltr' id='par_1_2' title="bbox 161 456 1372 3700">
     <span class='ocr_line' id='line_1_2' title="bbox 164 456 1333 549; baseline 0 -22"><span class='ocrx_word' id='word_1_2' title='bbox 164 482 195 549; x_wconf 93' lang='lat' dir='ltr'><strong>p.</strong></span> <span class='ocrx_word' id='word_1_3' title='bbox 217 463 293 528; x_wconf 79' lang='lat'><strong>856.</strong></span> <span class='ocrx_word' id='word_1_4' title='bbox 319 458 351 524; x_wconf 85' lang='lat' dir='ltr'><strong>ll.</strong></span> <span class='ocrx_word' id='word_1_5' title='bbox 384 456 581 540; x_wconf 78' lang='grc' dir='ltr'><strong><em>ἕςοχοοομένη</em></strong></span> <span class='ocrx_word' id='word_1_6' title='bbox 603 463 661 524; x_wconf 79' lang='grc' dir='ltr'><strong>τῶν</strong></span> <span class='ocrx_word' id='word_1_7' title='bbox 684 457 815 527; x_wconf 73' lang='lat' dir='ltr'><strong>discedo</strong></span> <span class='ocrx_word' id='word_1_8' title='bbox 827 507 837 537; x_wconf 92' lang='lat'><strong>,</strong></span> <span class='ocrx_word' id='word_1_9' title='bbox 860 466 893 525; x_wconf 85' lang='lat' dir='ltr'><strong>ct</strong></span> <span class='ocrx_word' id='word_1_10' title='bbox 912 457 1005 546; x_wconf 88' lang='lat' dir='ltr'><strong>plane</strong></span> <span class='ocrx_word' id='word_1_11' title='bbox 1024 457 1205 527; x_wconf 76' lang='lat' dir='ltr'><strong>abhorrens</strong></span> <span class='ocrx_word' id='word_1_12' title='bbox 1227 456 1267 527; x_wconf 80' lang='lat' dir='ltr'><strong>nb</strong></span> <span class='ocrx_word' id='word_1_13' title='bbox 1287 458 1333 527; x_wconf 83' lang='lat' dir='ltr'><strong>illa</strong></span> 
     </span>
     <span class='ocr_line' id='line_1_3' title="bbox 165 562 1334 653; baseline 0 -20"><span class='ocrx_word' id='word_1_14' title='bbox 165 565 306 633; x_wconf 87' lang='lat' dir='ltr'><strong>Socratis</strong></span> <span class='ocrx_word' id='word_1_15' title='bbox 328 563 570 645; x_wconf 68' lang='grc' dir='ltr'><strong>μεγαληγορίᾳ,</strong></span> <span class='ocrx_word' id='word_1_16' title='bbox 593 582 689 649; x_wconf 84' lang='lat' dir='ltr'><strong>quam</strong></span> <span class='ocrx_word' id='word_1_17' title='bbox 711 564 885 652; x_wconf 85' lang='lat' dir='ltr'><strong>Xenophon</strong></span> <span class='ocrx_word' id='word_1_18' title='bbox 910 564 943 631; x_wconf 92' lang='lat' dir='ltr'><strong>in</strong></span> <span class='ocrx_word' id='word_1_19' title='bbox 968 562 1058 653; x_wconf 90' lang='lat' dir='ltr'><strong>Apol.</strong></span> <span class='ocrx_word' id='word_1_20' title='bbox 1084 564 1210 633; x_wconf 67' lang='lat' dir='ltr'><strong>&amp;crat</strong></span> <span class='ocrx_word' id='word_1_21' title='bbox 1235 572 1266 633; x_wconf 91' lang='lat'><strong>1.</strong></span> <span class='ocrx_word' id='word_1_22' title='bbox 1295 564 1334 633; x_wconf 92' lang='lat' dir='ltr'><strong>nl·</strong></span> 
     </span>
     <span class='ocr_line' id='line_1_4' title="bbox 163 668 1335 757; baseline 0.001 -21"><span class='ocrx_word' id='word_1_23' title='bbox 163 677 215 737; x_wconf 92' lang='lat' dir='ltr'><strong>tro</strong></span> <span class='ocrx_word' id='word_1_24' title='bbox 248 668 368 736; x_wconf 87' lang='lat' dir='ltr'><strong>latetur</strong></span> <span class='ocrx_word' id='word_1_25' title='bbox 399 668 604 752; x_wconf 78' lang='grc' dir='ltr'><strong><em>οἱφρουεοέροου</em></strong></span> <span class='ocrx_word' id='word_1_26' title='bbox 634 670 799 754; x_wconf 66' lang='lat' dir='ltr'><strong>malvesine</strong></span> <span class='ocrx_word' id='word_1_27' title='bbox 833 671 894 748; x_wconf 91' lang='lat' dir='ltr'><strong>iis,</strong></span> <span class='ocrx_word' id='word_1_28' title='bbox 930 670 986 757; x_wconf 86' lang='lat' dir='ltr'><strong>qui</strong></span> <span class='ocrx_word' id='word_1_29' title='bbox 1017 670 1185 737; x_wconf 75' lang='lat' dir='ltr'>nescirent</span> <span class='ocrx_word' id='word_1_30' title='bbox 1221 668 1335 737; x_wconf 82' lang='lat' dir='ltr'><strong>Socrati</strong></span> 
     </span>
     <span class='ocr_line' id='line_1_5' title="bbox 163 772 1335 863; baseline 0.002 -22"><span class='ocrx_word' id='word_1_31' title='bbox 163 783 300 841; x_wconf 89' lang='lat' dir='ltr'><strong>mortem</strong></span> <span class='ocrx_word' id='word_1_32' title='bbox 328 794 425 861; x_wconf 85' lang='lat' dir='ltr'><strong>quarn</strong></span> <span class='ocrx_word' id='word_1_33' title='bbox 451 775 550 839; x_wconf 86' lang='lat' dir='ltr'><strong>vitam</strong></span> <span class='ocrx_word' id='word_1_34' title='bbox 584 781 654 840; x_wconf 89' lang='lat' dir='ltr'><strong>tum</strong></span> <span class='ocrx_word' id='word_1_35' title='bbox 685 773 785 841; x_wconf 85' lang='lat' dir='ltr'><strong>luisse</strong></span> <span class='ocrx_word' id='word_1_36' title='bbox 808 776 974 863; x_wconf 87' lang='lat' dir='ltr'><strong>potiorem.</strong></span> <span class='ocrx_word' id='word_1_37' title='bbox 1022 773 1121 857; x_wconf 86' lang='lat' dir='ltr'><strong>Quod·</strong></span> <span class='ocrx_word' id='word_1_38' title='bbox 1139 772 1220 841; x_wconf 91' lang='lat' dir='ltr'><strong>olim</strong></span> <span class='ocrx_word' id='word_1_39' title='bbox 1243 774 1335 863; x_wconf 65' lang='lat' dir='ltr'><strong>susp</strong></span> 
     </span>
     <span class='ocr_line' id='line_1_6' title="bbox 163 878 1372 970; baseline 0.001 -23"><span class='ocrx_word' id='word_1_40' title='bbox 163 880 260 947; x_wconf 65' lang='lat' dir='ltr'><strong>calcar</strong></span> <span class='ocrx_word' id='word_1_41' title='bbox 283 879 398 966; x_wconf 68' lang='lat' dir='ltr'><strong>lipsiae</strong></span> <span class='ocrx_word' id='word_1_42' title='bbox 422 880 620 958; x_wconf 87' lang='lat' dir='ltr'><strong>orationem,</strong></span> <span class='ocrx_word' id='word_1_43' title='bbox 644 878 912 966; x_wconf 86' lang='lat' dir='ltr'><strong>quemadmodum</strong></span> <span class='ocrx_word' id='word_1_44' title='bbox 936 878 1139 970; x_wconf 78' lang='lat' dir='ltr'><strong>Polycratis,</strong></span> <span class='ocrx_word' id='word_1_45' title='bbox 1167 882 1226 948; x_wconf 81' lang='lat' dir='ltr'><strong>odic</strong></span> <span class='ocrx_word' id='word_1_46' title='bbox 1246 882 1335 957; x_wconf 67' lang='lat' dir='ltr'><strong>cincii</strong></span> <span class='ocrx_word' id='word_1_47' title='bbox 1370 898 1372 909; x_wconf 90' lang='grc'><em>·</em></span> 
     </span>
     <span class='ocr_line' id='line_1_7' title="bbox 162 982 1372 1073; baseline 0.002 -22"><span class='ocrx_word' id='word_1_48' title='bbox 162 983 262 1062; x_wconf 75' lang='lat' dir='ltr'><strong>sinai,</strong></span> <span class='ocrx_word' id='word_1_49' title='bbox 299 984 353 1052; x_wconf 91' lang='lat' dir='ltr'><strong>scd</strong></span> <span class='ocrx_word' id='word_1_50' title='bbox 390 982 595 1072; x_wconf 77' lang='lat' dir='ltr'><strong>Polycrateac</strong></span> <span class='ocrx_word' id='word_1_51' title='bbox 627 986 824 1052; x_wconf 76' lang='lat' dir='ltr'><strong>accusationi</strong></span> <span class='ocrx_word' id='word_1_52' title='bbox 859 984 959 1053; x_wconf 86' lang='lat' dir='ltr'><strong>luisse</strong></span> <span class='ocrx_word' id='word_1_53' title='bbox 991 986 1197 1073; x_wconf 84' lang='lat' dir='ltr'><strong>oppositam,</strong></span> <span class='ocrx_word' id='word_1_54' title='bbox 1232 1004 1334 1053; x_wconf 81' lang='lat' dir='ltr'><strong>vernn</strong></span> <span class='ocrx_word' id='word_1_55' title='bbox 1370 1022 1372 1059; x_wconf 64' lang='grc' dir='ltr'><strong>ι</strong></span> 
     </span>
     <span class='ocr_line' id='line_1_8' title="bbox 163 1088 1372 1178; baseline -0.001 -20"><span class='ocrx_word' id='word_1_56' title='bbox 163 1110 233 1158; x_wconf 88' lang='lat' dir='ltr'><strong>esse</strong></span> <span class='ocrx_word' id='word_1_57' title='bbox 256 1089 336 1156; x_wconf 89' lang='lat' dir='ltr'><strong>mihi</strong></span> <span class='ocrx_word' id='word_1_58' title='bbox 356 1088 588 1156; x_wconf 83' lang='lat' dir='ltr'><strong>demonstrauit</strong></span> <span class='ocrx_word' id='word_1_59' title='bbox 610 1089 797 1178; x_wconf 88' lang='lat' dir='ltr'><strong>perdoctum</strong></span> <span class='ocrx_word' id='word_1_60' title='bbox 819 1091 934 1158; x_wconf 89' lang='lat' dir='ltr'><strong>incerti</strong></span> <span class='ocrx_word' id='word_1_61' title='bbox 957 1090 1170 1158; x_wconf 86' lang='lat' dir='ltr'><strong>Grammatici</strong></span> <span class='ocrx_word' id='word_1_62' title='bbox 1194 1088 1336 1175; x_wconf 75' lang='lat' dir='ltr'><strong>Solidior</strong></span> <span class='ocrx_word' id='word_1_63' title='bbox 1369 1118 1372 1171; x_wconf 71' lang='lat' dir='ltr'><strong>i</strong></span> 
     </span>
     <span class='ocr_line' id='line_1_9' title="bbox 163 1192 1372 1283; baseline -0.001 -19"><span class='ocrx_word' id='word_1_64' title='bbox 163 1195 204 1264; x_wconf 88' lang='lat' dir='ltr'><strong>ad</strong></span> <span class='ocrx_word' id='word_1_65' title='bbox 227 1192 380 1262; x_wconf 77' lang='lat' dir='ltr'><strong>Aristidis</strong></span> <span class='ocrx_word' id='word_1_66' title='bbox 403 1193 598 1274; x_wconf 77' lang='lat' dir='ltr'><strong>Panathen,</strong></span> <span class='ocrx_word' id='word_1_67' title='bbox 629 1196 714 1281; x_wconf 89' lang='lat' dir='ltr'><strong>quod</strong></span> <span class='ocrx_word' id='word_1_68' title='bbox 738 1196 862 1282; x_wconf 87' lang='lat' dir='ltr'><strong>primus</strong></span> <span class='ocrx_word' id='word_1_69' title='bbox 888 1196 1074 1263; x_wconf 89' lang='lat' dir='ltr'><strong>omniumc</strong></span> <span class='ocrx_word' id='word_1_70' title='bbox 1101 1195 1253 1263; x_wconf 81' lang='lat' dir='ltr'><strong>tenebris</strong></span> <span class='ocrx_word' id='word_1_71' title='bbox 1274 1214 1335 1283; x_wconf 84' lang='lat' dir='ltr'><strong>pro</strong></span> <span class='ocrx_word' id='word_1_72' title='bbox 1370 1228 1372 1247; x_wconf 69' lang='grc' dir='ltr'>ι</span> 
     </span>
     <span class='ocr_line' id='line_1_10' title="bbox 164 1297 1336 1389; baseline 0.001 -21"><span class='ocrx_word' id='word_1_73' title='bbox 164 1301 263 1368; x_wconf 80' lang='lat' dir='ltr'><strong>traxit</strong></span> <span class='ocrx_word' id='word_1_74' title='bbox 297 1299 358 1365; x_wconf 84' lang='lat' dir='ltr'><strong>Leo</strong></span> <span class='ocrx_word' id='word_1_75' title='bbox 382 1297 518 1365; x_wconf 88' lang='lat' dir='ltr'><strong>Allatius</strong></span> <span class='ocrx_word' id='word_1_76' title='bbox 539 1301 572 1365; x_wconf 93' lang='lat' dir='ltr'><strong>in</strong></span> <span class='ocrx_word' id='word_1_77' title='bbox 603 1299 799 1388; x_wconf 89' lang='lat' dir='ltr'><strong>lepidissimo</strong></span> <span class='ocrx_word' id='word_1_78' title='bbox 821 1299 947 1389; x_wconf 84' lang='lat' dir='ltr'><strong>dialogo</strong></span> <span class='ocrx_word' id='word_1_79' title='bbox 969 1301 1008 1368; x_wconf 89' lang='lat' dir='ltr'><strong>de</strong></span> <span class='ocrx_word' id='word_1_80' title='bbox 1036 1302 1166 1389; x_wconf 82' lang='lat' dir='ltr'><strong>scriptis</strong></span> <span class='ocrx_word' id='word_1_81' title='bbox 1186 1300 1336 1379; x_wconf 62' lang='grc' dir='ltr'><strong><em>δυαῶο,</em></strong></span> 
     </span>
     <span class='ocr_line' id='line_1_11' title="bbox 163 1404 1336 1492; baseline 0.001 -20"><span class='ocrx_word' id='word_1_82' title='bbox 163 1409 196 1472; x_wconf 90' lang='lat' dir='ltr'><strong>in</strong></span> <span class='ocrx_word' id='word_1_83' title='bbox 221 1425 284 1492; x_wconf 92' lang='lat' dir='ltr'><strong>quo</strong></span> <span class='ocrx_word' id='word_1_84' title='bbox 307 1404 424 1489; x_wconf 78' lang='lat' dir='ltr'><strong>satagit</strong></span> <span class='ocrx_word' id='word_1_85' title='bbox 447 1406 499 1470; x_wconf 78' lang='lat' dir='ltr'><strong>riv</strong></span> <span class='ocrx_word' id='word_1_86' title='bbox 527 1404 608 1482; x_wconf 75' lang='grc' dir='ltr'><strong>ἥττω</strong></span> <span class='ocrx_word' id='word_1_87' title='bbox 631 1406 726 1485; x_wconf 74' lang='grc' dir='ltr'><strong><em>λόγου</em></strong></span> <span class='ocrx_word' id='word_1_88' title='bbox 749 1406 874 1487; x_wconf 69' lang='grc' dir='ltr'><strong><em>κρείττω</em></strong></span> <span class='ocrx_word' id='word_1_89' title='bbox 903 1414 998 1473; x_wconf 77' lang='grc' dir='ltr'><strong><em>ποιεῖν</em></strong></span> <span class='ocrx_word' id='word_1_90' title='bbox 1022 1415 1055 1474; x_wconf 90' lang='lat' dir='ltr'><strong>et</strong></span> <span class='ocrx_word' id='word_1_91' title='bbox 1077 1424 1215 1474; x_wconf 61' lang='lat' dir='ltr'><strong>cattum</strong></span> <span class='ocrx_word' id='word_1_92' title='bbox 1236 1404 1336 1473; x_wconf 71' lang='lat' dir='ltr'><strong>ahana·</strong></span> 
     </span>
     <span class='ocr_line' id='line_1_12' title="bbox 162 1508 1336 1591; baseline 0.002 -14"><span class='ocrx_word' id='word_1_93' title='bbox 162 1511 328 1577; x_wconf 78' lang='lat' dir='ltr'><strong>dissimum</strong></span> <span class='ocrx_word' id='word_1_94' title='bbox 353 1508 572 1577; x_wconf 85' lang='lat' dir='ltr'><strong>eruditissime</strong></span> <span class='ocrx_word' id='word_1_95' title='bbox 601 1518 633 1577; x_wconf 90' lang='lat' dir='ltr'><strong>et</strong></span> <span class='ocrx_word' id='word_1_96' title='bbox 663 1510 891 1578; x_wconf 79' lang='lat' dir='ltr'><strong>venustissime</strong></span> <span class='ocrx_word' id='word_1_97' title='bbox 920 1509 1073 1578; x_wconf 77' lang='lat' dir='ltr'><strong>defendit.</strong></span> <span class='ocrx_word' id='word_1_98' title='bbox 1121 1510 1287 1591; x_wconf 82' lang='lat' dir='ltr'><strong>Allatius,</strong></span> <span class='ocrx_word' id='word_1_99' title='bbox 1305 1518 1336 1579; x_wconf 82' lang='lat' dir='ltr'><strong>at</strong></span> 
     </span>
     <span class='ocr_line' id='line_1_13' title="bbox 161 1614 1336 1705; baseline 0.003 -23"><span class='ocrx_word' id='word_1_100' title='bbox 161 1618 281 1683; x_wconf 81' lang='lat' dir='ltr'><strong>homae</strong></span> <span class='ocrx_word' id='word_1_101' title='bbox 302 1614 425 1693; x_wconf 83' lang='lat' dir='ltr'><strong>solent,</strong></span> <span class='ocrx_word' id='word_1_102' title='bbox 450 1614 495 1680; x_wconf 89' lang='lat' dir='ltr'><strong>ita</strong></span> <span class='ocrx_word' id='word_1_103' title='bbox 517 1614 637 1682; x_wconf 82' lang='lat' dir='ltr'><strong>Graece</strong></span> <span class='ocrx_word' id='word_1_104' title='bbox 660 1615 801 1693; x_wconf 85' lang='lat' dir='ltr'><strong>sciebat,</strong></span> <span class='ocrx_word' id='word_1_105' title='bbox 827 1624 861 1682; x_wconf 95' lang='lat' dir='ltr'><strong>ut</strong></span> <span class='ocrx_word' id='word_1_106' title='bbox 884 1635 967 1703; x_wconf 85' lang='lat' dir='ltr'><strong>quae</strong></span> <span class='ocrx_word' id='word_1_107' title='bbox 985 1615 1026 1683; x_wconf 87' lang='lat' dir='ltr'><strong>nb</strong></span> <span class='ocrx_word' id='word_1_108' title='bbox 1054 1617 1167 1705; x_wconf 90' lang='lat' dir='ltr'><strong>inepto</strong></span> <span class='ocrx_word' id='word_1_109' title='bbox 1189 1616 1336 1685; x_wconf 70' lang='lat' dir='ltr'><strong>onem</strong></span> 
     </span>
     <span class='ocr_line' id='line_1_14' title="bbox 163 1718 1336 1809; baseline 0.002 -22"><span class='ocrx_word' id='word_1_110' title='bbox 163 1721 290 1788; x_wconf 84' lang='lat' dir='ltr'><strong>inficeto</strong></span> <span class='ocrx_word' id='word_1_111' title='bbox 315 1718 485 1785; x_wconf 84' lang='lat' dir='ltr'><strong>admodum</strong></span> <span class='ocrx_word' id='word_1_112' title='bbox 508 1719 682 1807; x_wconf 89' lang='lat' dir='ltr'><strong>putideque</strong></span> <span class='ocrx_word' id='word_1_113' title='bbox 703 1722 824 1808; x_wconf 88' lang='lat' dir='ltr'><strong>scripta</strong></span> <span class='ocrx_word' id='word_1_114' title='bbox 846 1729 973 1798; x_wconf 87' lang='lat' dir='ltr'><strong>essent,</strong></span> <span class='ocrx_word' id='word_1_115' title='bbox 997 1721 1043 1787; x_wconf 92' lang='lat' dir='ltr'><strong>illi</strong></span> <span class='ocrx_word' id='word_1_116' title='bbox 1065 1721 1105 1787; x_wconf 85' lang='lat' dir='ltr'><strong>ah</strong></span> <span class='ocrx_word' id='word_1_117' title='bbox 1129 1721 1336 1809; x_wconf 81' lang='lat' dir='ltr'><strong>ipsoScerttc</strong></span> 
     </span>
     <span class='ocr_line' id='line_1_15' title="bbox 163 1823 1335 1915; baseline 0.003 -25"><span class='ocrx_word' id='word_1_118' title='bbox 163 1833 220 1891; x_wconf 85' lang='lat' dir='ltr'><strong>aut</strong></span> <span class='ocrx_word' id='word_1_119' title='bbox 243 1823 450 1911; x_wconf 82' lang='lat' dir='ltr'><strong>Xenophonte</strong></span> <span class='ocrx_word' id='word_1_120' title='bbox 481 1833 537 1890; x_wconf 86' lang='lat' dir='ltr'><strong>aut</strong></span> <span class='ocrx_word' id='word_1_121' title='bbox 559 1825 716 1891; x_wconf 80' lang='lat' dir='ltr'><strong>Aeschine</strong></span> <span class='ocrx_word' id='word_1_122' title='bbox 740 1834 797 1892; x_wconf 83' lang='lat' dir='ltr'><strong>aut</strong></span> <span class='ocrx_word' id='word_1_123' title='bbox 821 1827 983 1913; x_wconf 78' lang='lat' dir='ltr'><strong>Aristippo</strong></span> <span class='ocrx_word' id='word_1_124' title='bbox 1006 1826 1053 1892; x_wconf 91' lang='lat' dir='ltr'><strong>sic</strong></span> <span class='ocrx_word' id='word_1_125' title='bbox 1078 1826 1181 1893; x_wconf 85' lang='lat' dir='ltr'><strong>scribi</strong></span> <span class='ocrx_word' id='word_1_126' title='bbox 1203 1828 1335 1915; x_wconf 79' lang='lat' dir='ltr'><strong>potuine</strong></span> 
     </span>
     <span class='ocr_line' id='line_1_16' title="bbox 164 1927 1334 2019; baseline 0.003 -23"><span class='ocrx_word' id='word_1_127' title='bbox 164 1927 370 2008; x_wconf 83' lang='lat' dir='ltr'><strong>viderentur,</strong></span> <span class='ocrx_word' id='word_1_128' title='bbox 393 1939 427 1997; x_wconf 92' lang='lat' dir='ltr'><strong>et</strong></span> <span class='ocrx_word' id='word_1_129' title='bbox 450 1949 531 2016; x_wconf 84' lang='lat' dir='ltr'><strong>qnae</strong></span> <span class='ocrx_word' id='word_1_130' title='bbox 555 1929 747 2016; x_wconf 82' lang='lat' dir='ltr'><strong>intelligenti</strong></span> <span class='ocrx_word' id='word_1_131' title='bbox 770 1951 920 1997; x_wconf 84' lang='lat' dir='ltr'><strong>nauseam</strong></span> <span class='ocrx_word' id='word_1_132' title='bbox 948 1932 1080 2019; x_wconf 88' lang='lat' dir='ltr'><strong>pariunt</strong></span> <span class='ocrx_word' id='word_1_133' title='bbox 1103 1952 1181 1999; x_wconf 89' lang='lat' dir='ltr'><strong>cum</strong></span> <span class='ocrx_word' id='word_1_134' title='bbox 1206 1929 1334 1999; x_wconf 84' lang='lat' dir='ltr'><strong>admira·</strong></span> 
     </span>
     <span class='ocr_line' id='line_1_17' title="bbox 162 2033 1335 2125; baseline 0.002 -22"><span class='ocrx_word' id='word_1_135' title='bbox 162 2038 248 2103; x_wconf 89' lang='lat' dir='ltr'><strong>tione</strong></span> <span class='ocrx_word' id='word_1_136' title='bbox 273 2033 403 2120; x_wconf 79' lang='lat' dir='ltr'><strong>legeret.</strong></span> <span class='ocrx_word' id='word_1_137' title='bbox 451 2033 512 2100; x_wconf 87' lang='lat' dir='ltr'><strong>Sed</strong></span> <span class='ocrx_word' id='word_1_138' title='bbox 543 2034 622 2100; x_wconf 90' lang='lat' dir='ltr'><strong>nihil</strong></span> <span class='ocrx_word' id='word_1_139' title='bbox 653 2055 690 2102; x_wconf 88' lang='lat' dir='ltr'><strong>ea</strong></span> <span class='ocrx_word' id='word_1_140' title='bbox 715 2055 766 2102; x_wconf 88' lang='lat' dir='ltr'><strong>res</strong></span> <span class='ocrx_word' id='word_1_141' title='bbox 789 2036 924 2123; x_wconf 89' lang='lat' dir='ltr'><strong>impedit</strong></span> <span class='ocrx_word' id='word_1_142' title='bbox 949 2057 1012 2123; x_wconf 89' lang='lat' dir='ltr'><strong>quc</strong></span> <span class='ocrx_word' id='word_1_143' title='bbox 1034 2038 1146 2105; x_wconf 90' lang='lat' dir='ltr'><strong>miuus</strong></span> <span class='ocrx_word' id='word_1_144' title='bbox 1174 2039 1251 2125; x_wconf 82' lang='lat' dir='ltr'><strong>quis</strong></span> <span class='ocrx_word' id='word_1_145' title='bbox 1268 2056 1335 2105; x_wconf 88' lang='lat' dir='ltr'><strong>eru·</strong></span> 
     </span>
     <span class='ocr_line' id='line_1_18' title="bbox 161 2138 1335 2230; baseline 0.002 -23"><span class='ocrx_word' id='word_1_146' title='bbox 161 2140 263 2208; x_wconf 82' lang='lat' dir='ltr'><strong>ditem</strong></span> <span class='ocrx_word' id='word_1_147' title='bbox 298 2138 527 2228; x_wconf 87' lang='lat' dir='ltr'><strong>supellectilem</strong></span> <span class='ocrx_word' id='word_1_148' title='bbox 552 2140 715 2225; x_wconf 78' lang='lat' dir='ltr'><strong>ingentem</strong></span> <span class='ocrx_word' id='word_1_149' title='bbox 749 2143 919 2228; x_wconf 86' lang='lat' dir='ltr'><strong>conquirat</strong></span> <span class='ocrx_word' id='word_1_150' title='bbox 950 2149 983 2208; x_wconf 90' lang='lat' dir='ltr'><strong>et</strong></span> <span class='ocrx_word' id='word_1_151' title='bbox 1006 2141 1102 2230; x_wconf 88' lang='lat' dir='ltr'><strong>dapes</strong></span> <span class='ocrx_word' id='word_1_152' title='bbox 1125 2142 1335 2229; x_wconf 74' lang='lat' dir='ltr'><strong>exquisitiu-</strong></span> 
     </span>
     <span class='ocr_line' id='line_1_19' title="bbox 162 2244 1334 2333; baseline 0.003 -20"><span class='ocrx_word' id='word_1_153' title='bbox 162 2266 233 2313; x_wconf 88' lang='lat' dir='ltr'><strong>mas</strong></span> <span class='ocrx_word' id='word_1_154' title='bbox 255 2255 411 2333; x_wconf 84' lang='lat' dir='ltr'><strong>apponat,</strong></span> <span class='ocrx_word' id='word_1_155' title='bbox 447 2247 479 2310; x_wconf 89' lang='lat' dir='ltr'><strong>in</strong></span> <span class='ocrx_word' id='word_1_156' title='bbox 507 2244 624 2330; x_wconf 88' lang='lat' dir='ltr'><strong>quihus</strong></span> <span class='ocrx_word' id='word_1_157' title='bbox 646 2264 686 2311; x_wconf 93' lang='lat' dir='ltr'><strong>nc</strong></span> <span class='ocrx_word' id='word_1_158' title='bbox 711 2246 793 2312; x_wconf 86' lang='lat' dir='ltr'><strong>mica</strong></span> <span class='ocrx_word' id='word_1_159' title='bbox 817 2247 947 2333; x_wconf 85' lang='lat' dir='ltr'><strong>quidem</strong></span> <span class='ocrx_word' id='word_1_160' title='bbox 970 2247 1013 2313; x_wconf 89' lang='lat' dir='ltr'><strong>sit</strong></span> <span class='ocrx_word' id='word_1_161' title='bbox 1043 2247 1131 2314; x_wconf 84' lang='lat' dir='ltr'><strong>salis.</strong></span> <span class='ocrx_word' id='word_1_162' title='bbox 1180 2248 1269 2317; x_wconf 78' lang='lat' dir='ltr'><strong>llaec</strong></span> <span class='ocrx_word' id='word_1_163' title='bbox 1292 2254 1334 2316; x_wconf 77' lang='lat' dir='ltr'><strong>cti</strong></span> 
     </span>
     <span class='ocr_line' id='line_1_20' title="bbox 164 2349 1334 2438; baseline 0.003 -20"><span class='ocrx_word' id='word_1_164' title='bbox 164 2353 265 2438; x_wconf 79' lang='lat' dir='ltr'><strong>igitur</strong></span> <span class='ocrx_word' id='word_1_165' title='bbox 289 2350 390 2435; x_wconf 80' lang='lat' dir='ltr'><strong>ignoti</strong></span> <span class='ocrx_word' id='word_1_166' title='bbox 421 2349 631 2417; x_wconf 83' lang='lat' dir='ltr'><strong>Grammatici</strong></span> <span class='ocrx_word' id='word_1_167' title='bbox 653 2351 837 2418; x_wconf 71' lang='lat' dir='ltr'><strong>cunctatim</strong></span> <span class='ocrx_word' id='word_1_168' title='bbox 870 2351 922 2418; x_wconf 75' lang='lat' dir='ltr'><strong>ini</strong></span> <span class='ocrx_word' id='word_1_169' title='bbox 944 2352 979 2418; x_wconf 77' lang='grc' dir='ltr'><strong>τὸ</strong></span> <span class='ocrx_word' id='word_1_170' title='bbox 1004 2352 1139 2428; x_wconf 77' lang='grc' dir='ltr'><em>δοῖπετὲς</em></span> <span class='ocrx_word' id='word_1_171' title='bbox 1162 2350 1334 2421; x_wconf 61' lang='grc' dir='ltr'><strong>Παλλάδιον</strong></span> 
     </span>
     <span class='ocr_line' id='line_1_21' title="bbox 163 2455 1332 2546; baseline 0.004 -24"><span class='ocrx_word' id='word_1_172' title='bbox 163 2464 241 2542; x_wconf 74' lang='grc' dir='ltr'><strong>φησι</strong></span> <span class='ocrx_word' id='word_1_173' title='bbox 258 2458 294 2522; x_wconf 79' lang='grc' dir='ltr'><strong>τὸ</strong></span> <span class='ocrx_word' id='word_1_174' title='bbox 306 2459 369 2522; x_wconf 72' lang='grc' dir='ltr'><strong>ἀπὸ</strong></span> <span class='ocrx_word' id='word_1_175' title='bbox 389 2455 512 2536; x_wconf 71' lang='grc' dir='ltr'><strong>Τροίοος.</strong></span> <span class='ocrx_word' id='word_1_176' title='bbox 536 2461 574 2521; x_wconf 81' lang='grc' dir='ltr'>Ὀ</span> <span class='ocrx_word' id='word_1_177' title='bbox 587 2456 651 2537; x_wconf 73' lang='grc' dir='ltr'><strong>γὰρ</strong></span> <span class='ocrx_word' id='word_1_178' title='bbox 663 2456 847 2537; x_wconf 73' lang='grc' dir='ltr'><strong><em>Δημόφιλος</em></strong></span> <span class='ocrx_word' id='word_1_179' title='bbox 867 2457 987 2546; x_wconf 87' lang='lat' dir='ltr'><strong>(veram</strong></span> <span class='ocrx_word' id='word_1_180' title='bbox 1001 2455 1171 2525; x_wconf 87' lang='lat' dir='ltr'><strong>lcciionem</strong></span> <span class='ocrx_word' id='word_1_181' title='bbox 1185 2464 1332 2544; x_wconf 69' lang='grc' dir='ltr'><strong><em>Δημοφύ</em></strong></span> 
     </span>
     <span class='ocr_line' id='line_1_22' title="bbox 164 2561 1331 2649; baseline 0.005 -24"><span class='ocrx_word' id='word_1_182' title='bbox 164 2563 226 2627; x_wconf 79' lang='lat' dir='ltr'><strong>viri</strong></span> <span class='ocrx_word' id='word_1_183' title='bbox 249 2561 333 2627; x_wconf 90' lang='lat' dir='ltr'><strong>docti</strong></span> <span class='ocrx_word' id='word_1_184' title='bbox 356 2568 443 2626; x_wconf 86' lang='lat' dir='ltr'><strong>recte</strong></span> <span class='ocrx_word' id='word_1_185' title='bbox 477 2561 701 2649; x_wconf 87' lang='lat' dir='ltr'><strong>reposuerunt)</strong></span> <span class='ocrx_word' id='word_1_186' title='bbox 726 2563 813 2644; x_wconf 77' lang='grc' dir='ltr'><strong><em>πυροὶ</em></strong></span> <span class='ocrx_word' id='word_1_187' title='bbox 840 2562 1009 2642; x_wconf 71' lang='grc' dir='ltr'><strong><em>Διομήδους</em></strong></span> <span class='ocrx_word' id='word_1_188' title='bbox 1041 2562 1192 2644; x_wconf 55' lang='lat' dir='ltr'><strong>ensem</strong></span> <span class='ocrx_word' id='word_1_189' title='bbox 1217 2566 1261 2640; x_wconf 72' lang='lat' dir='ltr'><strong>eie</strong></span> <span class='ocrx_word' id='word_1_190' title='bbox 1286 2566 1331 2641; x_wconf 74' lang='lat' dir='ltr'><strong>rh</strong></span> 
     </span>
     <span class='ocr_line' id='line_1_23' title="bbox 164 2666 1330 2753; baseline 0.003 -19"><span class='ocrx_word' id='word_1_191' title='bbox 164 2668 255 2734; x_wconf 76' lang='grc' dir='ltr'><strong><em>πόλου</em></strong></span> <span class='ocrx_word' id='word_1_192' title='bbox 281 2668 427 2745; x_wconf 68' lang='grc' dir='ltr'><strong>ἤγαγεν,</strong></span> <span class='ocrx_word' id='word_1_193' title='bbox 461 2667 500 2738; x_wconf 80' lang='grc' dir='ltr'><strong>ὥς</strong></span> <span class='ocrx_word' id='word_1_194' title='bbox 531 2666 652 2740; x_wconf 74' lang='lat' dir='ltr'><strong>Aueiae</strong></span> <span class='ocrx_word' id='word_1_195' title='bbox 687 2668 726 2732; x_wconf 81' lang='grc' dir='ltr'><strong>ἐν</strong></span> <span class='ocrx_word' id='word_1_196' title='bbox 753 2670 803 2750; x_wconf 77' lang='grc' dir='ltr'><strong>τῷ</strong></span> <span class='ocrx_word' id='word_1_197' title='bbox 843 2668 935 2751; x_wconf 79' lang='grc' dir='ltr'>ὑπὲρ</span> <span class='ocrx_word' id='word_1_198' title='bbox 979 2667 1224 2750; x_wconf 71' lang='grc' dir='ltr'><strong><em>Σωκράτους</em></strong></span> <span class='ocrx_word' id='word_1_199' title='bbox 1254 2672 1330 2753; x_wconf 73' lang='lat' dir='ltr'><strong>rplc</strong></span> 
     </span>
     <span class='ocr_line' id='line_1_24' title="bbox 163 2769 1330 2857; baseline 0.001 -17"><span class='ocrx_word' id='word_1_200' title='bbox 163 2771 412 2855; x_wconf 66' lang='grc' dir='ltr'><strong><em>Πολυκράτην</em></strong></span> <span class='ocrx_word' id='word_1_201' title='bbox 447 2769 559 2852; x_wconf 73' lang='grc' dir='ltr'><strong>λόγῳ.</strong></span> <span class='ocrx_word' id='word_1_202' title='bbox 605 2771 739 2857; x_wconf 81' lang='lat' dir='ltr'><strong>Legitur</strong></span> <span class='ocrx_word' id='word_1_203' title='bbox 771 2772 830 2838; x_wconf 89' lang='lat' dir='ltr'><strong>hoc</strong></span> <span class='ocrx_word' id='word_1_204' title='bbox 860 2773 1017 2840; x_wconf 89' lang='lat' dir='ltr'><strong>disertum</strong></span> <span class='ocrx_word' id='word_1_205' title='bbox 1051 2775 1276 2843; x_wconf 88' lang='lat' dir='ltr'><strong>testimonium</strong></span> <span class='ocrx_word' id='word_1_206' title='bbox 1304 2775 1330 2841; x_wconf 86' lang='lat' dir='ltr'><strong>n</strong></span> 
     </span>
     <span class='ocr_line' id='line_1_25' title="bbox 165 2875 1329 2965; baseline 0.001 -19"><span class='ocrx_word' id='word_1_207' title='bbox 165 2877 301 2946; x_wconf 86' lang='lat' dir='ltr'><strong>Scholiis</strong></span> <span class='ocrx_word' id='word_1_208' title='bbox 322 2875 362 2943; x_wconf 86' lang='lat' dir='ltr'><strong>ad</strong></span> <span class='ocrx_word' id='word_1_209' title='bbox 395 2875 547 2942; x_wconf 83' lang='lat' dir='ltr'><strong>Aristidis</strong></span> <span class='ocrx_word' id='word_1_210' title='bbox 571 2875 745 2943; x_wconf 88' lang='lat' dir='ltr'><strong>Panathcu.</strong></span> <span class='ocrx_word' id='word_1_211' title='bbox 778 2879 810 2944; x_wconf 90' lang='lat' dir='ltr'><strong>in</strong></span> <span class='ocrx_word' id='word_1_212' title='bbox 842 2877 909 2943; x_wconf 90' lang='lat' dir='ltr'><strong>Vol.</strong></span> <span class='ocrx_word' id='word_1_213' title='bbox 930 2877 988 2948; x_wconf 91' lang='lat' dir='ltr'><strong>lll.</strong></span> <span class='ocrx_word' id='word_1_214' title='bbox 1012 2898 1043 2965; x_wconf 93' lang='lat' dir='ltr'><strong>p.</strong></span> <span class='ocrx_word' id='word_1_215' title='bbox 1061 2882 1139 2944; x_wconf 74' lang='lat'><strong>520.</strong></span> <span class='ocrx_word' id='word_1_216' title='bbox 1165 2878 1261 2946; x_wconf 86' lang='lat' dir='ltr'><strong>Dind.</strong></span> <span class='ocrx_word' id='word_1_217' title='bbox 1283 2878 1329 2947; x_wconf 80' lang='lat' dir='ltr'><strong>&#39;le-</strong></span> 
     </span>
     <span class='ocr_line' id='line_1_26' title="bbox 163 2980 1328 3070; baseline 0.001 -20"><span class='ocrx_word' id='word_1_218' title='bbox 163 3003 279 3051; x_wconf 90' lang='lat' dir='ltr'><strong>nemus</strong></span> <span class='ocrx_word' id='word_1_219' title='bbox 313 3003 399 3049; x_wconf 79' lang='lat' dir='ltr'><strong>niune</strong></span> <span class='ocrx_word' id='word_1_220' title='bbox 431 3001 546 3048; x_wconf 83' lang='lat' dir='ltr'><strong>nouam</strong></span> <span class='ocrx_word' id='word_1_221' title='bbox 581 2980 725 3048; x_wconf 80' lang='lat' dir='ltr'><strong>fraudem</strong></span> <span class='ocrx_word' id='word_1_222' title='bbox 751 3002 884 3060; x_wconf 89' lang='lat' dir='ltr'><strong>corum,</strong></span> <span class='ocrx_word' id='word_1_223' title='bbox 909 2985 964 3069; x_wconf 85' lang='lat' dir='ltr'><strong>qui</strong></span> <span class='ocrx_word' id='word_1_224' title='bbox 989 2984 1174 3070; x_wconf 84' lang='lat' dir='ltr'><strong>principum</strong></span> <span class='ocrx_word' id='word_1_225' title='bbox 1199 2986 1328 3051; x_wconf 81' lang='lat' dir='ltr'><strong>virorun</strong></span> 
     </span>
     <span class='ocr_line' id='line_1_27' title="bbox 163 3086 1328 3174; baseline 0.002 -19"><span class='ocrx_word' id='word_1_226' title='bbox 163 3091 247 3155; x_wconf 85' lang='lat' dir='ltr'><strong>uitas</strong></span> <span class='ocrx_word' id='word_1_227' title='bbox 269 3088 459 3155; x_wconf 87' lang='lat' dir='ltr'><strong>commentis</strong></span> <span class='ocrx_word' id='word_1_228' title='bbox 482 3088 721 3174; x_wconf 87' lang='lat' dir='ltr'><strong>mendaciisque</strong></span> <span class='ocrx_word' id='word_1_229' title='bbox 744 3088 1017 3154; x_wconf 86' lang='lat' dir='ltr'><strong>contaminarunt.</strong></span> <span class='ocrx_word' id='word_1_230' title='bbox 1064 3086 1328 3169; x_wconf 73' lang='lat' dir='ltr'><strong>Quemadmodum</strong></span> 
     </span>
     <span class='ocr_line' id='line_1_28' title="bbox 162 3192 1329 3285; baseline 0 -23"><span class='ocrx_word' id='word_1_231' title='bbox 162 3194 407 3281; x_wconf 85' lang='lat' dir='ltr'><strong>Aristophanem</strong></span> <span class='ocrx_word' id='word_1_232' title='bbox 430 3213 448 3259; x_wconf 86' lang='lat' dir='ltr'><strong>a</strong></span> <span class='ocrx_word' id='word_1_233' title='bbox 471 3192 584 3260; x_wconf 84' lang='lat' dir='ltr'><strong>lileletc</strong></span> <span class='ocrx_word' id='word_1_234' title='bbox 602 3194 792 3279; x_wconf 81' lang='lat' dir='ltr'><strong>instigatum</strong></span> <span class='ocrx_word' id='word_1_235' title='bbox 814 3213 882 3261; x_wconf 91' lang='lat' dir='ltr'><strong>esse</strong></span> <span class='ocrx_word' id='word_1_236' title='bbox 904 3192 1064 3261; x_wconf 85' lang='lat' dir='ltr'><strong>linxerunt</strong></span> <span class='ocrx_word' id='word_1_237' title='bbox 1087 3202 1119 3259; x_wconf 91' lang='lat' dir='ltr'><strong>et</strong></span> <span class='ocrx_word' id='word_1_238' title='bbox 1142 3193 1329 3285; x_wconf 75' lang='lat' dir='ltr'><strong>Polycraten</strong></span> 
     </span>
     <span class='ocr_line' id='line_1_29' title="bbox 162 3297 1329 3391; baseline -0.002 -22"><span class='ocrx_word' id='word_1_239' title='bbox 162 3304 269 3389; x_wconf 85' lang='lat' dir='ltr'><strong>Anyto</strong></span> <span class='ocrx_word' id='word_1_240' title='bbox 292 3300 467 3366; x_wconf 90' lang='lat' dir='ltr'><strong>orationem</strong></span> <span class='ocrx_word' id='word_1_241' title='bbox 499 3297 646 3365; x_wconf 88' lang='lat' dir='ltr'><strong>mercede</strong></span> <span class='ocrx_word' id='word_1_242' title='bbox 676 3299 928 3385; x_wconf 87' lang='lat' dir='ltr'><strong>conscripsisse,</strong></span> <span class='ocrx_word' id='word_1_243' title='bbox 952 3299 1041 3365; x_wconf 87' lang='lat' dir='ltr'><strong>sica</strong></span> <span class='ocrx_word' id='word_1_244' title='bbox 1066 3297 1201 3366; x_wconf 88' lang='lat' dir='ltr'><strong>Socrate</strong></span> <span class='ocrx_word' id='word_1_245' title='bbox 1235 3299 1329 3391; x_wconf 70' lang='lat' dir='ltr'><strong>tysis</strong></span> 
     </span>
     <span class='ocr_line' id='line_1_30' title="bbox 162 3402 1327 3494; baseline -0.003 -21"><span class='ocrx_word' id='word_1_246' title='bbox 162 3427 236 3473; x_wconf 85' lang='lat' dir='ltr'><strong>cum</strong></span> <span class='ocrx_word' id='word_1_247' title='bbox 260 3405 435 3471; x_wconf 88' lang='lat' dir='ltr'><strong>orationem</strong></span> <span class='ocrx_word' id='word_1_248' title='bbox 459 3411 492 3469; x_wconf 96' lang='lat' dir='ltr'><strong>et</strong></span> <span class='ocrx_word' id='word_1_249' title='bbox 515 3402 629 3470; x_wconf 88' lang='lat' dir='ltr'><strong>lectam</strong></span> <span class='ocrx_word' id='word_1_250' title='bbox 652 3412 685 3471; x_wconf 89' lang='lat' dir='ltr'><strong>et</strong></span> <span class='ocrx_word' id='word_1_251' title='bbox 707 3403 920 3491; x_wconf 87' lang='lat' dir='ltr'><strong>improbatam</strong></span> <span class='ocrx_word' id='word_1_252' title='bbox 945 3404 1162 3471; x_wconf 89' lang='lat' dir='ltr'><strong>mentiuntur.</strong></span> <span class='ocrx_word' id='word_1_253' title='bbox 1212 3405 1327 3494; x_wconf 78' lang='lat' dir='ltr'><strong>lysirn</strong></span> 
     </span>
     <span class='ocr_line' id='line_1_31' title="bbox 163 3509 1327 3596; baseline -0.003 -19"><span class='ocrx_word' id='word_1_254' title='bbox 163 3511 258 3578; x_wconf 88' lang='lat' dir='ltr'><strong>multi</strong></span> <span class='ocrx_word' id='word_1_255' title='bbox 288 3516 440 3587; x_wconf 86' lang='lat' dir='ltr'><strong>narrant,</strong></span> <span class='ocrx_word' id='word_1_256' title='bbox 472 3528 608 3595; x_wconf 85' lang='lat' dir='ltr'><strong>quorum</strong></span> <span class='ocrx_word' id='word_1_257' title='bbox 639 3510 885 3596; x_wconf 86' lang='lat' dir='ltr'><strong>antiquissimus</strong></span> <span class='ocrx_word' id='word_1_258' title='bbox 919 3509 1010 3575; x_wconf 84' lang='lat' dir='ltr'><strong>testis</strong></span> <span class='ocrx_word' id='word_1_259' title='bbox 1040 3515 1090 3575; x_wconf 90' lang='lat' dir='ltr'><strong>est</strong></span> <span class='ocrx_word' id='word_1_260' title='bbox 1123 3509 1327 3576; x_wconf 82' lang='lat' dir='ltr'><strong>llomsncmn</strong></span> 
     </span>
     <span class='ocr_line' id='line_1_32' title="bbox 162 3610 1328 3700; baseline -0.004 -16"><span class='ocrx_word' id='word_1_261' title='bbox 162 3618 273 3684; x_wconf 83' lang='lat' dir='ltr'><strong>Cicero</strong></span> <span class='ocrx_word' id='word_1_262' title='bbox 296 3615 335 3681; x_wconf 93' lang='lat' dir='ltr'><strong>de</strong></span> <span class='ocrx_word' id='word_1_263' title='bbox 357 3611 444 3680; x_wconf 87' lang='lat' dir='ltr'><strong>Orat.</strong></span> <span class='ocrx_word' id='word_1_264' title='bbox 463 3613 486 3679; x_wconf 94' lang='lat' dir='ltr'><strong>l.</strong></span> <span class='ocrx_word' id='word_1_265' title='bbox 512 3619 566 3680; x_wconf 76' lang='lat'><strong>54.</strong></span> <span class='ocrx_word' id='word_1_266' title='bbox 598 3615 790 3682; x_wconf 87' lang='lat' dir='ltr'><strong>Graecorum</strong></span> <span class='ocrx_word' id='word_1_267' title='bbox 812 3613 969 3700; x_wconf 84' lang='lat' dir='ltr'><strong>Diogenes</strong></span> <span class='ocrx_word' id='word_1_268' title='bbox 992 3614 1098 3680; x_wconf 83' lang='lat' dir='ltr'><strong>Laert.</strong></span> <span class='ocrx_word' id='word_1_269' title='bbox 1120 3612 1161 3679; x_wconf 92' lang='lat' dir='ltr'><strong>ll.</strong></span> <span class='ocrx_word' id='word_1_270' title='bbox 1187 3618 1242 3682; x_wconf 80' lang='lat'><strong>40.</strong></span> <span class='ocrx_word' id='word_1_271' title='bbox 1265 3610 1328 3681; x_wconf 86' lang='lat' dir='ltr'><strong>scri·</strong></span> 
     </span>
    </p>
   </div>
   <div class='ocr_carea' id='block_1_3' title="bbox 161 3717 1372 4442">
    <p class='ocr_par' dir='ltr' id='par_1_3' title="bbox 161 3717 1372 4442">
     <span class='ocr_line' id='line_1_33' title="bbox 163 3717 1328 3811; baseline -0.003 -22"><span class='ocrx_word' id='word_1_272' title='bbox 163 3732 251 3811; x_wconf 89' lang='lat' dir='ltr'><strong>ptam</strong></span> <span class='ocrx_word' id='word_1_273' title='bbox 272 3721 449 3786; x_wconf 85' lang='lat' dir='ltr'><strong>orationem</strong></span> <span class='ocrx_word' id='word_1_274' title='bbox 472 3718 594 3786; x_wconf 85' lang='lat' dir='ltr'><strong>Socrati</strong></span> <span class='ocrx_word' id='word_1_275' title='bbox 617 3719 763 3786; x_wconf 83' lang='lat' dir='ltr'><strong>attulisse</strong></span> <span class='ocrx_word' id='word_1_276' title='bbox 784 3739 900 3805; x_wconf 85' lang='lat' dir='ltr'><strong>quarn,</strong></span> <span class='ocrx_word' id='word_1_277' title='bbox 918 3720 945 3784; x_wconf 92' lang='lat' dir='ltr'><strong>si</strong></span> <span class='ocrx_word' id='word_1_278' title='bbox 963 3720 993 3785; x_wconf 89' lang='lat' dir='ltr'><strong>ei</strong></span> <span class='ocrx_word' id='word_1_279' title='bbox 1016 3717 1200 3797; x_wconf 85' lang='lat' dir='ltr'><strong>videretur,</strong></span> <span class='ocrx_word' id='word_1_280' title='bbox 1224 3717 1328 3786; x_wconf 80' lang='lat' dir='ltr'><strong>edisce·</strong></span> 
     </span>
     <span class='ocr_line' id='line_1_34' title="bbox 162 3824 1328 3913; baseline -0.004 -17"><span class='ocrx_word' id='word_1_281' title='bbox 162 3836 232 3907; x_wconf 89' lang='lat' dir='ltr'><strong>ret,</strong></span> <span class='ocrx_word' id='word_1_282' title='bbox 255 3834 292 3893; x_wconf 93' lang='lat' dir='ltr'><strong>ut</strong></span> <span class='ocrx_word' id='word_1_283' title='bbox 320 3846 356 3892; x_wconf 85' lang='lat' dir='ltr'><strong>ea</strong></span> <span class='ocrx_word' id='word_1_284' title='bbox 380 3845 438 3912; x_wconf 92' lang='lat' dir='ltr'><strong>pro</strong></span> <span class='ocrx_word' id='word_1_285' title='bbox 461 3845 494 3891; x_wconf 90' lang='lat' dir='ltr'><strong>se</strong></span> <span class='ocrx_word' id='word_1_286' title='bbox 523 3826 555 3889; x_wconf 92' lang='lat' dir='ltr'><strong>in</strong></span> <span class='ocrx_word' id='word_1_287' title='bbox 581 3824 700 3891; x_wconf 89' lang='lat' dir='ltr'><strong>iudicio</strong></span> <span class='ocrx_word' id='word_1_288' title='bbox 723 3832 880 3891; x_wconf 88' lang='lat' dir='ltr'><strong>uteretur.</strong></span> <span class='ocrx_word' id='word_1_289' title='bbox 930 3824 1179 3911; x_wconf 78' lang='lat' dir='ltr'><strong>Exspectasset,</strong></span> <span class='ocrx_word' id='word_1_290' title='bbox 1210 3826 1328 3913; x_wconf 86' lang='lat' dir='ltr'><strong>opinor,</strong></span> 
     </span>
     <span class='ocr_line' id='line_1_35' title="bbox 162 3928 1327 4024; baseline -0.007 -22"><span class='ocrx_word' id='word_1_291' title='bbox 162 3935 274 4024; x_wconf 76' lang='lat' dir='ltr'><strong>Lysias</strong></span> <span class='ocrx_word' id='word_1_292' title='bbox 299 3931 398 3998; x_wconf 92' lang='lat' dir='ltr'><strong>donec</strong></span> <span class='ocrx_word' id='word_1_293' title='bbox 426 3932 595 4007; x_wconf 86' lang='lat' dir='ltr'><strong>Socrates,</strong></span> <span class='ocrx_word' id='word_1_294' title='bbox 627 3950 721 4017; x_wconf 83' lang='lat' dir='ltr'><strong>quern</strong></span> <span class='ocrx_word' id='word_1_295' title='bbox 757 3929 901 3995; x_wconf 88' lang='lat' dir='ltr'><strong>sciebant</strong></span> <span class='ocrx_word' id='word_1_296' title='bbox 933 3948 1044 3995; x_wconf 89' lang='lat' dir='ltr'><strong>omnes</strong></span> <span class='ocrx_word' id='word_1_297' title='bbox 1071 3928 1327 3997; x_wconf 81' lang='lat' dir='ltr'><strong>iocundissimum</strong></span> 
     </span>
     <span class='ocr_line' id='line_1_36' title="bbox 161 4035 1328 4117; baseline -0.001 -11"><span class='ocrx_word' id='word_1_298' title='bbox 161 4042 377 4113; x_wconf 67' lang='lat' dir='ltr'><strong>circuisse,</strong></span> <span class='ocrx_word' id='word_1_299' title='bbox 401 4035 453 4102; x_wconf 79' lang='grc' dir='ltr'><strong><em>κοοὶ</em></strong></span> <span class='ocrx_word' id='word_1_300' title='bbox 484 4044 548 4109; x_wconf 76' lang='grc' dir='ltr'><strong>τοῖς</strong></span> <span class='ocrx_word' id='word_1_301' title='bbox 569 4035 797 4115; x_wconf 76' lang='grc' dir='ltr'><strong><em>δουλεγομέυοοο</em></strong></span> <span class='ocrx_word' id='word_1_302' title='bbox 823 4037 908 4117; x_wconf 56' lang='lat' dir='ltr'><strong>adripi</strong></span> <span class='ocrx_word' id='word_1_303' title='bbox 935 4038 1014 4101; x_wconf 80' lang='grc' dir='ltr'><strong><em>πῖοοο</em></strong></span> <span class='ocrx_word' id='word_1_304' title='bbox 1038 4035 1196 4117; x_wconf 74' lang='grc' dir='ltr'><strong>χρώμενον</strong></span> <span class='ocrx_word' id='word_1_305' title='bbox 1220 4038 1253 4103; x_wconf 81' lang='grc' dir='ltr'><strong>ἒυ</strong></span> <span class='ocrx_word' id='word_1_306' title='bbox 1277 4040 1328 4106; x_wconf 65' lang='grc' dir='ltr'><strong>τοῖς</strong></span> 
     </span>
     <span class='ocr_line' id='line_1_37' title="bbox 162 4138 1329 4231; baseline -0.008 -19"><span class='ocrx_word' id='word_1_307' title='bbox 162 4146 266 4225; x_wconf 72' lang='grc' dir='ltr'><strong><em>λόγους</em></strong></span> <span class='ocrx_word' id='word_1_308' title='bbox 294 4141 374 4216; x_wconf 77' lang='grc' dir='ltr'><strong>ὅπως</strong></span> <span class='ocrx_word' id='word_1_309' title='bbox 407 4141 549 4222; x_wconf 77' lang='grc' dir='ltr'><strong><em>βούλοιτο</em></strong></span> <span class='ocrx_word' id='word_1_310' title='bbox 581 4139 735 4231; x_wconf 83' lang='lat' dir='ltr'><strong>(Xenoph.</strong></span> <span class='ocrx_word' id='word_1_311' title='bbox 769 4139 897 4208; x_wconf 80' lang='lat' dir='ltr'><strong>Memor.</strong></span> <span class='ocrx_word' id='word_1_312' title='bbox 922 4140 1005 4207; x_wconf 87' lang='lat' dir='ltr'><strong>l.11.</strong></span> <span class='ocrx_word' id='word_1_313' title='bbox 1032 4140 1109 4228; x_wconf 82' lang='lat'><strong>14),</strong></span> <span class='ocrx_word' id='word_1_314' title='bbox 1143 4140 1199 4207; x_wconf 81' lang='lat' dir='ltr'><strong>teti</strong></span> <span class='ocrx_word' id='word_1_315' title='bbox 1223 4138 1329 4209; x_wconf 85' lang='lat' dir='ltr'><strong>auxillo</strong></span> 
     </span>
     <span class='ocr_line' id='line_1_38' title="bbox 162 4245 1372 4332; baseline -0.004 -15"><span class='ocrx_word' id='word_1_316' title='bbox 162 4270 196 4317; x_wconf 89' lang='lat' dir='ltr'><strong>sc</strong></span> <span class='ocrx_word' id='word_1_317' title='bbox 218 4267 352 4317; x_wconf 86' lang='lat' dir='ltr'><strong>usurum</strong></span> <span class='ocrx_word' id='word_1_318' title='bbox 382 4266 451 4313; x_wconf 88' lang='lat' dir='ltr'><strong>esse</strong></span> <span class='ocrx_word' id='word_1_319' title='bbox 473 4245 693 4332; x_wconf 86' lang='lat' dir='ltr'><strong>aliquomodo</strong></span> <span class='ocrx_word' id='word_1_320' title='bbox 716 4246 942 4331; x_wconf 83' lang='lat' dir='ltr'><strong>significasset.</strong></span> <span class='ocrx_word' id='word_1_321' title='bbox 989 4246 1247 4314; x_wconf 82' lang='lat' dir='ltr'><strong>Disertissimuin</strong></span> <span class='ocrx_word' id='word_1_322' title='bbox 1271 4260 1330 4312; x_wconf 80' lang='lat' dir='ltr'><strong>csso</strong></span> <span class='ocrx_word' id='word_1_323' title='bbox 1370 4252 1372 4293; x_wconf 77' lang='lat'>³</span> 
     </span>
     <span class='ocr_line' id='line_1_39' title="bbox 164 4350 1329 4442; baseline -0.006 -21"><span class='ocrx_word' id='word_1_324' title='bbox 164 4354 326 4421; x_wconf 77' lang='lat' dir='ltr'><strong>Socratem</strong></span> <span class='ocrx_word' id='word_1_325' title='bbox 348 4361 548 4421; x_wconf 82' lang='lat' dir='ltr'><strong>accusatores</strong></span> <span class='ocrx_word' id='word_1_326' title='bbox 561 4351 658 4439; x_wconf 91' lang='lat' dir='ltr'><strong>prohc</strong></span> <span class='ocrx_word' id='word_1_327' title='bbox 679 4350 832 4421; x_wconf 88' lang='lat' dir='ltr'><strong>scichant.</strong></span> <span class='ocrx_word' id='word_1_328' title='bbox 868 4353 956 4420; x_wconf 85' lang='lat' dir='ltr'><strong>Pluto</strong></span> <span class='ocrx_word' id='word_1_329' title='bbox 980 4353 1012 4419; x_wconf 90' lang='lat' dir='ltr'><strong>in</strong></span> <span class='ocrx_word' id='word_1_330' title='bbox 1032 4352 1163 4440; x_wconf 80' lang='lat' dir='ltr'><strong>Apolog.</strong></span> <span class='ocrx_word' id='word_1_331' title='bbox 1189 4374 1218 4442; x_wconf 92' lang='lat' dir='ltr'><strong>p.</strong></span> <span class='ocrx_word' id='word_1_332' title='bbox 1237 4358 1286 4419; x_wconf 79' lang='lat' dir='ltr'><strong>li.</strong></span> <span class='ocrx_word' id='word_1_333' title='bbox 1301 4350 1329 4417; x_wconf 85' lang='lat' dir='ltr'><strong>A.</strong></span> 
     </span>
    </p>
   </div>
   <div class='ocr_carea' id='block_1_4' title="bbox 0 0 1474 5010">
    <p class='ocr_par' dir='ltr' id='par_1_4' title="bbox 0 0 1474 5010">
     <span class='ocr_line' id='line_1_40' title="bbox 0 0 1474 5010; baseline 0 1"><span class='ocrx_word' id='word_1_334' title='bbox 0 0 1474 5010; x_wconf 95' lang='lat' dir='ltr'><strong> </strong></span> 
     </span>
    </p>
   </div>
  </div>
 </body>
</html>
