2940 5010
734 268 794 331 tal

151 438 273 516 ἄλλοις
300 441 433 514 τύλεσι,
458 439 579 522 θόρυβον
603 441 635 507 δὲ
660 442 817 522 παρέσχον
841 444 938 510 endo
968 450 1028 511 τῶν
1055 446 1222 527 τολεμύον.
1269 445 1340 514 Atia

150 548 263 613 omnia
285 546 325 614 de
351 548 569 613 Lacaenarum
593 543 667 611 lorti
690 555 721 611 et
749 548 869 613 inuicto
892 550 1000 614 animo
1022 549 1117 617 multi
1144 552 1265 619 iactare
1288 573 1340 617 so·

150 648 245 728 lent,
280 651 336 720 sed
361 652 415 719 illa
440 660 516 717 sunt
541 651 674 716 veriora.
722 651 856 719 Patetur
887 653 1081 721 Plutarchus
1104 654 1196 742 lapsu
1219 665 1340 744 tempo·

153 757 204 823 ris
225 758 386 825 Lacaenas
416 755 595 842 impudicas
626 756 728 822 lactas
760 778 830 825 esse
862 759 953 847 (Lyc.
979 758 1044 848 16.)
1079 768 1112 826 et
1135 759 1236 846 Apide
1266 782 1339 849 rcg·

154 871 255 931 nanto
291 863 461 929 avaritiam
499 871 530 928 et
561 862 721 927 luxuriam
765 863 1024 948 pessumdedisse
1066 866 1169 932 avitas
1204 868 1341 935 virtutes

154 966 247 1057 (hyn.
266 968 338 1058 30).
385 968 470 1034 llaec
502 968 610 1032 omnia
643 966 765 1033 dudum
797 980 889 1035 erant
920 972 952 1035 iu
977 971 1068 1056 peius
1092 980 1216 1038 mutata
1240 992 1340 1058 quum

113 1106 122 1121 ·
153 1072 331 1161 Xenophon
355 1093 393 1140 ex
418 1073 493 1139 Asia
519 1072 550 1136 in
575 1072 826 1158 Peloponnesum
849 1076 954 1153 venit,
983 1083 1016 1140 ot
1038 1094 1056 1140 a
1078 1077 1238 1143 maiorum
1261 1079 1341 1144 arli-

152 1176 218 1245 hus
250 1177 461 1265 degenerasse
500 1177 674 1263 Spartanos
706 1175 787 1242 vidit
821 1166 853 1245 et
885 1200 947 1245 uon
980 1182 1084 1267 potuit
1116 1179 1340 1250 dissimulare:

152 1282 404 1351 codritorum
427 1292 549 1369 quanta
571 1291 683 1348 utatur
705 1282 874 1351 verborum
896 1284 1029 1351 leuitate
1049 1293 1080 1352 et
1099 1306 1196 1373 quam
1219 1287 1341 1354 urhane

153 1388 308 1456 nonnulla
328 1391 490 1473 attingens
514 1389 618 1473 magis
640 1408 736 1475 quam
760 1391 910 1474 aperiens
930 1398 1037 1457 tamen
1062 1389 1101 1458 de
1123 1393 1257 1479 antiqua
1276 1394 1340 1458 vir·

153 1502 226 1563 tute
247 1503 359 1561 ectum
382 1514 452 1561 csse
476 1495 555 1559 satis
578 1492 776 1559 demonstret
807 1495 838 1558 iu
867 1515 938 1580 cap.
961 1495 1055 1574 xlv,
1078 1496 1172 1584 quale
1205 1497 1265 1565 hoc
1288 1509 1339 1566 est

151 1598 187 1667 in
213 1602 297 1684 §ht
330 1598 364 1677 r'm
392 1601 449 1680 μὲν
471 1598 523 1665 ὅτε
555 1599 764 1676 ἐπεμελοῦντο
788 1597 868 1673 ἔτας
898 1598 978 1677 ἄξιοι
1001 1598 1063 1669 εἷεν
1086 1605 1253 1681 ἡγεῖσθαι·
1288 1609 1340 1670 νῦν

149 1708 185 1775 δδ
207 1707 289 1773 nond
310 1710 435 1785 μᾶλλον
454 1706 735 1788 πραγματεύονται
757 1702 838 1778 ὅπως
858 1703 998 1785 ἄρξουσιν
1021 1709 1039 1784 ἢ
1063 1706 1144 1784 ύτας
1163 1707 1242 1786 ἄξιοι
1270 1712 1339 1777 τού·

149 1836 207 1881 του
229 1812 368 1879 honoror:
395 1820 540 1898 potestne
570 1814 702 1895 gravius
730 1808 938 1895 opprobrium
963 1813 1099 1898 reperiri
1131 1815 1340 1901 quanqum

151 1916 219 1985 illis
248 1916 425 1984 lenissimis
457 1915 563 1983 rerhis
600 1915 810 1981 continetur?
857 1915 1025 2003 Interponi
1054 1929 1151 2005 caput
1174 1920 1256 1986 xlv.
1291 1922 1338 1987 in·

150 2021 321 2091 commode
343 2030 376 2089 ct
397 2022 502 2088 alieno
525 2020 593 2085 loco
623 2021 726 2105 palam
750 2029 818 2096 est,
843 2020 899 2087 sed
926 2022 960 2086 in
988 2021 1070 2088 lihro
1098 2032 1165 2091 tam
1189 2024 1341 2092 mutilato

148 2138 183 2199 ct
211 2126 347 2197 disiecto
370 2128 444 2213 quis
469 2126 501 2191 id
534 2145 649 2210 riragno
679 2146 775 2212 opere
808 2126 1005 2193 urirahiturl
1053 2127 1136 2195 Sunt
1160 2131 1216 2216 qui
1240 2132 1339 2197 inter·

151 2233 295 2323 polutum
328 2253 398 2300 csse
439 2239 572 2318 putent:
609 2251 671 2296 uon
704 2231 813 2298 lerum
848 2233 934 2299 euim
972 2234 1215 2321 Xenophontem
1249 2256 1269 2303 a
1304 2255 1339 2303 so

148 2340 258 2429 ipstun
279 2339 461 2406 dissentire.
508 2338 573 2403 Cur
596 2337 657 2402 sihi
683 2357 744 2403 non
770 2347 895 2404 constet
918 2337 993 2405 dedi
1016 2360 1145 2426 operam
1174 2350 1211 2407 ut
1232 2348 1337 2407 osteu-

147 2444 272 2515 dercm.
319 2444 482 2512 Orationis
509 2442 639 2508 habitus
662 2451 696 2508 et
717 2443 805 2509 color
825 2452 914 2511 certe
943 2464 1005 2511 non
1030 2444 1176 2513 referunt
1199 2447 1339 2533 interpo-

148 2548 307 2629 latorem,
330 2550 489 2634 habetque
514 2549 541 2613 is
563 2549 631 2634 ipse
652 2548 741 2614 loeus
760 2547 824 2614 duo
846 2568 928 2615 nova
948 2549 1067 2617 iudicia
1089 2553 1224 2629 aetatis,
1248 2553 1337 2619 eirca

148 2672 247 2743 quum
270 2654 349 2722 haec
381 2657 500 2740 scripta
525 2672 596 2719 esse
618 2653 764 2738 colligas:
789 2659 840 2720 νῦν
869 2655 895 2720 δ’
914 2656 1089 2736 ἐτύςαρααι,
1115 2658 1241 2745 inquit,
1264 2660 1336 2734 τοὺς

144 2760 311 2835 δοκοῦντας
332 2763 466 2841 τούτους
490 2756 568 2824 εἶναι
592 2759 824 2832 ἐσπουδακότας
849 2763 889 2833 ὥς
912 2763 1069 2840 μηδέποτε
1096 2764 1257 2830 ταύανται
1282 2767 1335 2846 οὶρ-

94 2910 98 2917 -
143 2866 292 2951 μύζοντερ
309 2867 360 2932 ἐπὶ
383 2864 482 2942 ξένιος.
530 2864 613 2931 Num
637 2863 715 2931 haec
740 2874 812 2950 post
829 2886 950 2931 nuruum
973 2872 1049 2933 371.
1073 2876 1106 2933 et
1127 2871 1334 2937 Leuctricam

143 2970 363 3041 solennitatem
400 2971 497 3036 sorihi
529 2969 672 3055 potuisse
707 2969 826 3055 putasl
875 2971 1051 3038 Pausanias
1075 2973 1130 3040 tx.
1163 2978 1194 3040 6.
1228 2979 1259 3039 l.
1294 2977 1332 3063 (ot

144 3079 282 3159 Θηβαῖοι
304 3075 497 3156 νικήσαντες)
524 3077 553 3140 ἐν
578 3075 745 3155 Λεύκτροις
768 3076 1004 3158 ἕτοφανετούτκν
1028 3078 1111 3152 νύκνν
1132 3079 1249 3154 ὁτύσας
1279 3105 1333 3160 γε·

91 3252 97 3269 .-
142 3182 275 3265 νεμύνας
294 3181 447 3255 Ἕλλασιν
471 3179 560 3259 ἴσμεν
580 3182 649 3245 καύ’
671 3184 827 3258 Ἑλλήνων
848 3182 901 3248 καὶ
921 3183 1152 3266 δεκαδαρχίας,
1174 3181 1334 3259 ἃςΛακε·

92 3362 95 3367 ,
141 3287 292 3369 δαιμύνιοι
316 3287 495 3361 κατέςνταν
520 3287 551 3350 ἐν
573 3293 644 3359 ταῖς
674 3287 817 3364 τύλεσιν,
840 3287 982 3355 ἔταυσαν
1017 3289 1071 3354 καὶ
1093 3290 1234 3370 οὶρριοςοὶς
1261 3294 1332 3368 τοὺς

143 3390 354 3475 Σπαρτιατας
378 3389 611 3470 ἐκβάλλουσιν,
635 3400 666 3457 et
691 3391 906 3459 iterumvlll.
932 3397 985 3459 hh.
1012 3398 1054 3471 i,
1090 3393 1144 3460 uhi
1168 3395 1228 3463 hoe
1251 3398 1332 3487 Epa·

140 3497 329 3567 minondam
355 3496 469 3563 iecisse
490 3496 613 3562 scrihit.
647 3495 775 3583 Scripta
796 3505 845 3564 est
865 3501 883 3574 ἡ
906 3505 966 3565 τῶν
988 3499 1142 3566 Λακώνων
1161 3506 1329 3581 πολιτεία,

141 3612 180 3671 ut
200 3604 288 3671 inter
308 3600 478 3689 legendum
503 3600 621 3687 ubique
643 3602 785 3679 semies,
810 3601 951 3669 nondum
973 3602 1074 3670 tracta
1096 3614 1127 3673 et
1152 3607 1272 3675 afflicta
1296 3632 1332 3680 re

139 3706 322 3797 Spartana,
346 3728 446 3793 quum
467 3726 561 3772 nemo
585 3715 650 3772 tota
673 3707 808 3774 Graecia
828 3708 914 3774 illam
938 3719 1080 3796 stragem
1099 3719 1129 3777 et
1152 3716 1329 3798 perniciem

137 3812 372 3883 Ιαοκύεοιιιοιιί
399 3811 584 3898 impendere
607 3814 838 3899 suspicaretur.
887 3813 1073 3883 hletueltant
1097 3826 1212 3883 contra
1234 3818 1329 3888 Grae·

137 3920 210 3989 eloe
231 3918 340 4007 populi
373 3939 412 3984 nc
440 3917 554 4002 Sparta
579 3928 672 3983 vetus
696 3917 775 3983 illud
809 3918 982 4005 imperium
1008 3920 1172 3988 inlinitum
1196 3943 1328 4011 recupe-

137 4033 245 4093 raret:
277 4031 328 4091 νῦν
351 4026 382 4092 δὲ
417 4024 525 4089 πολλοὶ
552 4029 785 4104 παρακαλοῦσιν
817 4025 976 4101 ἀλλήλους
1000 4026 1051 4090 ἐπὶ
1080 4028 1116 4094 τδ
1148 4029 1327 4099 διακωλύειν

136 4130 233 4215 ἄρξαι
267 4130 365 4196 τύλιν
399 4130 532 4205 αὐτούς,
567 4129 673 4214 inquit
699 4129 780 4194 xlv.
809 4135 828 4194 4
860 4139 894 4195 et
927 4135 958 4198 6.
1012 4130 1189 4199 Verissime
1219 4134 1327 4204 Morus

137 4236 292 4305 admonet
324 4233 556 4302 eiusdemmodi
594 4233 848 4301 cohortationem
875 4235 908 4300 iu
942 4236 1092 4304 isocratis
1128 4240 1329 4329 Panegyrico

139 4344 268 4421 inesse,
291 4361 388 4428 quam
414 4341 589 4407 orationem
623 4360 707 4407 anno
724 4346 812 4418 580,
844 4360 957 4409 novem
980 4353 1056 4410 ante
1079 4363 1221 4431 pugnam
1245 4346 1326 4414 Leu-

1083 4456 1107 4483 ΙΙ
