<?xml version="1.0" encoding="UTF-8"?>
<!DOCTYPE html PUBLIC "-//W3C//DTD XHTML 1.0 Transitional//EN"
    "http://www.w3.org/TR/xhtml1/DTD/xhtml1-transitional.dtd">
<html xmlns="http://www.w3.org/1999/xhtml" xml:lang="en" lang="en">
 <head>
  <title>
</title>
<meta http-equiv="Content-Type" content="text/html;charset=utf-8" />
  <meta name='ocr-system' content='tesseract 3.04.00' />
  <meta name='ocr-capabilities' content='ocr_page ocr_carea ocr_par ocr_line ocrx_word'/>
</head>
<body>
  <div class='ocr_page' id='page_1' title='image "./novaelectionesq00cobegoog/novaelectionesq00cobegoog_0240.png"; bbox 0 0 2940 5010; ppageno 0'>
   <div class='ocr_carea' id='block_1_1' title="bbox 222 91 1462 3865">
    <p class='ocr_par' dir='ltr' id='par_1_1' title="bbox 222 91 1462 3865">
     <span class='ocr_line' id='line_1_1' title="bbox 265 91 1412 181; baseline -0.006 -14"><span class='ocrx_word' id='word_1_1' title='bbox 265 97 385 167; x_wconf 83' lang='lat' dir='ltr'><strong>Eodem</strong></span> <span class='ocrx_word' id='word_1_2' title='bbox 410 94 504 165; x_wconf 85' lang='lat' dir='ltr'><strong>modo</strong></span> <span class='ocrx_word' id='word_1_3' title='bbox 526 94 656 163; x_wconf 79' lang='lat' dir='ltr'><strong>rochum</strong></span> <span class='ocrx_word' id='word_1_4' title='bbox 678 91 853 179; x_wconf 86' lang='grc' dir='ltr'><strong><em>τυγχθνειν</em></strong></span> <span class='ocrx_word' id='word_1_5' title='bbox 870 101 903 163; x_wconf 85' lang='lat' dir='ltr'><strong>et</strong></span> <span class='ocrx_word' id='word_1_6' title='bbox 924 94 1045 164; x_wconf 85' lang='lat' dir='ltr'><strong>caeteri</strong></span> <span class='ocrx_word' id='word_1_7' title='bbox 1065 112 1179 165; x_wconf 83' lang='lat' dir='ltr'><strong>omnes</strong></span> <span class='ocrx_word' id='word_1_8' title='bbox 1197 110 1299 181; x_wconf 79' lang='lat' dir='ltr'><strong>caepe</strong></span> <span class='ocrx_word' id='word_1_9' title='bbox 1320 108 1412 161; x_wconf 85' lang='lat' dir='ltr'><strong>nsnr·</strong></span> 
     </span>
     <span class='ocr_line' id='line_1_2' title="bbox 222 198 1462 292; baseline -0.004 -20"><span class='ocrx_word' id='word_1_10' title='bbox 222 213 301 292; x_wconf 89' lang='lat' dir='ltr'><strong>pant</strong></span> <span class='ocrx_word' id='word_1_11' title='bbox 327 212 360 272; x_wconf 89' lang='lat' dir='ltr'><strong>et</strong></span> <span class='ocrx_word' id='word_1_12' title='bbox 380 202 569 290; x_wconf 87' lang='lat' dir='ltr'><strong>saepissimo</strong></span> <span class='ocrx_word' id='word_1_13' title='bbox 596 198 764 279; x_wconf 76' lang='lat' dir='ltr'><strong>Oratores,</strong></span> <span class='ocrx_word' id='word_1_14' title='bbox 788 220 926 288; x_wconf 83' lang='lat' dir='ltr'><strong>quornm</strong></span> <span class='ocrx_word' id='word_1_15' title='bbox 953 199 1076 288; x_wconf 87' lang='lat' dir='ltr'><strong>aliquot</strong></span> <span class='ocrx_word' id='word_1_16' title='bbox 1094 198 1182 269; x_wconf 82' lang='lat' dir='ltr'><strong>locos</strong></span> <span class='ocrx_word' id='word_1_17' title='bbox 1203 198 1412 289; x_wconf 80' lang='lat' dir='ltr'><strong>praemittam</strong></span> <span class='ocrx_word' id='word_1_18' title='bbox 1456 262 1462 281; x_wconf 91' lang='grc'><strong><em>,</em></strong></span> 
     </span>
     <span class='ocr_line' id='line_1_3' title="bbox 224 298 1462 393; baseline -0.002 -15"><span class='ocrx_word' id='word_1_19' title='bbox 224 308 393 378; x_wconf 87' lang='lat' dir='ltr'><strong>emendato</strong></span> <span class='ocrx_word' id='word_1_20' title='bbox 417 310 452 374; x_wconf 90' lang='lat' dir='ltr'><strong><em>in</em></strong></span> <span class='ocrx_word' id='word_1_21' title='bbox 475 307 567 375; x_wconf 88' lang='lat' dir='ltr'><strong>lihris</strong></span> <span class='ocrx_word' id='word_1_22' title='bbox 588 306 745 393; x_wconf 86' lang='lat' dir='ltr'><strong>scriptos,</strong></span> <span class='ocrx_word' id='word_1_23' title='bbox 769 313 807 372; x_wconf 89' lang='lat' dir='ltr'><strong><em>ut</em></strong></span> <span class='ocrx_word' id='word_1_24' title='bbox 830 324 869 374; x_wconf 82' lang='lat' dir='ltr'><strong><em>cx</em></strong></span> <span class='ocrx_word' id='word_1_25' title='bbox 892 306 933 373; x_wconf 89' lang='lat' dir='ltr'><strong><em>iis</em></strong></span> <span class='ocrx_word' id='word_1_26' title='bbox 955 306 1124 374; x_wconf 83' lang='lat' dir='ltr'><strong>restituam</strong></span> <span class='ocrx_word' id='word_1_27' title='bbox 1146 306 1251 385; x_wconf 86' lang='lat' dir='ltr'><strong>alios,</strong></span> <span class='ocrx_word' id='word_1_28' title='bbox 1274 302 1333 371; x_wconf 87' lang='lat' dir='ltr'><strong><em>uhi</em></strong></span> <span class='ocrx_word' id='word_1_29' title='bbox 1355 302 1416 375; x_wconf 79' lang='lat' dir='ltr'><strong><em>hoc</em></strong></span> <span class='ocrx_word' id='word_1_30' title='bbox 1459 298 1462 361; x_wconf 76' lang='grc' dir='ltr'>ἶ</span> 
     </span>
     <span class='ocr_line' id='line_1_4' title="bbox 224 408 1419 501; baseline -0.006 -19"><span class='ocrx_word' id='word_1_31' title='bbox 224 414 352 483; x_wconf 87' lang='lat' dir='ltr'><strong>dicendi</strong></span> <span class='ocrx_word' id='word_1_32' title='bbox 373 433 476 501; x_wconf 83' lang='lat' dir='ltr'><strong>genus</strong></span> <span class='ocrx_word' id='word_1_33' title='bbox 497 411 621 481; x_wconf 89' lang='lat' dir='ltr'><strong>scribac</strong></span> <span class='ocrx_word' id='word_1_34' title='bbox 642 410 864 499; x_wconf 88' lang='lat' dir='ltr'><strong>interpolando</strong></span> <span class='ocrx_word' id='word_1_35' title='bbox 884 409 1112 498; x_wconf 83' lang='lat' dir='ltr'><strong>depravarunt.</strong></span> <span class='ocrx_word' id='word_1_36' title='bbox 1159 410 1275 500; x_wconf 75' lang='lat' dir='ltr'><strong>Lysias</strong></span> <span class='ocrx_word' id='word_1_37' title='bbox 1296 408 1419 485; x_wconf 74' lang='lat' dir='ltr'><strong>xxiv.</strong></span> 
     </span>
     <span class='ocr_line' id='line_1_5' title="bbox 225 512 1421 602; baseline -0.002 -15"><span class='ocrx_word' id='word_1_38' title='bbox 225 525 278 587; x_wconf 72' lang='lat'><strong><em>23.</em></strong></span> <span class='ocrx_word' id='word_1_39' title='bbox 302 522 472 600; x_wconf 79' lang='grc' dir='ltr'><strong><em>μηδαμῶς,</em></strong></span> <span class='ocrx_word' id='word_1_40' title='bbox 504 517 525 584; x_wconf 82' lang='grc' dir='ltr'><em>ὦ</em></span> <span class='ocrx_word' id='word_1_41' title='bbox 549 519 666 597; x_wconf 81' lang='grc' dir='ltr'><strong><em>Βουλνί,</em></strong></span> <span class='ocrx_word' id='word_1_42' title='bbox 689 518 791 602; x_wconf 66' lang='grc' dir='ltr'><strong><em>ταύτῃ</em></strong></span> <span class='ocrx_word' id='word_1_43' title='bbox 814 518 903 594; x_wconf 81' lang='grc' dir='ltr'><strong><em>θῆσθε</em></strong></span> <span class='ocrx_word' id='word_1_44' title='bbox 926 519 982 593; x_wconf 79' lang='grc' dir='ltr'><strong><em>την</em></strong></span> <span class='ocrx_word' id='word_1_45' title='bbox 1005 524 1124 601; x_wconf 73' lang='grc' dir='ltr'><strong><em>ψῆφον.</em></strong></span> <span class='ocrx_word' id='word_1_46' title='bbox 1146 516 1198 583; x_wconf 82' lang='grc' dir='ltr'><strong><em>διθι</em></strong></span> <span class='ocrx_word' id='word_1_47' title='bbox 1227 516 1262 583; x_wconf 88' lang='grc' dir='ltr'><strong><em>τί</em></strong></span> <span class='ocrx_word' id='word_1_48' title='bbox 1283 514 1349 597; x_wconf 83' lang='grc' dir='ltr'><strong><em>γύορ</em></strong></span> <span class='ocrx_word' id='word_1_49' title='bbox 1370 512 1421 585; x_wconf 64' lang='grc' dir='ltr'><strong><em>ὃν</em></strong></span> 
     </span>
     <span class='ocr_line' id='line_1_6' title="bbox 225 620 1429 706; baseline -0.005 -15"><span class='ocrx_word' id='word_1_50' title='bbox 225 626 277 692; x_wconf 82' lang='grc' dir='ltr'><strong><em>καί</em></strong></span> <span class='ocrx_word' id='word_1_51' title='bbox 291 627 420 706; x_wconf 89' lang='grc' dir='ltr'><strong><em>τύχοιμι</em></strong></span> <span class='ocrx_word' id='word_1_52' title='bbox 433 624 574 690; x_wconf 74' lang='grc' dir='ltr'><strong><em>τοιούτων</em></strong></span> <span class='ocrx_word' id='word_1_53' title='bbox 587 626 689 704; x_wconf 80' lang='grc' dir='ltr'><strong><em>ύμῶν;</em></strong></span> <span class='ocrx_word' id='word_1_54' title='bbox 712 623 825 690; x_wconf 83' lang='lat' dir='ltr'><strong>xvlll.</strong></span> <span class='ocrx_word' id='word_1_55' title='bbox 841 626 895 688; x_wconf 73' lang='lat'><strong><em>25.</em></strong></span> <span class='ocrx_word' id='word_1_56' title='bbox 919 620 1039 697; x_wconf 89' lang='grc' dir='ltr'><strong><em>ταύτην</em></strong></span> <span class='ocrx_word' id='word_1_57' title='bbox 1051 624 1251 700; x_wconf 70' lang='grc' dir='ltr'><strong><em>ἀπαιτοῦμεν</em></strong></span> <span class='ocrx_word' id='word_1_58' title='bbox 1263 620 1347 699; x_wconf 73' lang='grc' dir='ltr'><strong><em>ὑμᾶς</em></strong></span> <span class='ocrx_word' id='word_1_59' title='bbox 1356 620 1429 701; x_wconf 63' lang='grc' dir='ltr'><strong><em>τὴν</em></strong></span> 
     </span>
     <span class='ocr_line' id='line_1_7' title="bbox 223 725 1430 814; baseline -0.002 -17"><span class='ocrx_word' id='word_1_60' title='bbox 223 729 338 814; x_wconf 86' lang='grc' dir='ltr'><strong><em>χοίριν·</em></strong></span> <span class='ocrx_word' id='word_1_61' title='bbox 362 730 407 810; x_wconf 74' lang='grc' dir='ltr'><strong><em>μη</em></strong></span> <span class='ocrx_word' id='word_1_62' title='bbox 426 731 569 810; x_wconf 74' lang='grc' dir='ltr'><strong><em>περιιδεῖν</em></strong></span> <span class='ocrx_word' id='word_1_63' title='bbox 587 734 671 809; x_wconf 76' lang='grc' dir='ltr'><strong><em>νίμῖος</em></strong></span> <span class='ocrx_word' id='word_1_64' title='bbox 689 728 808 810; x_wconf 83' lang='grc' dir='ltr'><strong><em>οίπθρως</em></strong></span> <span class='ocrx_word' id='word_1_65' title='bbox 820 727 1017 800; x_wconf 70' lang='grc' dir='ltr'><strong><em>διατεθέντας</em></strong></span> <span class='ocrx_word' id='word_1_66' title='bbox 1028 726 1175 793; x_wconf 72' lang='grc' dir='ltr'><strong><em>-ιθλλὰ</em></strong></span> <span class='ocrx_word' id='word_1_67' title='bbox 1190 725 1274 793; x_wconf 79' lang='grc' dir='ltr'><strong><em>πολὺ</em></strong></span> <span class='ocrx_word' id='word_1_68' title='bbox 1289 729 1430 805; x_wconf 73' lang='grc' dir='ltr'><strong><em>μᾶλλαν</em></strong></span> 
     </span>
     <span class='ocr_line' id='line_1_8' title="bbox 225 827 1428 917; baseline 0 -16"><span class='ocrx_word' id='word_1_69' title='bbox 225 834 434 917; x_wconf 89' lang='grc' dir='ltr'><strong><em>παροίδειγμα</em></strong></span> <span class='ocrx_word' id='word_1_70' title='bbox 463 843 586 911; x_wconf 75' lang='grc' dir='ltr'><strong><em>ποιῆσαι</em></strong></span> <span class='ocrx_word' id='word_1_71' title='bbox 616 844 679 909; x_wconf 82' lang='grc' dir='ltr'><strong><em>τοῖς</em></strong></span> <span class='ocrx_word' id='word_1_72' title='bbox 703 833 899 914; x_wconf 77' lang='grc' dir='ltr'><strong><em>βουλομένοις</em></strong></span> <span class='ocrx_word' id='word_1_73' title='bbox 930 835 985 908; x_wconf 76' lang='grc' dir='ltr'><strong><em>την</em></strong></span> <span class='ocrx_word' id='word_1_74' title='bbox 1014 832 1106 899; x_wconf 88' lang='grc' dir='ltr'><strong><em>πίλιν</em></strong></span> <span class='ocrx_word' id='word_1_75' title='bbox 1134 827 1169 899; x_wconf 82' lang='grc' dir='ltr'><strong><em>εὖ</em></strong></span> <span class='ocrx_word' id='word_1_76' title='bbox 1200 836 1321 909; x_wconf 77' lang='grc' dir='ltr'><strong><em>ποιεῖν,</em></strong></span> <span class='ocrx_word' id='word_1_77' title='bbox 1346 830 1428 901; x_wconf 63' lang='grc' dir='ltr'><strong><em>οἷον</em></strong></span> 
     </span>
     <span class='ocr_line' id='line_1_9' title="bbox 226 933 1428 1020; baseline -0.002 -14"><span class='ocrx_word' id='word_1_78' title='bbox 226 942 310 1019; x_wconf 81' lang='grc' dir='ltr'><strong><em>ὑμῶν</em></strong></span> <span class='ocrx_word' id='word_1_79' title='bbox 325 942 356 1005; x_wconf 86' lang='grc' dir='ltr'><strong><em>έν</em></strong></span> <span class='ocrx_word' id='word_1_80' title='bbox 375 947 439 1013; x_wconf 81' lang='grc' dir='ltr'><strong><em>τοῖς</em></strong></span> <span class='ocrx_word' id='word_1_81' title='bbox 456 939 599 1014; x_wconf 76' lang='grc' dir='ltr'><strong><em>κινδύνοις</em></strong></span> <span class='ocrx_word' id='word_1_82' title='bbox 615 938 796 1016; x_wconf 71' lang='grc' dir='ltr'><strong><em>τεύξονται,</em></strong></span> <span class='ocrx_word' id='word_1_83' title='bbox 819 935 851 1002; x_wconf 85' lang='lat' dir='ltr'><strong><em>id</em></strong></span> <span class='ocrx_word' id='word_1_84' title='bbox 867 933 980 1004; x_wconf 76' lang='lat' dir='ltr'><strong>estolae</strong></span> <span class='ocrx_word' id='word_1_85' title='bbox 993 937 1060 1020; x_wconf 75' lang='grc' dir='ltr'><strong><em>περὶ</em></strong></span> <span class='ocrx_word' id='word_1_86' title='bbox 1078 936 1191 1013; x_wconf 82' lang='grc' dir='ltr'><strong><em>αύτούς</em></strong></span> <span class='ocrx_word' id='word_1_87' title='bbox 1204 938 1296 1018; x_wconf 83' lang='grc' dir='ltr'><strong><em>ύμεΐς</em></strong></span> <span class='ocrx_word' id='word_1_88' title='bbox 1307 936 1428 1011; x_wconf 80' lang='grc' dir='ltr'><strong><em>ἐντοῖς</em></strong></span> 
     </span>
     <span class='ocr_line' id='line_1_10' title="bbox 225 1041 1462 1123; baseline -0.002 -12"><span class='ocrx_word' id='word_1_89' title='bbox 225 1044 369 1118; x_wconf 88' lang='grc' dir='ltr'><strong><em>κινδύνοις</em></strong></span> <span class='ocrx_word' id='word_1_90' title='bbox 389 1044 504 1110; x_wconf 80' lang='grc' dir='ltr'><strong><em>ἔσεσθε.</em></strong></span> <span class='ocrx_word' id='word_1_91' title='bbox 551 1042 731 1111; x_wconf 79' lang='lat' dir='ltr'><strong>Andocides</strong></span> <span class='ocrx_word' id='word_1_92' title='bbox 742 1042 797 1109; x_wconf 89' lang='lat' dir='ltr'><strong>lll.</strong></span> <span class='ocrx_word' id='word_1_93' title='bbox 817 1045 872 1110; x_wconf 77' lang='lat'><strong><em>21.</em></strong></span> <span class='ocrx_word' id='word_1_94' title='bbox 898 1046 970 1122; x_wconf 72' lang='grc' dir='ltr'><strong><em>ἡμῖν</em></strong></span> <span class='ocrx_word' id='word_1_95' title='bbox 986 1044 1017 1110; x_wconf 78' lang='grc' dir='ltr'><strong><em>δέ</em></strong></span> <span class='ocrx_word' id='word_1_96' title='bbox 1039 1048 1102 1117; x_wconf 78' lang='grc' dir='ltr'><strong><em>πῶς</em></strong></span> <span class='ocrx_word' id='word_1_97' title='bbox 1119 1041 1202 1120; x_wconf 72' lang='grc' dir='ltr'><strong><em>ἔξει-ι</em></strong></span> <span class='ocrx_word' id='word_1_98' title='bbox 1223 1044 1281 1119; x_wconf 73' lang='grc' dir='ltr'><strong><em>τίον</em></strong></span> <span class='ocrx_word' id='word_1_99' title='bbox 1300 1042 1426 1123; x_wconf 69' lang='lat' dir='ltr'><strong>einaim</strong></span> <span class='ocrx_word' id='word_1_100' title='bbox 1460 1085 1462 1123; x_wconf 81' lang='lat'><em>÷</em></span> 
     </span>
     <span class='ocr_line' id='line_1_11' title="bbox 226 1146 1462 1229; baseline 0 -14"><span class='ocrx_word' id='word_1_101' title='bbox 226 1150 432 1227; x_wconf 74' lang='grc' dir='ltr'><strong><em>ποιήσασθαις</em></strong></span> <span class='ocrx_word' id='word_1_102' title='bbox 458 1148 550 1215; x_wconf 90' lang='grc' dir='ltr'><strong><em>ποίων</em></strong></span> <span class='ocrx_word' id='word_1_103' title='bbox 570 1151 658 1215; x_wconf 81' lang='grc' dir='ltr'><strong><em>τινῶν</em></strong></span> <span class='ocrx_word' id='word_1_104' title='bbox 675 1147 927 1227; x_wconf 88' lang='grc' dir='ltr'><strong><em>Λακεδαιμονίων</em></strong></span> <span class='ocrx_word' id='word_1_105' title='bbox 942 1148 1186 1229; x_wconf 79' lang='grc' dir='ltr'><strong><em>τυγχνίνοντας;</em></strong></span> <span class='ocrx_word' id='word_1_106' title='bbox 1211 1146 1365 1215; x_wconf 81' lang='lat' dir='ltr'><strong>ldele.</strong></span> <span class='ocrx_word' id='word_1_107' title='bbox 1383 1148 1425 1211; x_wconf 78' lang='lat'><strong><em>2.</em></strong></span> <span class='ocrx_word' id='word_1_108' title='bbox 1459 1160 1462 1215; x_wconf 70' lang='grc' dir='ltr'>ἔ</span> 
     </span>
     <span class='ocr_line' id='line_1_12' title="bbox 225 1250 1423 1335; baseline -0.003 -16"><span class='ocrx_word' id='word_1_109' title='bbox 225 1255 369 1334; x_wconf 85' lang='grc' dir='ltr'><strong><em>μεγίςοις</em></strong></span> <span class='ocrx_word' id='word_1_110' title='bbox 393 1254 616 1335; x_wconf 78' lang='grc' dir='ltr'><strong><em>περιπέπτωκα</em></strong></span> <span class='ocrx_word' id='word_1_111' title='bbox 639 1252 782 1327; x_wconf 83' lang='grc' dir='ltr'><strong><em>κινδύνοις</em></strong></span> <span class='ocrx_word' id='word_1_112' title='bbox 811 1251 1124 1333; x_wconf 60' lang='lat' dir='ltr'><strong><em>apollinaristam}</em></strong></span> <span class='ocrx_word' id='word_1_113' title='bbox 1149 1253 1278 1331; x_wconf 80' lang='grc' dir='ltr'><strong><em>ύγαθῶν</em></strong></span> <span class='ocrx_word' id='word_1_114' title='bbox 1304 1250 1423 1333; x_wconf 73' lang='grc' dir='ltr'><strong><em>ἀνδρῶν</em></strong></span> 
     </span>
     <span class='ocr_line' id='line_1_13' title="bbox 226 1354 1421 1441; baseline 0.001 -15"><span class='ocrx_word' id='word_1_115' title='bbox 226 1361 311 1438; x_wconf 81' lang='grc' dir='ltr'><strong><em>ὑμῶν</em></strong></span> <span class='ocrx_word' id='word_1_116' title='bbox 344 1358 537 1441; x_wconf 88' lang='grc' dir='ltr'><strong><em>τυγχοίνων,</em></strong></span> <span class='ocrx_word' id='word_1_117' title='bbox 569 1357 671 1439; x_wconf 87' lang='grc' dir='ltr'><strong><em>διθπερ</em></strong></span> <span class='ocrx_word' id='word_1_118' title='bbox 706 1357 865 1440; x_wconf 83' lang='grc' dir='ltr'><strong><em>σύζομαο,</em></strong></span> <span class='ocrx_word' id='word_1_119' title='bbox 902 1358 1039 1432; x_wconf 78' lang='grc' dir='ltr'><strong><em>πλείτοις</em></strong></span> <span class='ocrx_word' id='word_1_120' title='bbox 1071 1359 1103 1425; x_wconf 81' lang='grc' dir='ltr'><strong><em>δέ</em></strong></span> <span class='ocrx_word' id='word_1_121' title='bbox 1141 1357 1195 1424; x_wconf 75' lang='grc' dir='ltr'><strong><em>καί</em></strong></span> <span class='ocrx_word' id='word_1_122' title='bbox 1230 1354 1421 1427; x_wconf 67' lang='lat' dir='ltr'><strong>neoniam</strong></span> 
     </span>
     <span class='ocr_line' id='line_1_14' title="bbox 227 1458 1421 1550; baseline -0.003 -21"><span class='ocrx_word' id='word_1_123' title='bbox 227 1465 346 1546; x_wconf 80' lang='grc' dir='ltr'><strong><em>ἐχθροῖς</em></strong></span> <span class='ocrx_word' id='word_1_124' title='bbox 373 1466 541 1545; x_wconf 70' lang='grc' dir='ltr'><strong><em>λούμενος.</em></strong></span> <span class='ocrx_word' id='word_1_125' title='bbox 590 1463 793 1550; x_wconf 84' lang='lat' dir='ltr'><strong>Quicumque</strong></span> <span class='ocrx_word' id='word_1_126' title='bbox 817 1462 900 1529; x_wconf 93' lang='lat' dir='ltr'><strong>hanc</strong></span> <span class='ocrx_word' id='word_1_127' title='bbox 931 1458 1110 1529; x_wconf 89' lang='lat' dir='ltr'><strong>orationem</strong></span> <span class='ocrx_word' id='word_1_128' title='bbox 1134 1470 1193 1529; x_wconf 86' lang='lat' dir='ltr'><strong><em>aul</em></strong></span> <span class='ocrx_word' id='word_1_129' title='bbox 1218 1460 1334 1530; x_wconf 83' lang='lat' dir='ltr'><strong>hahuit</strong></span> <span class='ocrx_word' id='word_1_130' title='bbox 1356 1462 1421 1529; x_wconf 81' lang='lat' dir='ltr'><strong><em>aut</em></strong></span> 
     </span>
     <span class='ocr_line' id='line_1_15' title="bbox 225 1560 1421 1655; baseline -0.005 -18"><span class='ocrx_word' id='word_1_131' title='bbox 225 1569 359 1655; x_wconf 79' lang='lat' dir='ltr'>scripsit</span> <span class='ocrx_word' id='word_1_132' title='bbox 392 1569 452 1635; x_wconf 91' lang='lat' dir='ltr'><strong><em>hoc</em></strong></span> <span class='ocrx_word' id='word_1_133' title='bbox 483 1568 583 1636; x_wconf 84' lang='lat' dir='ltr'><strong>dicit:</strong></span> <span class='ocrx_word' id='word_1_134' title='bbox 615 1588 709 1655; x_wconf 82' lang='lat' dir='ltr'><strong>saepe</strong></span> <span class='ocrx_word' id='word_1_135' title='bbox 740 1569 773 1633; x_wconf 90' lang='lat' dir='ltr'><strong><em>in</em></strong></span> <span class='ocrx_word' id='word_1_136' title='bbox 799 1567 929 1634; x_wconf 87' lang='lat' dir='ltr'><strong>indiciis</strong></span> <span class='ocrx_word' id='word_1_137' title='bbox 953 1568 986 1633; x_wconf 92' lang='lat' dir='ltr'><strong><em>in</em></strong></span> <span class='ocrx_word' id='word_1_138' title='bbox 1018 1568 1135 1652; x_wconf 87' lang='lat' dir='ltr'><strong>capitis</strong></span> <span class='ocrx_word' id='word_1_139' title='bbox 1162 1566 1339 1635; x_wconf 84' lang='lat' dir='ltr'><strong>discrimen</strong></span> <span class='ocrx_word' id='word_1_140' title='bbox 1359 1560 1421 1633; x_wconf 77' lang='lat' dir='ltr'><strong>etl·</strong></span> 
     </span>
     <span class='ocr_line' id='line_1_16' title="bbox 227 1668 1416 1760; baseline -0.003 -21"><span class='ocrx_word' id='word_1_141' title='bbox 227 1674 346 1739; x_wconf 85' lang='lat' dir='ltr'><strong>ductus</strong></span> <span class='ocrx_word' id='word_1_142' title='bbox 371 1694 461 1751; x_wconf 79' lang='lat' dir='ltr'><strong>suna,</strong></span> <span class='ocrx_word' id='word_1_143' title='bbox 498 1672 552 1741; x_wconf 79' lang='lat' dir='ltr'><strong>serl</strong></span> <span class='ocrx_word' id='word_1_144' title='bbox 585 1694 712 1760; x_wconf 87' lang='lat' dir='ltr'><strong>semper</strong></span> <span class='ocrx_word' id='word_1_145' title='bbox 739 1672 926 1750; x_wconf 89' lang='lat' dir='ltr'><strong>absolutus,</strong></span> <span class='ocrx_word' id='word_1_146' title='bbox 957 1669 1002 1738; x_wconf 82' lang='grc' dir='ltr'><strong><em>θ’τι</em></strong></span> <span class='ocrx_word' id='word_1_147' title='bbox 1032 1671 1179 1753; x_wconf 86' lang='grc' dir='ltr'><strong><em>πρίθυμυι</em></strong></span> <span class='ocrx_word' id='word_1_148' title='bbox 1210 1672 1266 1740; x_wconf 78' lang='grc' dir='ltr'><strong><em>καί</em></strong></span> <span class='ocrx_word' id='word_1_149' title='bbox 1300 1668 1416 1752; x_wconf 72' lang='grc' dir='ltr'><strong><em>ἀγαθοί</em></strong></span> 
     </span>
     <span class='ocr_line' id='line_1_17' title="bbox 227 1776 1417 1863; baseline -0.003 -19"><span class='ocrx_word' id='word_1_150' title='bbox 227 1778 333 1860; x_wconf 77' lang='grc' dir='ltr'><strong><em>ἄνδρες</em></strong></span> <span class='ocrx_word' id='word_1_151' title='bbox 359 1779 426 1861; x_wconf 81' lang='grc' dir='ltr'><strong><em>περὶ</em></strong></span> <span class='ocrx_word' id='word_1_152' title='bbox 459 1781 514 1859; x_wconf 81' lang='grc' dir='ltr'><strong><em>ἐμὲ</em></strong></span> <span class='ocrx_word' id='word_1_153' title='bbox 548 1779 700 1857; x_wconf 77' lang='grc' dir='ltr'><strong><em>ἐγένεσθε.</em></strong></span> <span class='ocrx_word' id='word_1_154' title='bbox 748 1780 785 1845; x_wconf 88' lang='lat' dir='ltr'><strong><em>ln</em></strong></span> <span class='ocrx_word' id='word_1_155' title='bbox 821 1776 1042 1863; x_wconf 76' lang='lat' dir='ltr'><strong>Xenophontis</strong></span> <span class='ocrx_word' id='word_1_156' title='bbox 1075 1776 1216 1844; x_wconf 79' lang='lat' dir='ltr'><strong>Anahasi</strong></span> <span class='ocrx_word' id='word_1_157' title='bbox 1238 1776 1276 1843; x_wconf 87' lang='lat' dir='ltr'><strong><em>v.</em></strong></span> <span class='ocrx_word' id='word_1_158' title='bbox 1301 1798 1332 1846; x_wconf 84' lang='lat' dir='ltr'><strong><em>v.</em></strong></span> <span class='ocrx_word' id='word_1_159' title='bbox 1357 1778 1417 1843; x_wconf 83' lang='lat' dir='ltr'><strong>lll.</strong></span> 
     </span>
     <span class='ocr_line' id='line_1_18' title="bbox 227 1878 1417 1966; baseline -0.003 -16"><span class='ocrx_word' id='word_1_160' title='bbox 227 1887 363 1966; x_wconf 76' lang='grc' dir='ltr'><strong><em>ε’ρωτοῖτε</em></strong></span> <span class='ocrx_word' id='word_1_161' title='bbox 387 1885 494 1950; x_wconf 88' lang='grc' dir='ltr'><strong><em>ύποίων</em></strong></span> <span class='ocrx_word' id='word_1_162' title='bbox 515 1892 601 1951; x_wconf 84' lang='grc' dir='ltr'><strong><em>τινῶν</em></strong></span> <span class='ocrx_word' id='word_1_163' title='bbox 627 1889 710 1964; x_wconf 75' lang='grc' dir='ltr'><strong><em>ἡμῶν</em></strong></span> <span class='ocrx_word' id='word_1_164' title='bbox 738 1883 871 1965; x_wconf 83' lang='grc' dir='ltr'><strong><em>έτιιχον,</em></strong></span> <span class='ocrx_word' id='word_1_165' title='bbox 895 1880 927 1947; x_wconf 86' lang='lat' dir='ltr'><strong><em>id</em></strong></span> <span class='ocrx_word' id='word_1_166' title='bbox 952 1891 1001 1948; x_wconf 83' lang='lat' dir='ltr'><strong>est</strong></span> <span class='ocrx_word' id='word_1_167' title='bbox 1028 1882 1124 1949; x_wconf 82' lang='grc' dir='ltr'><strong><em>θποῑοί</em></strong></span> <span class='ocrx_word' id='word_1_168' title='bbox 1155 1907 1237 1957; x_wconf 83' lang='grc' dir='ltr'><strong><em>τινες</em></strong></span> <span class='ocrx_word' id='word_1_169' title='bbox 1265 1883 1335 1966; x_wconf 73' lang='grc' dir='ltr'><strong><em>περὶ</em></strong></span> <span class='ocrx_word' id='word_1_170' title='bbox 1356 1878 1417 1949; x_wconf 72' lang='grc' dir='ltr'><strong><em>αύ-</em></strong></span> 
     </span>
     <span class='ocr_line' id='line_1_19' title="bbox 226 1984 1418 2074; baseline 0 -21"><span class='ocrx_word' id='word_1_171' title='bbox 226 1990 297 2060; x_wconf 81' lang='grc' dir='ltr'><strong><em>τούς</em></strong></span> <span class='ocrx_word' id='word_1_172' title='bbox 320 1988 498 2068; x_wconf 81' lang='grc' dir='ltr'><strong><em>ἕγενθμεθιι.</em></strong></span> <span class='ocrx_word' id='word_1_173' title='bbox 536 1988 728 2074; x_wconf 84' lang='lat' dir='ltr'><strong>llepononda</strong></span> <span class='ocrx_word' id='word_1_174' title='bbox 747 1998 796 2055; x_wconf 89' lang='lat' dir='ltr'><strong>est</strong></span> <span class='ocrx_word' id='word_1_175' title='bbox 819 1986 929 2055; x_wconf 86' lang='lat' dir='ltr'><strong>eadenr</strong></span> <span class='ocrx_word' id='word_1_176' title='bbox 952 1984 1103 2072; x_wconf 87' lang='lat' dir='ltr'><strong>loquendi</strong></span> <span class='ocrx_word' id='word_1_177' title='bbox 1128 1987 1232 2054; x_wconf 86' lang='lat' dir='ltr'><strong>lornra</strong></span> <span class='ocrx_word' id='word_1_178' title='bbox 1248 1986 1334 2074; x_wconf 83' lang='lat' dir='ltr'><strong>apud</strong></span> <span class='ocrx_word' id='word_1_179' title='bbox 1352 1984 1418 2071; x_wconf 75' lang='lat' dir='ltr'><strong><em>Ly·</em></strong></span> 
     </span>
     <span class='ocr_line' id='line_1_20' title="bbox 227 2091 1418 2180; baseline -0.002 -23"><span class='ocrx_word' id='word_1_180' title='bbox 227 2093 308 2157; x_wconf 88' lang='lat' dir='ltr'><strong>siarn</strong></span> <span class='ocrx_word' id='word_1_181' title='bbox 334 2092 403 2158; x_wconf 90' lang='lat' dir='ltr'><strong>llll.</strong></span> <span class='ocrx_word' id='word_1_182' title='bbox 432 2099 482 2159; x_wconf 87' lang='lat'><strong><em>77.</em></strong></span> <span class='ocrx_word' id='word_1_183' title='bbox 518 2091 753 2169; x_wconf 81' lang='lat' dir='ltr'><strong>Theramenes,</strong></span> <span class='ocrx_word' id='word_1_184' title='bbox 789 2094 916 2179; x_wconf 87' lang='lat' dir='ltr'><strong>inquit,</strong></span> <span class='ocrx_word' id='word_1_185' title='bbox 950 2092 1019 2178; x_wconf 90' lang='lat' dir='ltr'><strong>ipse</strong></span> <span class='ocrx_word' id='word_1_186' title='bbox 1056 2091 1135 2159; x_wconf 88' lang='lat' dir='ltr'><strong>hacc</strong></span> <span class='ocrx_word' id='word_1_187' title='bbox 1166 2093 1300 2171; x_wconf 83' lang='lat' dir='ltr'><strong>omnic,</strong></span> <span class='ocrx_word' id='word_1_188' title='bbox 1333 2102 1418 2180; x_wconf 75' lang='lat' dir='ltr'><strong>quac</strong></span> 
     </span>
     <span class='ocr_line' id='line_1_21' title="bbox 227 2194 1417 2282; baseline -0.002 -19"><span class='ocrx_word' id='word_1_189' title='bbox 227 2217 287 2282; x_wconf 83' lang='lat' dir='ltr'><strong>ego</strong></span> <span class='ocrx_word' id='word_1_190' title='bbox 314 2196 408 2270; x_wconf 85' lang='lat' dir='ltr'><strong>dico,</strong></span> <span class='ocrx_word' id='word_1_191' title='bbox 436 2197 468 2261; x_wconf 95' lang='lat' dir='ltr'><strong><em>in</em></strong></span> <span class='ocrx_word' id='word_1_192' title='bbox 493 2206 608 2263; x_wconf 81' lang='lat' dir='ltr'><strong>senatu</strong></span> <span class='ocrx_word' id='word_1_193' title='bbox 634 2196 736 2277; x_wconf 81' lang='lat' dir='ltr'><strong>dixit,</strong></span> <span class='ocrx_word' id='word_1_194' title='bbox 766 2198 911 2280; x_wconf 73' lang='grc' dir='ltr'><strong><em>ὀνειδίζων</em></strong></span> <span class='ocrx_word' id='word_1_195' title='bbox 935 2199 993 2276; x_wconf 76' lang='grc' dir='ltr'><strong><em>μὲν</em></strong></span> <span class='ocrx_word' id='word_1_196' title='bbox 1023 2205 1087 2272; x_wconf 84' lang='grc' dir='ltr'><strong><em>τοῖς</em></strong></span> <span class='ocrx_word' id='word_1_197' title='bbox 1111 2197 1284 2280; x_wconf 79' lang='grc' dir='ltr'><strong><em>φεύγουσιν</em></strong></span> <span class='ocrx_word' id='word_1_198' title='bbox 1309 2194 1354 2265; x_wconf 84' lang='grc' dir='ltr'><strong><em>ίτι</em></strong></span> <span class='ocrx_word' id='word_1_199' title='bbox 1380 2194 1417 2261; x_wconf 72' lang='grc' dir='ltr'><strong><em>δι’</em></strong></span> 
     </span>
     <span class='ocr_line' id='line_1_22' title="bbox 226 2296 1415 2391; baseline -0.002 -24"><span class='ocrx_word' id='word_1_200' title='bbox 226 2303 321 2368; x_wconf 77' lang='grc' dir='ltr'><strong><em>αὐτὸν</em></strong></span> <span class='ocrx_word' id='word_1_201' title='bbox 354 2300 547 2377; x_wconf 88' lang='grc' dir='ltr'><strong><em>κατέλθοιεν,</em></strong></span> <span class='ocrx_word' id='word_1_202' title='bbox 581 2304 663 2369; x_wconf 81' lang='grc' dir='ltr'><strong><em>οὐδὲν</em></strong></span> <span class='ocrx_word' id='word_1_203' title='bbox 697 2303 862 2387; x_wconf 80' lang='grc' dir='ltr'><strong><em>φροντίζων</em></strong></span> <span class='ocrx_word' id='word_1_204' title='bbox 892 2309 950 2369; x_wconf 83' lang='grc' dir='ltr'><strong><em>τῶν</em></strong></span> <span class='ocrx_word' id='word_1_205' title='bbox 975 2304 1228 2383; x_wconf 81' lang='grc' dir='ltr'><strong><em>Λακεδαιμονίων</em></strong></span> <span class='ocrx_word' id='word_1_206' title='bbox 1257 2302 1344 2391; x_wconf 76' lang='lat' dir='ltr'><strong>(nem</strong></span> <span class='ocrx_word' id='word_1_207' title='bbox 1369 2296 1415 2365; x_wconf 74' lang='grc' dir='ltr'><strong><em>εἰν</em></strong></span> 
     </span>
     <span class='ocr_line' id='line_1_23' title="bbox 227 2402 1414 2493; baseline -0.001 -23"><span class='ocrx_word' id='word_1_208' title='bbox 227 2402 438 2493; x_wconf 77' lang='lat' dir='ltr'><strong>legendum).</strong></span> <span class='ocrx_word' id='word_1_209' title='bbox 464 2407 609 2489; x_wconf 73' lang='grc' dir='ltr'><strong><em>ὀνειδίζων</em></strong></span> <span class='ocrx_word' id='word_1_210' title='bbox 634 2410 665 2473; x_wconf 87' lang='grc' dir='ltr'><strong><em>δέ</em></strong></span> <span class='ocrx_word' id='word_1_211' title='bbox 691 2419 754 2485; x_wconf 76' lang='grc' dir='ltr'><strong><em>τοῖς</em></strong></span> <span class='ocrx_word' id='word_1_212' title='bbox 778 2418 834 2486; x_wconf 73' lang='grc' dir='ltr'><strong><em>τῆς</em></strong></span> <span class='ocrx_word' id='word_1_213' title='bbox 861 2409 1023 2481; x_wconf 80' lang='grc' dir='ltr'><strong><em>πολιτείας</em></strong></span> <span class='ocrx_word' id='word_1_214' title='bbox 1047 2409 1236 2491; x_wconf 80' lang='grc' dir='ltr'><strong><em>μετέχουσιν</em></strong></span> <span class='ocrx_word' id='word_1_215' title='bbox 1262 2404 1310 2477; x_wconf 84' lang='grc' dir='ltr'><strong><em>ίτι</em></strong></span> <span class='ocrx_word' id='word_1_216' title='bbox 1337 2402 1414 2475; x_wconf 68' lang='grc' dir='ltr'><strong><em>πιέν·</em></strong></span> 
     </span>
     <span class='ocr_line' id='line_1_24' title="bbox 227 2504 1413 2594; baseline 0.006 -19"><span class='ocrx_word' id='word_1_217' title='bbox 227 2535 287 2575; x_wconf 86' lang='grc' dir='ltr'><strong><em>των</em></strong></span> <span class='ocrx_word' id='word_1_218' title='bbox 310 2517 369 2575; x_wconf 84' lang='grc' dir='ltr'><strong><em>τῶν</em></strong></span> <span class='ocrx_word' id='word_1_219' title='bbox 389 2512 618 2594; x_wconf 75' lang='grc' dir='ltr'><strong><em>πεπραγμένων</em></strong></span> <span class='ocrx_word' id='word_1_220' title='bbox 645 2516 739 2589; x_wconf 82' lang='grc' dir='ltr'><strong><em>αύτδς</em></strong></span> <span class='ocrx_word' id='word_1_221' title='bbox 764 2514 861 2589; x_wconf 89' lang='grc' dir='ltr'><strong><em>αίτιος</em></strong></span> <span class='ocrx_word' id='word_1_222' title='bbox 884 2513 1091 2594; x_wconf 74' lang='grc' dir='ltr'><strong><em>γεγενημένος</em></strong></span> <span class='ocrx_word' id='word_1_223' title='bbox 1116 2514 1260 2580; x_wconf 85' lang='grc' dir='ltr'><strong><em>τοιούτων</em></strong></span> <span class='ocrx_word' id='word_1_224' title='bbox 1289 2504 1413 2594; x_wconf 70' lang='grc' dir='ltr'><strong><em>τνγχύ·</em></strong></span> 
     </span>
     <span class='ocr_line' id='line_1_25' title="bbox 228 2612 1409 2703; baseline 0 -22"><span class='ocrx_word' id='word_1_225' title='bbox 228 2640 288 2693; x_wconf 90' lang='grc' dir='ltr'><strong><em>νοι,</em></strong></span> <span class='ocrx_word' id='word_1_226' title='bbox 313 2617 378 2681; x_wconf 88' lang='lat' dir='ltr'><strong><em>imo</em></strong></span> <span class='ocrx_word' id='word_1_227' title='bbox 403 2636 478 2684; x_wconf 85' lang='lat' dir='ltr'><strong>vero</strong></span> <span class='ocrx_word' id='word_1_228' title='bbox 503 2620 644 2686; x_wconf 88' lang='grc' dir='ltr'><strong><em>τοιούτων</em></strong></span> <span class='ocrx_word' id='word_1_229' title='bbox 667 2624 768 2687; x_wconf 79' lang='grc' dir='ltr'><strong><em>αὐτῶν</em></strong></span> <span class='ocrx_word' id='word_1_230' title='bbox 792 2621 972 2702; x_wconf 88' lang='grc' dir='ltr'><strong><em>τνγχοίνοι,</em></strong></span> <span class='ocrx_word' id='word_1_231' title='bbox 1010 2618 1113 2685; x_wconf 85' lang='lat' dir='ltr'><strong>idest</strong></span> <span class='ocrx_word' id='word_1_232' title='bbox 1142 2616 1190 2685; x_wconf 78' lang='grc' dir='ltr'><strong><em>ὅτι</em></strong></span> <span class='ocrx_word' id='word_1_233' title='bbox 1219 2619 1288 2703; x_wconf 77' lang='grc' dir='ltr'><strong><em>περὶ</em></strong></span> <span class='ocrx_word' id='word_1_234' title='bbox 1323 2612 1409 2686; x_wconf 62' lang='lat' dir='ltr'><strong>coslo</strong></span> 
     </span>
     <span class='ocr_line' id='line_1_26' title="bbox 227 2717 1405 2811; baseline -0.001 -26"><span class='ocrx_word' id='word_1_235' title='bbox 227 2717 286 2785; x_wconf 82' lang='grc' dir='ltr'><strong><em>εἶεν</em></strong></span> <span class='ocrx_word' id='word_1_236' title='bbox 311 2727 461 2798; x_wconf 82' lang='grc' dir='ltr'><strong><em>τοιοῦτον,</em></strong></span> <span class='ocrx_word' id='word_1_237' title='bbox 488 2744 603 2811; x_wconf 82' lang='lat' dir='ltr'><strong>nempe</strong></span> <span class='ocrx_word' id='word_1_238' title='bbox 625 2723 732 2795; x_wconf 66' lang='grc' dir='ltr'><strong><em>ἄποτοι</em></strong></span> <span class='ocrx_word' id='word_1_239' title='bbox 756 2726 807 2790; x_wconf 82' lang='grc' dir='ltr'><strong><em>καὶ</em></strong></span> <span class='ocrx_word' id='word_1_240' title='bbox 832 2724 991 2807; x_wconf 83' lang='grc' dir='ltr'><strong><em>οίχοίριςοι.</em></strong></span> <span class='ocrx_word' id='word_1_241' title='bbox 1042 2722 1200 2790; x_wconf 77' lang='lat' dir='ltr'><strong>Similiter</strong></span> <span class='ocrx_word' id='word_1_242' title='bbox 1218 2722 1336 2791; x_wconf 82' lang='lat' dir='ltr'>XXIV.</span> <span class='ocrx_word' id='word_1_243' title='bbox 1357 2718 1405 2785; x_wconf 74' lang='lat'><strong><em>2⁶.</em></strong></span> 
     </span>
     <span class='ocr_line' id='line_1_27' title="bbox 229 2824 1405 2913; baseline 0.006 -23"><span class='ocrx_word' id='word_1_244' title='bbox 229 2828 273 2904; x_wconf 71' lang='lat' dir='ltr'><strong><em>ph</em></strong></span> <span class='ocrx_word' id='word_1_245' title='bbox 298 2828 417 2905; x_wconf 87' lang='grc' dir='ltr'><strong><em>τοίνυν,</em></strong></span> <span class='ocrx_word' id='word_1_246' title='bbox 440 2824 462 2894; x_wconf 80' lang='grc' dir='ltr'><strong><em>ὦ</em></strong></span> <span class='ocrx_word' id='word_1_247' title='bbox 486 2832 605 2907; x_wconf 79' lang='grc' dir='ltr'><strong><em>Βουλιί,</em></strong></span> <span class='ocrx_word' id='word_1_248' title='bbox 628 2833 723 2910; x_wconf 81' lang='grc' dir='ltr'><strong><em>μηδὲν</em></strong></span> <span class='ocrx_word' id='word_1_249' title='bbox 744 2832 925 2911; x_wconf 75' lang='grc' dir='ltr'><strong><em>ἡμαρτηκὼς</em></strong></span> <span class='ocrx_word' id='word_1_250' title='bbox 954 2830 1061 2908; x_wconf 76' lang='grc' dir='ltr'><strong><em>ὁμοίως</em></strong></span> <span class='ocrx_word' id='word_1_251' title='bbox 1087 2832 1168 2908; x_wconf 80' lang='grc' dir='ltr'><strong><em>ὑμῶν</em></strong></span> <span class='ocrx_word' id='word_1_252' title='bbox 1194 2829 1325 2913; x_wconf 83' lang='grc' dir='ltr'><strong><em>τύχοιμι</em></strong></span> <span class='ocrx_word' id='word_1_253' title='bbox 1351 2830 1405 2897; x_wconf 69' lang='grc' dir='ltr'><strong><em>τνῖί</em></strong></span> 
     </span>
     <span class='ocr_line' id='line_1_28' title="bbox 229 2928 1404 3022; baseline 0.004 -26"><span class='ocrx_word' id='word_1_254' title='bbox 229 2932 337 2996; x_wconf 68' lang='grc' dir='ltr'><strong><em>πολλοὶ</em></strong></span> <span class='ocrx_word' id='word_1_255' title='bbox 370 2933 546 3013; x_wconf 78' lang='grc' dir='ltr'><strong><em>ἠδικηκόσι,</em></strong></span> <span class='ocrx_word' id='word_1_256' title='bbox 585 2937 735 3021; x_wconf 85' lang='lat' dir='ltr'><strong>quoniam</strong></span> <span class='ocrx_word' id='word_1_257' title='bbox 775 2943 908 3022; x_wconf 86' lang='lat' dir='ltr'><strong>apparet</strong></span> <span class='ocrx_word' id='word_1_258' title='bbox 939 2933 1000 3000; x_wconf 92' lang='lat' dir='ltr'><strong><em>hoc</em></strong></span> <span class='ocrx_word' id='word_1_259' title='bbox 1023 2933 1131 3000; x_wconf 80' lang='lat' dir='ltr'><strong>dicere</strong></span> <span class='ocrx_word' id='word_1_260' title='bbox 1159 2928 1404 3011; x_wconf 71' lang='lat' dir='ltr'><strong>hominemanh</strong></span> 
     </span>
     <span class='ocr_line' id='line_1_29' title="bbox 230 3032 1400 3121; baseline 0.004 -21"><span class='ocrx_word' id='word_1_261' title='bbox 230 3040 358 3102; x_wconf 82' lang='grc' dir='ltr'><strong><em>τοιοῦτον</em></strong></span> <span class='ocrx_word' id='word_1_262' title='bbox 383 3038 450 3118; x_wconf 74' lang='grc' dir='ltr'><strong><em>περὶ</em></strong></span> <span class='ocrx_word' id='word_1_263' title='bbox 471 3040 527 3116; x_wconf 83' lang='grc' dir='ltr'><strong><em>ἐμὲ</em></strong></span> <span class='ocrx_word' id='word_1_264' title='bbox 550 3041 675 3119; x_wconf 87' lang='grc' dir='ltr'><strong><em>γένεσθε</em></strong></span> <span class='ocrx_word' id='word_1_265' title='bbox 695 3043 746 3106; x_wconf 87' lang='grc' dir='ltr'><strong><em>τδν</em></strong></span> <span class='ocrx_word' id='word_1_266' title='bbox 770 3040 864 3119; x_wconf 79' lang='grc' dir='ltr'><strong><em>μηδὲν</em></strong></span> <span class='ocrx_word' id='word_1_267' title='bbox 890 3040 1111 3121; x_wconf 74' lang='grc' dir='ltr'><strong><em>ἡμαρτηκότα,</em></strong></span> <span class='ocrx_word' id='word_1_268' title='bbox 1133 3034 1247 3119; x_wconf 74' lang='grc' dir='ltr'><strong><em>οἷοίπερ</em></strong></span> <span class='ocrx_word' id='word_1_269' title='bbox 1277 3040 1329 3111; x_wconf 78' lang='grc' dir='ltr'><strong><em>έςε</em></strong></span> <span class='ocrx_word' id='word_1_270' title='bbox 1347 3032 1400 3119; x_wconf 75' lang='grc' dir='ltr'><strong><em>νηί</em></strong></span> 
     </span>
     <span class='ocr_line' id='line_1_30' title="bbox 230 3141 1404 3230; baseline 0.006 -25"><span class='ocrx_word' id='word_1_271' title='bbox 230 3141 301 3213; x_wconf 85' lang='grc' dir='ltr'><strong><em>τοὺς</em></strong></span> <span class='ocrx_word' id='word_1_272' title='bbox 335 3142 441 3207; x_wconf 75' lang='grc' dir='ltr'><strong><em>πολλοὶ</em></strong></span> <span class='ocrx_word' id='word_1_273' title='bbox 473 3143 673 3220; x_wconf 74' lang='grc' dir='ltr'><strong><em>ἡδικηκθτας,</em></strong></span> <span class='ocrx_word' id='word_1_274' title='bbox 706 3145 913 3230; x_wconf 87' lang='lat' dir='ltr'><strong>perspicuum</strong></span> <span class='ocrx_word' id='word_1_275' title='bbox 950 3150 1000 3209; x_wconf 90' lang='lat' dir='ltr'><strong>est</strong></span> <span class='ocrx_word' id='word_1_276' title='bbox 1030 3141 1094 3228; x_wconf 80' lang='lat' dir='ltr'><strong>legi</strong></span> <span class='ocrx_word' id='word_1_277' title='bbox 1128 3151 1279 3229; x_wconf 84' lang='lat' dir='ltr'><strong>oportere</strong></span> <span class='ocrx_word' id='word_1_278' title='bbox 1312 3142 1404 3225; x_wconf 80' lang='grc' dir='ltr'><strong><em>θμιίνν</em></strong></span> 
     </span>
     <span class='ocr_line' id='line_1_31' title="bbox 233 3245 1405 3339; baseline 0.008 -32"><span class='ocrx_word' id='word_1_279' title='bbox 233 3245 314 3322; x_wconf 82' lang='grc' dir='ltr'><strong><em>ὑμῶν</em></strong></span> <span class='ocrx_word' id='word_1_280' title='bbox 342 3245 492 3328; x_wconf 85' lang='grc' dir='ltr'><strong><em>τύχοιμι,</em></strong></span> <span class='ocrx_word' id='word_1_281' title='bbox 520 3255 552 3314; x_wconf 87' lang='lat' dir='ltr'><strong>et</strong></span> <span class='ocrx_word' id='word_1_282' title='bbox 586 3249 618 3313; x_wconf 93' lang='lat' dir='ltr'><strong><em>in</em></strong></span> <span class='ocrx_word' id='word_1_283' title='bbox 647 3248 710 3313; x_wconf 85' lang='lat' dir='ltr'><strong>line</strong></span> <span class='ocrx_word' id='word_1_284' title='bbox 734 3247 948 3334; x_wconf 82' lang='lat' dir='ltr'><strong>lepidissimae</strong></span> <span class='ocrx_word' id='word_1_285' title='bbox 968 3247 1192 3315; x_wconf 71' lang='lat' dir='ltr'><strong>oratiunculae</strong></span> <span class='ocrx_word' id='word_1_286' title='bbox 1219 3246 1245 3339; x_wconf 73' lang='grc'><strong>3</strong></span> <span class='ocrx_word' id='word_1_287' title='bbox 1273 3252 1329 3319; x_wconf 75' lang='lat'><strong><em>27.</em></strong></span> <span class='ocrx_word' id='word_1_288' title='bbox 1356 3250 1405 3331; x_wconf 78' lang='grc' dir='ltr'><strong><em>θγδ</em></strong></span> 
     </span>
     <span class='ocr_line' id='line_1_32' title="bbox 230 3347 1410 3441; baseline 0.008 -27"><span class='ocrx_word' id='word_1_289' title='bbox 230 3348 263 3414; x_wconf 86' lang='grc' dir='ltr'><strong><em>δέ</em></strong></span> <span class='ocrx_word' id='word_1_290' title='bbox 281 3347 395 3415; x_wconf 88' lang='grc' dir='ltr'><strong><em>τούτων</em></strong></span> <span class='ocrx_word' id='word_1_291' title='bbox 423 3352 495 3429; x_wconf 82' lang='grc' dir='ltr'><strong><em>ὑμῖν</em></strong></span> <span class='ocrx_word' id='word_1_292' title='bbox 522 3355 627 3436; x_wconf 76' lang='grc' dir='ltr'><strong><em>τυχὼν</em></strong></span> <span class='ocrx_word' id='word_1_293' title='bbox 650 3351 707 3430; x_wconf 78' lang='grc' dir='ltr'><strong><em>ἕξω</em></strong></span> <span class='ocrx_word' id='word_1_294' title='bbox 736 3355 790 3429; x_wconf 77' lang='grc' dir='ltr'><strong><em>την</em></strong></span> <span class='ocrx_word' id='word_1_295' title='bbox 815 3355 932 3436; x_wconf 87' lang='grc' dir='ltr'><strong><em>χοίριν,</em></strong></span> <span class='ocrx_word' id='word_1_296' title='bbox 957 3355 1015 3441; x_wconf 82' lang='lat' dir='ltr'><strong><em>qui</em></strong></span> <span class='ocrx_word' id='word_1_297' title='bbox 1035 3352 1165 3441; x_wconf 77' lang='lat' dir='ltr'><strong>Lysiam</strong></span> <span class='ocrx_word' id='word_1_298' title='bbox 1191 3353 1273 3423; x_wconf 85' lang='lat' dir='ltr'><strong>hene</strong></span> <span class='ocrx_word' id='word_1_299' title='bbox 1301 3360 1410 3423; x_wconf 80' lang='lat' dir='ltr'><strong>nomlll</strong></span> 
     </span>
     <span class='ocr_line' id='line_1_33' title="bbox 231 3451 1462 3545; baseline 0.012 -28"><span class='ocrx_word' id='word_1_300' title='bbox 231 3451 325 3519; x_wconf 89' lang='lat' dir='ltr'><strong>laclle</strong></span> <span class='ocrx_word' id='word_1_301' title='bbox 353 3454 533 3540; x_wconf 80' lang='lat' dir='ltr'><strong>intelligent</strong></span> <span class='ocrx_word' id='word_1_302' title='bbox 555 3458 601 3524; x_wconf 90' lang='lat' dir='ltr'><strong><em>ila</em></strong></span> <span class='ocrx_word' id='word_1_303' title='bbox 625 3457 665 3524; x_wconf 88' lang='lat' dir='ltr'><strong><em>ah</em></strong></span> <span class='ocrx_word' id='word_1_304' title='bbox 688 3478 724 3524; x_wconf 91' lang='lat' dir='ltr'><strong>eo</strong></span> <span class='ocrx_word' id='word_1_305' title='bbox 747 3457 811 3524; x_wconf 80' lang='lat' dir='ltr'><strong>lici</strong></span> <span class='ocrx_word' id='word_1_306' title='bbox 836 3479 899 3524; x_wconf 95' lang='lat' dir='ltr'><strong><em>non</em></strong></span> <span class='ocrx_word' id='word_1_307' title='bbox 923 3461 1066 3545; x_wconf 88' lang='lat' dir='ltr'><strong>potuisse</strong></span> <span class='ocrx_word' id='word_1_308' title='bbox 1091 3478 1148 3544; x_wconf 89' lang='lat' dir='ltr'><strong><em>pro</em></strong></span> <span class='ocrx_word' id='word_1_309' title='bbox 1169 3460 1232 3538; x_wconf 75' lang='grc' dir='ltr'><strong><em>ἐγὼ</em></strong></span> <span class='ocrx_word' id='word_1_310' title='bbox 1255 3461 1288 3527; x_wconf 79' lang='grc' dir='ltr'><strong><em>δὲ</em></strong></span> <span class='ocrx_word' id='word_1_311' title='bbox 1312 3460 1413 3531; x_wconf 85' lang='grc' dir='ltr'><strong><em>τούτου</em></strong></span> <span class='ocrx_word' id='word_1_312' title='bbox 1456 3506 1462 3531; x_wconf 83' lang='lat' dir='ltr'><strong>t</strong></span> 
     </span>
     <span class='ocr_line' id='line_1_34' title="bbox 230 3559 1462 3651; baseline 0.006 -28"><span class='ocrx_word' id='word_1_313' title='bbox 230 3564 305 3639; x_wconf 88' lang='grc' dir='ltr'><strong><em>παρ’</em></strong></span> <span class='ocrx_word' id='word_1_314' title='bbox 327 3559 410 3637; x_wconf 80' lang='grc' dir='ltr'><strong><em>ὑμῶν</em></strong></span> <span class='ocrx_word' id='word_1_315' title='bbox 434 3564 538 3642; x_wconf 81' lang='grc' dir='ltr'><strong><em>ταχύν</em></strong></span> <span class='ocrx_word' id='word_1_316' title='bbox 559 3563 608 3628; x_wconf 87' lang='lat' dir='ltr'><strong><em>val</em></strong></span> <span class='ocrx_word' id='word_1_317' title='bbox 629 3584 686 3651; x_wconf 90' lang='lat' dir='ltr'><strong><em>pro</em></strong></span> <span class='ocrx_word' id='word_1_318' title='bbox 707 3566 769 3643; x_wconf 78' lang='grc' dir='ltr'><strong><em>έγὼ</em></strong></span> <span class='ocrx_word' id='word_1_319' title='bbox 792 3564 824 3631; x_wconf 78' lang='grc' dir='ltr'><strong><em>δέ</em></strong></span> <span class='ocrx_word' id='word_1_320' title='bbox 847 3566 955 3631; x_wconf 85' lang='grc' dir='ltr'><strong><em>τούτου</em></strong></span> <span class='ocrx_word' id='word_1_321' title='bbox 975 3566 1079 3647; x_wconf 81' lang='grc' dir='ltr'><strong><em>τνχύν</em></strong></span> <span class='ocrx_word' id='word_1_322' title='bbox 1103 3566 1176 3644; x_wconf 78' lang='grc' dir='ltr'><strong><em>ύμῖν</em></strong></span> <span class='ocrx_word' id='word_1_323' title='bbox 1196 3560 1255 3641; x_wconf 76' lang='grc' dir='ltr'><strong><em>ἕξω</em></strong></span> <span class='ocrx_word' id='word_1_324' title='bbox 1276 3566 1334 3643; x_wconf 70' lang='grc' dir='ltr'><strong><em>την</em></strong></span> <span class='ocrx_word' id='word_1_325' title='bbox 1352 3566 1415 3649; x_wconf 60' lang='grc' dir='ltr'><strong><em>χλ·</em></strong></span> <span class='ocrx_word' id='word_1_326' title='bbox 1452 3564 1462 3585; x_wconf 66' lang='grc'><em>”</em></span> 
     </span>
     <span class='ocr_line' id='line_1_35' title="bbox 229 3662 1417 3751; baseline 0.01 -21"><span class='ocrx_word' id='word_1_327' title='bbox 229 3687 292 3745; x_wconf 91' lang='grc' dir='ltr'><strong><em>ριν,</em></strong></span> <span class='ocrx_word' id='word_1_328' title='bbox 326 3683 389 3749; x_wconf 90' lang='lat' dir='ltr'><strong><em>quo</em></strong></span> <span class='ocrx_word' id='word_1_329' title='bbox 423 3662 551 3732; x_wconf 89' lang='lat' dir='ltr'><strong>lacllius</strong></span> <span class='ocrx_word' id='word_1_330' title='bbox 583 3668 663 3733; x_wconf 88' lang='lat' dir='ltr'><strong>mihi</strong></span> <span class='ocrx_word' id='word_1_331' title='bbox 687 3671 906 3737; x_wconf 84' lang='lat' dir='ltr'><strong>assentiantur</strong></span> <span class='ocrx_word' id='word_1_332' title='bbox 928 3669 1165 3738; x_wconf 80' lang='lat' dir='ltr'><strong>emendandum</strong></span> <span class='ocrx_word' id='word_1_333' title='bbox 1199 3688 1270 3737; x_wconf 87' lang='lat' dir='ltr'><strong>esse</strong></span> <span class='ocrx_word' id='word_1_334' title='bbox 1301 3671 1417 3751; x_wconf 77' lang='grc' dir='ltr'><strong><em>έγύδέ</em></strong></span> 
     </span>
     <span class='ocr_line' id='line_1_36' title="bbox 229 3768 1462 3865; baseline 0.011 -33"><span class='ocrx_word' id='word_1_335' title='bbox 229 3768 371 3834; x_wconf 91' lang='grc' dir='ltr'><strong><em>τοιούτων</em></strong></span> <span class='ocrx_word' id='word_1_336' title='bbox 393 3771 474 3849; x_wconf 77' lang='grc' dir='ltr'><strong><em>ὑμῶν</em></strong></span> <span class='ocrx_word' id='word_1_337' title='bbox 497 3774 602 3854; x_wconf 86' lang='grc' dir='ltr'><strong><em>τυχύν</em></strong></span> <span class='ocrx_word' id='word_1_338' title='bbox 625 3777 690 3841; x_wconf 82' lang='grc' dir='ltr'><strong><em>κτὲ.</em></strong></span> <span class='ocrx_word' id='word_1_339' title='bbox 739 3776 787 3841; x_wconf 86' lang='lat' dir='ltr'><strong><em>Ex</em></strong></span> <span class='ocrx_word' id='word_1_340' title='bbox 815 3775 958 3844; x_wconf 78' lang='lat' dir='ltr'><strong>eiusdem</strong></span> <span class='ocrx_word' id='word_1_341' title='bbox 990 3778 1038 3843; x_wconf 90' lang='lat' dir='ltr'><strong>rei</strong></span> <span class='ocrx_word' id='word_1_342' title='bbox 1069 3774 1293 3845; x_wconf 80' lang='lat' dir='ltr'><strong>observatione</strong></span> <span class='ocrx_word' id='word_1_343' title='bbox 1322 3777 1420 3865; x_wconf 78' lang='lat' dir='ltr'><strong>expll-</strong></span> <span class='ocrx_word' id='word_1_344' title='bbox 1459 3822 1462 3851; x_wconf 73' lang='grc'>;</span> 
     </span>
    </p>
   </div>
   <div class='ocr_carea' id='block_1_2' title="bbox 225 3868 1462 4048">
    <p class='ocr_par' dir='ltr' id='par_1_2' title="bbox 225 3868 1462 4048">
     <span class='ocr_line' id='line_1_37' title="bbox 225 3868 1462 4047; baseline 0.015 -109"><span class='ocrx_word' id='word_1_345' title='bbox 225 3872 354 4047; x_wconf 75' lang='lat' dir='ltr'><strong><em>¹carplps</em></strong></span> <span class='ocrx_word' id='word_1_346' title='bbox 377 3884 427 3943; x_wconf 89' lang='lat' dir='ltr'><strong><em>cst</em></strong></span> <span class='ocrx_word' id='word_1_347' title='bbox 451 3875 615 3966; x_wconf 85' lang='lat' dir='ltr'><strong>Sophoclis</strong></span> <span class='ocrx_word' id='word_1_348' title='bbox 639 3878 672 3947; x_wconf 89' lang='lat' dir='ltr'><strong><em>in</em></strong></span> <span class='ocrx_word' id='word_1_349' title='bbox 694 3878 873 3950; x_wconf 77' lang='lat' dir='ltr'><strong>Philocteta</strong></span> <span class='ocrx_word' id='word_1_350' title='bbox 893 3882 983 3951; x_wconf 89' lang='lat' dir='ltr'><strong>locus</strong></span> <span class='ocrx_word' id='word_1_351' title='bbox 1000 3902 1046 3951; x_wconf 85' lang='lat' dir='ltr'><strong><em>rs.</em></strong></span> <span class='ocrx_word' id='word_1_352' title='bbox 1069 3884 1144 3950; x_wconf 79' lang='lat'><strong>520.</strong></span> <span class='ocrx_word' id='word_1_353' title='bbox 1191 3880 1330 3953; x_wconf 82' lang='lat' dir='ltr'><strong>llixerat</strong></span> <span class='ocrx_word' id='word_1_354' title='bbox 1349 3882 1424 3955; x_wconf 83' lang='lat' dir='ltr'><strong>Phi·</strong></span> <span class='ocrx_word' id='word_1_355' title='bbox 1460 3868 1462 3873; x_wconf 36' lang='lat'><strong>¹</strong></span> 
     </span>
     <span class='ocr_line' id='line_1_38' title="bbox 238 3997 377 4048; baseline 0.043 -6"><span class='ocrx_word' id='word_1_356' title='bbox 238 3997 274 4043; x_wconf 87' lang='lat' dir='ltr'><strong><em>oc</em></strong></span> <span class='ocrx_word' id='word_1_357' title='bbox 290 3999 307 4045; x_wconf 91' lang='lat' dir='ltr'><strong>e</strong></span> <span class='ocrx_word' id='word_1_358' title='bbox 323 3998 377 4048; x_wconf 88' lang='lat' dir='ltr'><strong><em>cs:</em></strong></span> 
     </span>
    </p>
   </div>
   <div class='ocr_carea' id='block_1_3' title="bbox 0 0 1477 5010">
    <p class='ocr_par' dir='ltr' id='par_1_3' title="bbox 0 0 1477 5010">
     <span class='ocr_line' id='line_1_39' title="bbox 0 0 1477 5010; baseline 0 0"><span class='ocrx_word' id='word_1_359' title='bbox 0 0 1477 5010; x_wconf 95' lang='lat' dir='ltr'><strong><em> </em></strong></span> 
     </span>
    </p>
   </div>
  </div>
 </body>
</html>
