2940 5010
624 292 688 353 4525

50 474 171 533 πεσεῖν
198 466 242 540 τίς
265 466 321 542 rto
344 464 490 549 πατρῴαν
512 465 609 531 ιίκίιιν
633 466 684 530 καί
706 467 740 529 ἑκ
762 464 871 531 andree
892 465 1075 542 λιίμπεσθαι
1101 470 1250 539 πᾶσαν.

49 578 153 639 certa
174 568 397 638 emendatione
428 589 546 657 repone
577 574 679 636 σασα.
727 569 773 635 Ne
797 568 861 634 ulla
890 567 1050 635 dubitatio
1082 590 1250 657 superesse

52 676 167 765 possit
184 694 336 764 compara
360 674 412 741 lV.
438 695 482 740 ru.
508 679 539 741 8.
568 673 667 752 ἔδοξεν
693 676 725 740 έν
745 674 852 747 πέδαις
875 675 1032 752 δεδέσθαι,
1064 672 1115 740 αὖ
1122 701 1191 743 ται
1220 678 1250 742 δὲ

54 782 150 867 adipi
168 780 411 862 αὐτόμαται
443 789 653 863 περιρρυῆναι,
678 790 709 847 ct
734 778 914 868 Thucydid.
936 779 975 845 ll.
1003 786 1055 845 11.
1079 782 1110 847 εί
1129 806 1172 864 τῳ
1196 783 1248 848 καί

53 888 210 969 δοκοῦμεν
232 889 344 964 πλιίίει
364 885 482 953 ἐπιέναι
506 886 559 951 καί
583 886 799 969 ιίσφιίλεια
823 887 955 961 πιλλίρ
979 881 1076 963 εἶναι,
1102 886 1252 954 ubilibet

54 990 187 1081 aliquot
208 1000 243 1059 et
266 992 463 1070 Vossianus,
486 992 542 1078 qui
567 991 647 1057 mibi
670 989 748 1057 baec
770 990 925 1057 scribenti
950 999 1024 1057 ante
1052 990 1161 1058 oculos
1185 999 1252 1069 est,

56 1096 216 1167 Ιδίδοιιῑ
237 1098 407 1182 ἀσφαλείᾳ
418 1106 521 1182 πολλῇ
547 1097 651 1185 (Voss.
665 1096 704 1163 de
725 1116 814 1164 mere
832 1099 1000 1180 ιθσφαλεία
1020 1099 1157 1189 πολλῆ),
1182 1122 1252 1188 per·

55 1220 198 1291 peram,
222 1211 258 1270 ut
276 1212 420 1291 apparet.
468 1202 587 1269 Eadem
612 1221 707 1289 opera
733 1202 894 1289 intelliges
920 1204 952 1269 in
977 1208 1069 1291 §12
1094 1208 1157 1273 ἀπὸ
1179 1210 1252 1283 Διὸς

56 1306 122 1389 μέν
142 1308 302 1389 βασιλέως
327 1308 363 1374 τθ
386 1307 455 1391 θναρ
479 1308 575 1375 έδθκει
598 1312 682 1391 αὐτῷ
706 1304 805 1381 είναι,
834 1309 938 1393 κιίκλιρ
958 1312 990 1377 δὲ
1018 1310 1141 1399 [έδθκει]
1167 1312 1252 1392 λιίρι·

56 1414 177 1481 rma
198 1415 236 1481 τὸ
258 1417 338 1495 πῦρ,
361 1414 452 1480 scioli
476 1423 509 1480 te
529 1413 787 1480 additamentum
812 1421 932 1481 tenere.

107 1516 211 1585 Video
233 1536 320 1585 nunc
350 1520 386 1585 b.
409 1518 630 1597 llindorlium‚
663 1520 757 1585 cuius
780 1518 932 1586 editionis
959 1520 1121 1588 secundae
1150 1541 1254 1609 nuper

56 1620 149 1691 nini
166 1620 354 1711 eopial'acta
367 1632 435 1701 est,
461 1625 494 1689 in
514 1622 648 1690 eandem
673 1623 889 1711 suspicionem
914 1623 1088 1703 incidisse,
1108 1634 1140 1692 et
1162 1632 1255 1692 πῖισα

55 1728 226 1817 recepisse
257 1732 290 1795 in
326 1738 464 1799 textum.
510 1729 610 1795 lliror
640 1737 748 1795 temen
784 1728 868 1814 qrrod
904 1729 1080 1797 adscribit:
1117 1731 1253 1809 »Quom-

55 1854 162 1923 quent
188 1856 230 1901 ne
255 1838 363 1902 πᾶσαν
390 1836 513 1923 quidem
537 1834 692 1921 solsem.”
716 1854 817 1920 quum
848 1833 940 1901 lacile
969 1847 1123 1922 appareat
1157 1836 1255 1902 soloe·

55 1938 206 2007 mum
228 1958 310 2007 esso

110 2044 149 2111 ln
172 2043 228 2111 Ill.
252 2066 274 2111 ι.
301 2050 353 2112 13.
388 2044 481 2132 plane
503 2047 664 2112 assentior
686 2042 883 2111 Schneidero
908 2047 1121 2129 ὑβριζομένους
1145 2046 1254 2133 expel-

57 2148 169 2227 lenti,
202 2150 298 2217 euius
329 2152 470 2217 rationes
495 2150 578 2216 vide.
627 2150 662 2216 ln
694 2152 791 2237 §tu
824 2144 894 2215 ὅπου
923 2152 949 2217 δ’
973 2152 1148 2232 ὠνησόμεθα
1175 2153 1255 2236 ᾔδειν

57 2256 111 2325 dnn
143 2256 268 2337 θλίνινς
298 2254 455 2339 ἔχοντας,
490 2255 595 2330 ἄλλως
627 2256 660 2322 δέ
691 2280 754 2328 πως
787 2254 959 2336 πορίζεσθαι
994 2257 1183 2335 τιὶπιτιίδεια
1223 2258 1255 2345 [ἦ

62 2360 265 2449 mudum]
290 2358 392 2443 ὅρκους
424 2361 478 2439 ἤδη
504 2361 700 2442 κατέχοντας
732 2364 827 2439 ἡμᾶς.
875 2360 911 2426 ln
943 2363 1063 2449 optimo
1094 2361 1169 2428 eod.
1195 2363 1256 2428 Va·

60 2468 175 2535 tienne
206 2466 245 2533 u.
277 2468 296 2545 ἦ
330 2468 486 2547 ὠνιίραενιι
521 2466 680 2554 scripturn
714 2473 774 2532 est.
820 2464 990 2551 Magistelli
1027 2467 1123 2535 verba
1154 2477 1256 2539 sunt.

63 2590 150 2661 qnae
170 2570 320 2661 puerulis
347 2571 567 2659 relinquenda.
615 2571 735 2638 Eodem
762 2570 858 2637 modo
881 2574 898 2660 p
920 2576 980 2651 αθ,
1006 2573 1060 2639 ubi
1084 2573 1181 2640 uode.
1202 2592 1255 2639 va-

62 2678 154 2747 naut
178 2676 212 2743 ln
235 2678 373 2759 θρχνγιί
390 2686 424 2744 et
447 2678 606 2760 λοχαγοί,
629 2686 805 2764 utrumque
836 2679 985 2764 spurium
1008 2687 1078 2757 est,
1110 2678 1257 2745 scribon·

10 2782 12 2797 '
63 2780 210 2869 dumque
233 2784 260 2848 τί
283 2784 315 2849 δέ
339 2783 530 2857 θκιύσαντες
553 2790 669 2850 ταῦτα.
719 2781 754 2847 ln
787 2785 864 2868 §27
892 2784 1059 2850 verissima
1084 2783 1180 2851 lectio
1202 2804 1255 2852 ne·

63 2886 244 2979 quidquam
268 2896 397 2955 servata
421 2896 471 2955 est
495 2890 528 2954 in
550 2888 679 2975 egregio
702 2886 817 2953 Codice
841 2888 878 2953 ll.
903 2889 941 2954 σὺ
966 2890 997 2954 δέ
1021 2915 1060 2968 γε
1092 2890 1159 2956 οὐδὲ
1187 2890 1257 2971 δρῶν

10 3060 13 3081 ,
58 2992 250 3077 ymmo
280 2994 345 3059 κτέ.
392 2992 604 3060 Notissimum
636 3002 682 3060 est
707 2993 740 3058 δέ
770 3017 810 3071 νε
840 2997 991 3081 usurpari
1021 2994 1124 3060 solere
1154 3012 1256 3080 quum

54 3096 147 3167 dne
163 3114 219 3165 res
241 3098 288 3165 ita
311 3100 454 3166 intense
477 3106 736 3187 componuntur,
761 3097 919 3164 etaltera
944 3098 1015 3186 plus
1039 3098 1155 3166 babeat
1178 3118 1255 3187 pon·

44 3198 171 3281 duit,
195 3212 392 3291 quapropter
416 3205 448 3269 in
474 3204 590 3292 iurgiis
612 3203 910 3289 frequentissimum
923 3213 994 3282 est,
1019 3204 1073 3270 ubi
1089 3204 1122 3271 δέ
1143 3229 1183 3283 νε
1206 3225 1254 3272 re·

41 3308 249 3397 sponsans
278 3316 328 3375 est
358 3316 390 3375 et
423 3309 595 3377 maledicto
625 3307 854 3385 maledictum,
890 3310 1036 3376 convicio
1070 3311 1255 3377 convicium

37 3412 198 3497 meins
220 3415 431 3501 reponsurus,
456 3416 553 3483 cuius
576 3416 623 3483 rei
649 3421 800 3481 sexcenta
829 3414 948 3499 passim
973 3416 1117 3504 exempla
1144 3436 1255 3484 occur-

29 3526 152 3587 nne.
199 3517 294 3607 Apud
325 3518 511 3608 Ephippum
543 3521 698 3588 Athenaei
732 3540 763 3606 p.
784 3524 850 3585 359
881 3530 921 3585 A.
954 3520 989 3586 in
1016 3521 1109 3588 libris
1136 3530 1186 3588 est
1214 3526 1254 3597 ὡς

28 3622 249 3711 Rumpor
271 3620 309 3691 εί.
334 3626 372 3692 σὺ
402 3625 504 3704 λέγε
528 3628 599 3693 λίαν
621 3627 807 3702 πολυτελής.
855 3622 983 3712 Optime
1006 3626 1230 3695 casaubonus:

200 3740 242 3798 A.
264 3732 305 3805 τίς
327 3734 509 3814 μικριλθγις
532 3730 570 3799 εί.
595 3744 628 3798 Β.
653 3734 692 3799 σὺ
715 3731 755 3798 δέ
781 3757 828 3810 γε
853 3731 925 3798 λίαν
949 3735 1134 3810 πολυτελής.

26 3822 184 3905 Plenus
194 3843 245 3905 est
255 3836 475 3925 exemplorum
490 3837 739 3926 Aristophanes,
763 3836 882 3924 quibus
895 3857 958 3903 non
979 3846 1070 3915 utor,
1095 3837 1151 3903 sod
1170 3835 1253 3901 dabo

30 3938 251 4009 mandatos
273 3942 344 4009 eius
364 3944 541 4012 versiculos
562 3943 665 4019 duos,
690 3942 744 4009 ubi
769 3941 849 4008 illud
874 3940 1002 4008 dicendi
1013 3961 1116 4028 genus
1129 3942 1252 4010 scriba·

37 4052 141 4115 'nm
161 4046 335 4115 meitantia
356 4047 563 4117 obscuratum
586 4058 647 4115 est.
693 4048 777 4134 bego
801 4050 833 4112 in
859 4046 997 4113 Acharn.
1021 4053 1076 4116 79.

250 4156 338 4234 ἡμεῖς
362 4155 393 4221 δὲ
416 4152 576 4228 λαικαςιίς
599 4178 645 4232 γε
669 4154 721 4219 καί
749 4154 989 4232 καταπύγονας.

49 4264 127 4337 llll)
146 4260 305 4335 λαικαςιίς
329 4286 384 4327 τε.
410 4268 442 4327 ei
468 4262 500 4327 iu
525 4259 649 4349 Equiti.
677 4262 772 4325 1168.
