2940 5010
707 297 772 362 770

146 473 298 551 πέμποιτο
328 477 554 547 tentaverunt,
578 468 762 536 liiodorllus
787 469 943 538 intellexit
966 470 1019 538 καὶ
1049 468 1196 551 ἑξάγοιτο
1219 489 1257 538 ex
1278 470 1318 537 iu

147 582 396 665 terpretameoto
421 574 596 662 irrepsisse.
646 573 818 662 Xenophon
839 577 973 663 protrita
994 576 1092 641 nimis
1114 574 1260 662 lugiteos
1278 579 1318 643 te·

147 681 299 761 πέμποιτο
320 678 505 767 pervulgato
528 677 672 757 εἘἀγοιτο
691 680 880 759 substituit,
906 679 1176 770 quemadmodum
1198 691 1232 749 et
1252 682 1277 747 l.
1292 685 1319 749 l.

145 786 290 853 dixerat:
326 784 523 867 προοάγεταί
545 811 581 852 τε
602 783 640 852 ἀν
668 786 767 853 δεῖται
798 789 851 854 καί
877 788 1182 867 ἀποπέμπεται
1212 783 1236 853 ἀ
1254 786 1320 867 Bri·

145 906 258 970 λεπαι,
282 911 339 978 pro
363 890 532 957 tralaticiis
554 890 721 971 είοάγεπαί
742 917 779 958 τε
800 893 853 960 καί
878 891 1041 973 ἕξάγεται.

191 997 227 1064 lo
253 1015 321 1082 cop.
343 995 396 1063 tv.
421 1003 454 1063 et
476 997 596 1083 passim
618 996 766 1080 ἀργύρεια
790 1017 852 1063 ooo
875 998 1009 1082 ἀργύρια
1032 996 1243 1065 scribendum
1260 1012 1323 1065 erac

145 1110 179 1168 et
209 1100 286 1183 ἔργα
320 1101 453 1184 χρύσειοι
487 1101 540 1167 eoi
576 1103 724 1183 ἀργύρεια
754 1101 874 1169 Graece
897 1103 982 1182 dici,
1017 1123 1080 1170 noo
1102 1102 1241 1186 ἀργύρια
1272 1108 1324 1169 adt

144 1207 280 1291 χρόνιοι,
303 1228 390 1274 nune
409 1206 538 1294 quidem
568 1209 647 1273 setis
670 1216 796 1274 certum
819 1216 888 1286 est,
913 1215 946 1276 et
968 1209 1044 1296 quis
1065 1205 1165 1275 libros
1184 1204 1323 1275 consulet

144 1313 185 1381 ad
208 1311 468 1381 constituendum
495 1321 604 1379 utrum
628 1323 644 1378 Ι
664 1331 705 1379 nu
727 1323 770 1380 ΕΙ
795 1314 900 1379 νοτίου
919 1315 1083 1401 scriptura
1104 1312 1167 1381 sitt
1218 1311 1323 1381 Oeten·

145 1420 253 1486 dimus
286 1418 457 1504 diligenter
488 1418 563 1484 alibi
586 1429 600 1486 1
621 1436 679 1503 pro
700 1427 744 1484 ΕΙ
767 1426 824 1485 eut
845 1427 903 1485 1E1
932 1418 1093 1486 tralaticio
1120 1416 1324 1487 librariorum

146 1544 254 1592 errore
277 1525 310 1590 io
332 1523 430 1590 Codd.
455 1522 552 1590 scribi
574 1523 696 1601 solere,
727 1523 814 1590 unde
840 1522 959 1590 lectum
987 1531 1038 1590 est
1072 1531 1205 1591 uttam
1238 1540 1326 1611 saepe

144 1631 318 1709 Ὀλύμπιον
339 1649 396 1715 pro
419 1629 637 1708 Ὀλυμπίειον,
662 1630 854 1705 Ἀτοολνπιίν
872 1648 931 1716 pro
955 1629 1176 1706 Ἀσκληπιεῖον
1201 1636 1236 1696 et
1256 1627 1323 1693 sitm

144 1734 338 1802 scribantur.
386 1732 539 1800 Eiusdem
559 1734 606 1799 rei
627 1732 827 1800 luculentum
851 1733 1031 1821 exemplum
1054 1743 1103 1801 est
1123 1735 1158 1800 io
1180 1731 1244 1799 boc
1262 1733 1325 1818 ipso

142 1840 225 1908 libro
244 1841 281 1908 V.
306 1846 346 1907 5:
381 1840 548 1919 ἡγεμονίας
585 1864 620 1904 τε
654 1845 708 1905 τοῦ
730 1846 873 1907 ναυτικοῦ
906 1840 958 1907 καί
983 1839 1240 1918 Ἑλληνοταμίας
1261 1835 1325 1904 ε’ποί·

142 1972 265 2031 χομεν,
298 1944 352 2012 ubi
377 1952 465 2011 certa
487 1944 632 2030 analogia
654 1943 747 2011 docet
777 1946 1055 2025 Ἑλληνοταμιείιις
1091 1965 1207 2011 rerum
1240 1961 1326 2015 eam,

144 2052 228 2141 quod
248 2071 347 2139 quum
373 2051 407 2116 iu
430 2085 476 2100 -
497 2050 590 2129 μείιις
614 2048 766 2128 abiisset,
799 2059 836 2117 ut
865 2049 933 2118 iere
961 2070 1089 2138 semper
1118 2056 1264 2130 ταμιεῖον
1293 2047 1323 2113 in

142 2167 272 2239 τιιμεῑιν
302 2156 495 2242 depravatur
520 2164 553 2221 et
581 2157 694 2232 ὑγίεια·
713 2156 747 2220 io
772 2157 884 2236 ὑγεία,
916 2153 1038 2223 iactum
1072 2164 1121 2223 est
1154 2163 1193 2222 ut
1226 2153 1324 2221 lormu

142 2263 291 2332 omnibus
326 2269 399 2326 nota
439 2262 690 2340 ‘memoraretur
726 2260 991 2329 substitueretur.
1047 2261 1131 2342 Quin
1165 2279 1324 2347 nusquam

141 2368 219 2434 alibi
242 2365 384 2435 eiusdem
410 2364 541 2431 boooris
564 2367 685 2433 mentio
707 2367 848 2433 recurrit
868 2366 1041 2452 depravata
1061 2363 1167 2432 iormo
1190 2365 1325 2431 firmiter

143 2473 258 2540 boesit.
308 2472 428 2538 Verum
447 2472 631 2538 restituisse
649 2471 845 2538 Bneclrlrium
869 2472 1034 2538 annotarit
1052 2469 1093 2538 ad
1105 2470 1220 2558 Stepb.
1233 2469 1323 2538 lber.

142 2577 336 2646 ltindoriius.

196 2684 231 2749 ln
257 2682 308 2748 lv.
334 2686 364 2746 ἀ.
395 2678 442 2747 ἀπο
471 2681 529 2760 μὲν
561 2679 643 2746 πάνυ
677 2682 840 2748 παλαιά
870 2680 981 2764 ἐνεργά
1012 2683 1059 2751 ist
1086 2685 1168 2748 πάτο
1204 2682 1322 2764 σαφές,

142 2790 301 2856 assentior
325 2788 365 2853 iis
388 2788 443 2873 qui
476 2786 579 2852 πάλιιι
613 2806 670 2872 pro
700 2786 827 2854 παλιιιά
856 2785 1075 2875 reponendum
1097 2806 1170 2853 esse
1193 2806 1322 2854 censue·

142 2905 230 2963 runt.
278 2892 402 2960 Metalla
435 2912 514 2979 quoe
544 2902 726 2957 exercentur
750 2894 878 2980 proprie
908 2892 1020 2974 ἐνεργά
1049 2888 1126 2958 εἶναι
1159 2890 1322 2959 dicuntur.

142 3000 274 3068 Scribae
297 3000 352 3085 qui
383 2998 477 3064 elisas
510 2996 634 3063 vocales
658 2996 697 3062 de
726 3018 784 3064 suo
803 2998 931 3085 explere
949 2996 1090 3064 assolent
1112 3007 1321 3066 llAAltlEN·

142 3116 250 3176 ΕΡΓΑ
280 3105 400 3191 opinati
432 3111 508 3170 sunt
531 3123 602 3170 esse
630 3104 746 3169 παλαί’
769 3102 899 3184 ἐνεργά,
924 3091 1033 3190 itaque
1061 3106 1189 3171 παλαιά
1214 3104 1323 3186 ἐνεργοί

141 3211 310 3280 dederunt.
357 3207 531 3274 Confirmat
563 3211 631 3295 ipse
659 3207 834 3294 Xenophon
858 3210 967 3275 statim
997 3209 1215 3295 subiungens:
1251 3209 1322 3277 οὕτω

142 3320 174 3384 δὲ
197 3317 332 3385 πάλαι
365 3316 563 3398 ὀρυττομένης
587 3339 622 3380 τε
647 3315 698 3381 καί
723 3315 946 3398 ἒκφορουμέννς
968 3323 1025 3392 τῆς
1048 3316 1264 3396 ἀργυρίτιδος,
1287 3335 1323 3384 ex

143 3445 207 3513 quo
225 3424 294 3489 loeo
317 3421 410 3487 lneile
438 3430 486 3486 est
510 3422 650 3487 eximere
681 3429 773 3487 vetus
796 3420 946 3486 mendum
978 3440 1017 3486 ex
1040 3421 1080 3485 iis
1103 3440 1186 3507 quoe
1217 3421 1324 3508 legun·

141 3541 197 3598 tur
220 3529 274 3595 lv.
299 3531 362 3593 52:
396 3527 474 3608 τίοιρ
497 3527 625 3592 πλείονα
647 3528 779 3605 nepote
802 3527 959 3608 εὑρήσουοί
991 3551 1027 3590 τε
1058 3526 1111 3592 καί
1140 3531 1324 3610 φοριίτον·

142 3660 210 3703 οιν.
257 3632 420 3717 intelliges
444 3629 520 3716 quid
542 3629 628 3697 dicat
653 3630 707 3697 ubi
742 3631 982 3698 emendaveris:
1016 3630 1068 3697 καὶ
1101 3634 1324 3717 ἐκφοράοον·

141 3766 210 3808 οιν.

185 3844 373 3913 Notavimus
400 3842 475 3909 alibi
499 3843 673 3910 solemnem
698 3843 916 3911 contusionem
950 3845 1050 3910 trium
1079 3845 1323 3930 participiorum

142 3952 332 4036 ἀφιέμενος,
355 3950 511 4033 ἀφέμενος
534 3958 566 4016 et
590 3951 768 4033 ἀφειμένος.
815 3949 894 4030 Quis
922 3948 1021 4016 iricius
1048 3949 1095 4016 rei
1118 3969 1242 4035 gnarus
1269 3949 1324 4016 du·

141 4059 223 4125 bitot
246 4055 299 4122 lv.
323 4061 354 4122 6.
390 4054 584 4123 rescribere:
618 4055 726 4121 πολλοὶ
759 4055 962 4138 ἀφέμενοι
989 4061 1042 4122 τοῦ
1066 4058 1122 4132 τὴν
1144 4064 1206 4134 γῆν
1232 4055 1322 4138 ἔργά·

141 4166 245 4249 ζεοίοοο
270 4163 321 4227 ἐπ’
344 4161 491 4242 ἐμπορίας
514 4198 559 4208 -
581 4159 764 4240 τρέπονται,
788 4180 846 4246 pro
869 4160 1056 4244 ἀφιέμενοιί

188 4267 285 4337 Seioli
307 4285 438 4333 manum
461 4284 597 4350 agnosco
620 4264 673 4329 lv.
698 4269 729 4329 6.
762 4265 817 4331 ubi
841 4286 941 4354 quum
972 4267 1105 4336 dixisset
1125 4268 1320 4357 Xenophon:

140 4381 298 4460 ἀργυρῖτις
320 4373 351 4439 δὲ
375 4369 432 4454 ὅσῳ
456 4369 494 4437 ἀν
515 4371 628 4438 πλείων
649 4371 819 4457 φαίνηται,
843 4373 1058 4444 insulsissime
1078 4374 1227 4443 additur:
1256 4374 1320 4464 [καί
