2940 5010
641 270 705 334 547

71 444 157 515 alias
177 443 491 520 demonstravimus,
514 462 576 509 non
598 442 794 511 intellectam
818 440 879 509 sibi
905 442 996 530 plotae
1028 444 1208 511 censerunt
1231 454 1264 511 et.

75 552 151 619 aine
168 569 268 619 11111111
289 569 374 619 nune
392 547 518 628 editur,
541 549 612 623 τοὺς
631 550 689 627 μέν
712 547 853 623 ίόντας
865 549 1023 632 -φίλιος
1046 550 1188 632 έδέχονσο
1208 569 1266 637 pro

73 655 271 741 προσιόντας.
326 654 541 723 Utilissimum
580 660 629 719 est
664 652 836 739 diligenter
877 654 1134 722 animadvertere
1168 665 1201 723 et
1233 656 1266 722 in

75 772 226 851 ternpore
249 761 436 829 meminisse
455 758 542 825 illam
564 758 680 843 siglam
702 766 901 845 perveterem
927 761 1172 847 praepositionis
1192 760 1266 843 τρός

79 868 193 959 (quana
218 866 291 934 vide
313 865 398 953 apud
412 866 556 931 Bastium
581 864 761 931 Comment.
788 864 951 950 Palaeopr.
975 862 1136 951 depictam
1150 865 1182 931 in
1208 866 1267 933 Ta·

76 972 157 1043 bula
179 971 223 1044 11.
247 972 292 1061 5.)
324 990 418 1059 saepe
447 978 589 1037 autnon
623 968 819 1037 intellectam
855 989 987 1058 prorsus
1018 970 1180 1038 interiisse
1210 979 1268 1037 aut

78 1076 167 1147 niele
196 1078 392 1146 intellectam
421 1077 453 1142 in
486 1076 542 1144 καί
563 1074 612 1142 vel
647 1074 877 1151 εἰςι1Ικατοί
910 1074 961 1141 vel
995 1077 1062 1142 aiat
1091 1074 1141 1141 vel
1169 1075 1266 1143 aliam

78 1182 257 1273 qnamdam
280 1183 548 1272 praepositionem
579 1180 786 1269 depravatam
811 1201 891 1248 esse.
938 1181 1038 1247 Periit
1069 1180 1154 1268 apud
1187 1181 1267 1249 Ono·

78 1288 240 1359 andrum
263 1309 295 1377 p.
316 1296 370 1355 ut.
393 1288 465 1363 τοὺς
487 1288 545 1367 μέν
568 1288 671 1362 ἰόντας
695 1287 747 1353 ne
769 1293 823 1354 τοῦ
843 1288 947 1371 φωτὸς
970 1287 1006 1353 έκ
1038 1293 1153 1354 πολλοῦ
1182 1288 1267 1355 συνέ-

79 1402 220 1481 ψονσαι,
245 1394 300 1461 uhi
330 1394 451 1482 optime
475 1392 710 1461 demonstravit
741 1391 960 1460 Schwenetius
989 1393 1169 1474 προσιόντας
1197 1412 1269 1461 osse

78 1498 337 1578 emendandum,
359 1498 415 1567 sed
439 1518 500 1567 cnr
522 1497 693 1566 excidisset
711 1499 906 1585 praepositio
926 1517 988 1563 non
1010 1500 1184 1585 perspexit.
1231 1498 1268 1565 ln

76 1606 147 1675 rita
169 1604 292 1673 inedita
314 1605 518 1685 Aristotelis,
540 1624 638 1691 qnam
662 1622 681 1669 e
703 1602 818 1670 Codice
843 1603 1006 1670 llarciano
1027 1602 1202 1691 descripsi,
1225 1601 1269 1671 le·

77 1714 201 1801 gitur:¹
218 1708 279 1779 dra
311 1712 370 1791 μέν
397 1711 461 1793 γὰρ
488 1708 600 1781 ἕκατον
630 1708 835 1791 εὐηργέτησεν
859 1711 893 1776 αἱ
924 1709 1147 1792 γεγραμμέναι
1181 1712 1268 1792 αὐτῷ

78 1818 193 1887 zarai
215 1818 287 1893 τοὺς
309 1817 466 1899 βασιλέας
489 1816 561 1899 περί
581 1839 670 1883 τινυν
688 1814 832 1884 έπιςολαὶ
854 1814 1017 1893 δηλοῦσιν,
1040 1823 1073 1882 11
1095 1822 1168 1900 post
1191 1834 1269 1901 pan·

78 1944 142 1993 ee:
173 1926 232 2001 τήν
255 1924 392 2005 πατρίδα
415 1921 578 2004 Στάγειρα
600 1922 696 1987 πείθει
731 1920 785 1987 τὸν
812 1917 1013 2003 Ἀλέξανδρον
1035 1920 1170 2002 δεύτερον
1202 1920 1269 1987 κτί-

79 2030 146 2115 ζιτυ
174 2028 229 2097 nl
251 2029 357 2112 χώραν
379 2028 486 2111 έτέραν
508 2029 589 2111 αὐτῇ
620 2023 908 2104 expallidum,
935 2028 1001 2091 ἀνθ’
1021 2022 1059 2091 ὦν
1083 2026 1108 2091 σί
1128 2037 1269 2105 Σταγει·

77 2144 168 2219 prem
189 2144 276 2215 μῆνα
304 2134 606 2215 κατηγόρευσαν
633 2129 856 2213 Ἀριςοτέλειον
883 2129 936 2197 κα1
965 2132 1066 2213 έορσήν
1089 2128 1164 2210 ήγον
1188 2132 1270 2214 Ἀρι·

77 2240 251 2321 misera,
282 2248 316 2306 11
341 2247 555 2326 postpauca:
589 2238 696 2305 noted
720 2238 752 2303 δέ
783 2237 836 2302 καί
858 2236 1036 2311 Ἀθηναίους
1064 2238 1270 2319 εὐηργέτησεν

75 2348 112 2415 έν
134 2352 203 2422 ταῖς
232 2343 341 2411 κατὰ
371 2345 526 2412 Φίλιστον
548 2343 756 2425 γράμμασιν,
790 2340 843 2413 ὅς’
866 2342 1043 2417 Ἀθηναίους
1063 2343 1094 2407 έν
1117 2353 1157 2427 τῇ
1181 2347 1270 2426 οέκρο-

75 2450 175 2521 πέλει
196 2448 364 2534 οίνδριόντα
385 2451 471 2532 αὐτῷ
491 2451 668 2529 έναίεῖναι,
694 2448 766 2514 lnce
788 2447 909 2514 clarius
933 2455 983 2514 est
1006 2446 1176 2533 legendnm
1200 2469 1270 2517 esse

78 2556 160 2643 πρδς
187 2558 260 2631 τοὺς
287 2555 466 2636 βασιλέας,
494 2553 707 2635 προσδιδόναι,
731 2554 981 2636 προσηγόρευσαν
1005 2561 1037 2619 11
1063 2555 1137 2637 πρὸς
1159 2556 1271 2622 Φίλιπ-

77 2686 164 2739 πον,
194 2668 230 2729 et
252 2659 338 2727 unde
362 2658 396 2726 lri
420 2679 546 2726 errores
576 2661 643 2725 nati
668 2659 734 2725 sint
760 2660 982 2745 unusquisqne
1013 2659 1124 2726 statim
1149 2662 1271 2747 perspi-

77 2768 142 2837 cit.
186 2764 356 2833 lntercidit
379 2766 453 2847 ντρές
476 2764 564 2852 apud
586 2764 784 2833 Dinarchum
810 2764 899 2831 Orat.
922 2764 947 2830 1.
974 2771 1056 2832 100:
1084 2767 1118 2832 τί
1139 2766 1203 2848 γοόρ
1223 2767 1270 2837 έςι

78 2874 204 2959 ῥήτορος
225 2870 409 2951 δημοτικοῦ,
435 2871 500 2937 imo
522 2890 614 2949 vero,
638 2869 781 2937 liobraen
801 2867 928 2946 iudice,
950 2871 1025 2951 πρὸς
1044 2873 1173 2953 ρ’ήτορος.
1220 2869 1273 2937 ln·

80 2974 219 3047 11111111
240 2974 326 3064 apud
359 2972 505 3064 Thucyd.
530 2975 585 3041 111.
611 2979 665 3041 ee.
702 2976 757 3042 ubi
786 2974 989 3041 Plataeenses
1016 2976 1064 3041 sic
1097 2974 1273 3063 Spartanos

79 3082 271 3153 meant:
302 3080 404 3149 ίαέται
432 3080 608 3160 γιγνόμεθα
630 3082 712 3161 ὑμῶν
741 3086 800 3147 τῶν
821 3078 969 3161 πατρῴαν
990 3079 1103 3163 τοὶφοιν
1126 3081 1179 3148 καὶ
1204 3082 1274 3148 έπι-

82 3187 270 3269 καλούμεθα
291 3187 364 3261 τοὺς
393 3185 590 3266 κεκμηκότας
618 3188 664 3267 μή
688 3186 831 3265 γενέσθαι
863 3186 921 3251 dard
953 3186 1127 3265 Θηβαίοις,
1158 3185 1273 3274 supple

79 3296 161 3381 πρ1ς
181 3298 243 3361 τῖον
260 3290 409 3374 πατρῴαν
430 3290 553 3375 τάφον.
577 3291 655 3374 Πρίς
678 3292 711 3357 in
735 3292 767 3366 ές
792 3296 981 3377 corruptum
1004 3300 1054 3358 est
1077 3292 1162 3380 apud
1188 3292 1275 3360 Tna-

81 3396 163 3491 qd.
181 3396 266 3465 1111.
289 3402 346 3466 47.
378 3400 546 3478 μνησίήναν
567 3396 636 3479 περὶ
667 3399 763 3464 αὐτοῦ
788 3397 819 3470 ές
842 3396 913 3470 τοὺς
942 3397 1109 3476 βελτίςους
1134 3406 1193 3466 τῶν
1217 3402 1274 3466 όν-

82 3504 228 3589 dm,
257 3522 399 3589 namque
428 3502 587 3570 Graecum
613 3509 663 3570 est
690 3503 859 3582 μνησόήναι
881 3502 952 3584 περί
980 3527 1059 3578 τινος
1087 3504 1162 3587 πρός
1192 3530 1275 3573 τινα.

82 3606 246 3679 Simililer
266 3607 412 3697 Thucyd.
431 3608 486 3675 11.
511 3612 565 3674 211.
589 3610 631 3691 τῷ
654 3609 687 3675 δέ
714 3607 795 3689 πεζῷ
819 3607 892 3689 πρὸς
912 3610 968 3685 τήν
987 3607 1080 3675 πόλιν
1103 3610 1275 3691 έσέβαλον,

83 3716 252 3785 imorem
280 3714 485 3798 προσέβαλον.
531 3712 620 3779 ldem
644 3714 761 3780 vitium
784 3721 832 3779 est
865 3712 1012 3802 Thucyd.
1036 3715 1118 3781 11111.
1144 3721 1199 3785 51.
1224 3718 1276 3783 έσ-

78 3820 185 3903 βολήν
205 3818 406 3901 retardassent
429 3830 468 3904 τῇ
498 3820 587 3886 πόλει
619 3820 771 3901 οὶτειχίςιρ
800 3817 891 3903 adop,
927 3820 1052 3906 corrige
1085 3823 1273 3904 προσβολήν.

81 3926 250 3995 nutritum
280 3934 330 3993 est
356 3923 430 4006 πρός
461 3925 494 3991 in
525 3924 611 3991 κατοὲ
647 3922 793 4014 Thucyd.
818 3923 841 3989 1.
870 3929 921 3990 15.
954 3931 1026 3991 κατ’
1060 3928 1218 4003 ἀλλήλους
1248 3930 1275 3993 σί

81 4032 286 4111 &walcones
320 4030 510 4109 ἐπολέμουν,
543 4040 575 4097 11
606 4030 660 4096 lv.
692 4034 746 4098 84.
781 4032 854 4097 κατ’
889 4032 1046 4108 ἀλλήλους
1086 4032 1273 4114 έςασίαζον,

84 4134 263 4224 utrobique
286 4138 416 4224 requiro
438 4138 512 4217 πρὸς
534 4138 704 4212 ἀλλήλους.
751 4137 850 4204 ilecto
871 4135 991 4221 legitur
1021 4139 1093 4203 κατ’
1116 4141 1276 4216 ἀλλήλους

86 4240 238 4331 Thunyd.
257 4242 294 4309 1.
316 4248 370 4309 60.
394 4244 425 4307 έν
444 4242 534 4327 αίτίρι
554 4244 581 4308 δ’
600 4239 687 4324 εἶχον
703 4247 776 4310 κατ’
797 4244 955 4319 ἀλλήλους
975 4252 1078 4325 πολλή
1098 4244 1151 4310 τίν
1166 4242 1275 4324 Ἆγιν.

83 4346 182 4435 llpud
201 4346 443 4436 Xenophontem
467 4348 539 4429 πρὸς
572 4347 776 4417 intercidisse
814 4346 942 4416 videtur
966 4347 1087 4417 llellen.
1113 4348 1150 4415 V.
1175 4353 1276 4418 117.
