2940 5010
711 285 776 353 472

144 480 208 530 nou
229 461 310 529 alias
333 458 452 528 formas
472 480 569 549 qnam
593 461 725 540 ἐδίδουν,
747 462 858 535 ἐδίδους
879 469 911 527 et
934 461 1029 528 ἐδνδου
1051 480 1207 547 nmquam
1231 462 1330 533 inisse

145 569 177 634 in
201 587 281 646 usu,
305 566 511 654 quamobrem
533 567 644 641 ἐδίδους
667 575 717 633 est
740 564 969 654 reponendum.
1016 566 1119 635 Periit
1138 568 1329 637 vccabulum

141 673 182 740 ad
206 673 398 740 sententiam
423 673 640 739 necessarium
663 673 696 738 in
725 670 750 762 S
774 678 804 739 7.
834 672 1089 748 triturabatur
1118 671 1230 753 ἄνειν,
1254 695 1330 763 sup·

140 780 192 867 ple
213 778 341 845 διίδυκα
365 775 454 843 ἄλλα
477 775 606 856 ἄλλοις,
635 786 734 865 atque
757 777 816 843 boc
838 777 969 845 demum
997 787 1047 846 est
1066 779 1244 847 brotebium.
1292 780 1329 847 to

139 883 165 975 S
189 888 242 950 21.
271 883 397 967 ἔχοντες
420 881 499 967 ξίφει
522 884 556 948 ori
580 886 704 968 ψήφους
735 884 944 965 repertura
974 886 1028 951 urci
1060 882 1130 962 ἐξῆν
1158 887 1234 965 ὑμῖν
1263 887 1330 953 ἔτι·

139 999 253 1074 κσυρεῑν
274 992 380 1063 αὐτοῖς
400 991 427 1056 εί
448 988 625 1069 ἐβούλεσθε.
677 987 847 1056 Sententia
870 989 1010 1076 postulet
1040 989 1232 1070 mammis,
1263 1010 1329 1059 nnn

139 1095 326 1173 cauteriatis,
350 1092 435 1180 quorl
458 1092 506 1160 vel
534 1094 636 1161 solum
660 1096 826 1175 ἐβούλεσθε
853 1095 971 1181 arguit.
1019 1094 1133 1181 Itaque
1161 1096 1330 1182 corrigere-

139 1200 217 1268 dum
249 1200 408 1282 σαρίςασε
437 1218 495 1285 pre
522 1199 689 1281 σαρέςησε.
736 1199 855 1266 Eodem
879 1200 970 1266 ducit
1000 1198 1131 1286 vulgata
1163 1201 1332 1288 scriptun

139 1309 363 1388 repererimus.
410 1304 566 1391 Compara
589 1324 671 1390 quae
694 1302 920 1377 adnotarimns
942 1304 982 1372 ad
1003 1304 1027 1371 1.
1050 1325 1116 1371 rrn.
1136 1310 1174 1383 a,
1196 1313 1233 1372 et
1256 1304 1332 1374 ride

139 1412 192 1478 lv,
217 1430 270 1477 nr.
296 1416 327 1477 7.
359 1410 524 1493 ὑφέςασαν
552 1409 672 1496 optime
695 1429 714 1475 a
738 1408 910 1478 Scbaeiero
940 1409 1146 1477 emendatum
1172 1429 1232 1498 pro
1255 1413 1331 1495 ὑφί-

137 1536 250 1587 ςασοιν.

181 1621 218 1688 In
243 1621 267 1710 §
289 1624 342 1686 Ἠ.
365 1625 526 1704 τοιγαροῦν
548 1619 687 1697 ἐξουσίαν
711 1621 877 1697 εὀισιιὶσασε
896 1631 960 1697 τοῖς
984 1632 1090 1696 κακοῖς
1115 1624 1219 1690 αὐτῶν
1242 1622 1330 1705 ὑβρί-

138 1728 199 1810 ζειν
226 1727 346 1815 [ἐῶντες
368 1726 515 1815 accord,
540 1726 650 1813 spuria
669 1734 747 1791 suot
767 1725 831 1792 dno
853 1725 966 1793 ultima
988 1726 1164 1807 uocabula,
1186 1746 1331 1815 quorum

138 1834 298 1900 sententia
321 1831 423 1899 multo
447 1831 563 1898 meiius
593 1830 747 1898 vocabulo
776 1836 938 1914 τοιγαροῦν
969 1832 1184 1918 significatur.
1234 1834 1330 1902 Prac-

136 1948 225 2006 terea
246 1937 386 2016 ἐξουσίαν
408 1946 503 2004 ποιεῖν
525 1938 586 2004 τινί
606 1935 687 2002 nihil
712 1935 872 2023 significat
897 1938 960 2003 nisi
984 1936 1164 2003 infinitivus
1183 1956 1330 2007 accesse-

136 2046 181 2111 rit
206 2042 291 2110 unde
313 2050 464 2130 appareat
487 2042 581 2110 cuius
606 2042 652 2107 rei
678 2050 867 2128 potestatem
898 2041 945 2108 vel
970 2041 1134 2109 licentiam
1157 2042 1259 2111 alicui
1283 2043 1329 2113 ie-

136 2150 220 2217 cisse
243 2148 317 2236 quis
349 2146 494 2214 dicatur:
532 2147 586 2213 ubi
614 2155 723 2214 autem
751 2148 885 2230 ὑβρίζειν
914 2146 978 2214 bue
1009 2150 1185 2216 retraxeris
1216 2152 1329 2226 tuerer

136 2255 250 2328 αὐτούς
274 2262 361 2320 stare
379 2252 448 2318 loco
470 2261 644 2340 nequeunt.

182 2360 312 2445 Insigne
334 2357 516 2445 exemplum
542 2358 798 2445 interpolationis
827 2359 859 2423 in
884 2356 908 2447 §
930 2360 983 2422 aa.
1009 2358 1189 2427 iunioribus
1210 2380 1331 2448 operae

136 2465 276 2553 pretium
309 2471 358 2529 est
388 2462 654 2530 animadvertere.
701 2462 840 2528 Dederat
869 2462 1067 2549 Xenophon,
1102 2474 1138 2530 ut
1164 2466 1330 2534 Porsenae

136 2570 256 2655 optime
278 2567 527 2646 demonstrarit,
550 2569 620 2642 τοὺς
644 2567 739 2640 κύνας
760 2568 832 2641 σοὺς
856 2569 1019 2648 χαλεποὺς
1040 2570 1101 2644 σὰς
1123 2570 1181 2649 μὲν
1206 2570 1329 2653 ἡμέρας

136 2673 310 2751 διδέασι,
341 2673 401 2747 τοὶς
426 2674 457 2739 δὲ
480 2673 595 2747 νύκτας
618 2676 745 2756 ceren.
796 2672 874 2739 Vide
897 2674 929 2738 in
955 2683 1076 2760 quanto
1101 2675 1247 2762 periculo
1271 2676 1331 2745 illu

136 2780 298 2866 scriptura
327 2777 444 2845 inerit:
481 2780 513 2844 in
545 2777 694 2844 omnibus
725 2776 817 2844 libris
844 2788 970 2866 praeter
1001 2779 1082 2846 duos
1114 2789 1249 2868 apparet
1279 2782 1330 2851 δε-

135 2886 306 2966 σμεύουοι,
331 2903 485 2970 compone
512 2904 586 2951 eum
615 2883 667 2950 his
691 2883 931 2972 Hesychianum
957 2887 1169 2953 Διδείαοι;
1193 2888 1329 2969 δεσμεύ-

134 3016 217 3058 ουσιν
245 3001 277 3057 et
306 3011 374 3057 rem
412 2989 545 3056 tenebis.
594 2989 631 3055 ln
664 2990 785 3077 optimo
817 2997 899 3057 teste
926 2991 1043 3057 δεδίασι
1077 2993 1236 3078 scriptum
1264 3001 1329 3061 est.

134 3097 277 3164 Verbum
300 3096 459 3177 δεσμεύειν
483 3114 540 3183 pro
564 3096 624 3161 δεῖν
648 3114 843 3182 quamquam
871 3104 903 3162 et
923 3096 999 3161 alibi
1023 3096 1108 3182 apud
1133 3096 1329 3184 Xenophon·

135 3210 200 3269 tem
225 3211 410 3289 comparet,
438 3212 546 3268 tamen
580 3220 641 3267 non
664 3199 792 3266 videtur
812 3201 929 3266 Atticis
952 3199 1190 3288 antiquioribus
1224 3201 1330 3273 iuisee

135 3309 314 3385 usitatum,
337 3317 369 3373 et
393 3306 572 3394 siquando
597 3307 740 3373 occurrit
770 3325 831 3371 non
858 3306 989 3372 meliore
1013 3308 1084 3373 inre
1107 3307 1254 3375 obtinere
1280 3308 1328 3375 lo·

135 3434 209 3480 cum
242 3421 339 3497 atque
362 3413 394 3477 in
427 3412 565 3478 Anabasi
588 3412 648 3485 τὰς
672 3413 729 3490 μὲν
753 3411 867 3492 ἡμέρας
898 3412 1171 3492 irretirent,
1202 3411 1260 3480 sed
1285 3411 1329 3483 de

132 3537 171 3584 ea
194 3537 229 3585 re
253 3517 332 3585 alias
356 3517 486 3584 dabitur
510 3515 684 3583 annotandi
708 3515 807 3582 loeus.

179 3624 214 3690 ln
239 3622 421 3689 Anabaseos
454 3622 535 3689 libro
557 3622 609 3688 vt.
635 3644 656 3687 1.
681 3627 712 3688 5.
739 3641 825 3688 nunc
849 3622 979 3689 tandem
1005 3622 1096 3689 rideo
1118 3623 1327 3695 biudorfittm

131 3731 183 3797 tot
196 3731 227 3797 δὲ
241 3728 326 3807 ξένια
339 3729 479 3810 ἐδέχοντο
491 3728 604 3801 αὐτούς
624 3725 831 3807 emendasse,
856 3728 910 3794 scd
931 3730 976 3795 iia
991 3738 1026 3794 ut
1039 3727 1125 3795 dicat
1150 3728 1221 3796 »ἐπὶ
1234 3729 1326 3809 &erra

127 3838 230 3924 potius
252 3856 346 3922 quom
368 3833 419 3900 ἐπὶ
446 3831 531 3918 ξενία
557 3832 754 3919 probandum
783 3855 850 3900 esre
879 3835 964 3920 oport
984 3835 1209 3920 cnepuiormf’
1256 3834 1324 3904 Sed

127 3943 179 4008 ε’νιδ
202 3939 289 4026 ξενία
308 3939 353 4007 nii
378 3940 441 4006 nisi
465 3938 622 4006 ridiculus
645 3937 876 4006 Graeculorum
900 3960 991 4007 error
1012 3948 1071 4006 est.
1119 3938 1207 4007 Satis
1230 3942 1323 4010 enim

130 4068 218 4114 nunc
249 4047 334 4113 inter
355 4065 467 4112 omncs
499 4053 624 4110 constat
655 4044 806 4121 Veteres,
836 4048 864 4110 si
888 4046 962 4131 quis
992 4047 1095 4112 civem
1117 4057 1248 4113 roraret
1278 4046 1325 4115 ari

127 4171 259 4220 coenam
284 4152 335 4217 ἐπί
359 4152 478 4218 δεῖπνον
502 4158 610 4216 καλεῖν
641 4148 751 4216 soiitos
774 4148 898 4228 dicere,
923 4151 951 4215 si
975 4150 1049 4236 quis
1073 4149 1232 4237 hospitem
1261 4176 1322 4219 κα·

125 4268 192 4324 arro
216 4257 268 4322 ἐνοδ
300 4255 395 4335 ξένια.
443 4256 545 4338 Quam
571 4274 665 4342 saepe
689 4256 721 4320 in
747 4255 1013 4343 inscriptionibus
1037 4265 1069 4322 et
1098 4254 1236 4324 aliorum
1260 4278 1322 4345 pe-

126 4366 275 4452 pulerum
304 4372 335 4429 et
358 4362 474 4428 trucis
498 4362 637 4428 recurrit
667 4361 799 4428 καλέσαι
825 4363 857 4427 δὲ
884 4363 936 4428 καί
959 4364 1031 4437 τοὺς
1051 4362 1198 4443 πρέσβεις
1231 4374 1323 4432 Ent-
