2940 5010
712 274 774 335 rtt

149 448 342 516 1ιιιιοίιικιι
367 454 594 521 mutaverunt,
619 444 704 532 quod
729 447 761 512 in
785 444 927 535 Philyltii
949 443 1131 531 fragmento
1153 445 1243 534 apud
1271 444 1339 514 Pol·

146 553 249 620 lucem
275 553 313 619 Χ.
339 556 382 620 118
407 551 527 618 iactum
550 572 621 619 esse
645 549 779 618 videbis.
825 551 1004 619 dieinekius
1026 549 1146 618 edidit:

326 659 361 724 ἐκ
384 664 443 732 τοῖς
464 658 621 731 πινακίδος
644 659 670 724 δ’
692 657 855 739 ἄμπερέως
877 654 896 722 θ’
915 681 946 723 τι
969 681 1012 723 ιια
1029 657 1111 740 λέγει

324 766 368 830 πα
388 765 554 845 γράμμαθ’
578 765 733 846 ἐρμιὶνενε.

145 890 203 956 pro
225 871 390 956 scriptura
413 868 568 936 librorum
587 866 607 934 θ
625 894 657 936 τι
679 869 738 936 κῶν
757 869 856 948 πίνοι.
903 866 1011 934 Facite
1031 876 1165 955 apparet
1187 867 1209 935 δ
1225 893 1257 935 τι
1280 868 1332 934 καί

145 976 234 1053 λέγει
259 975 486 1061 corrigendum
509 994 589 1041 esse.
624 973 738 1041 Nescio
762 974 836 1060 quis
857 972 982 1040 litteras
1005 973 1153 1041 nesciens
1175 974 1332 1062 scriptam

146 1079 293 1147 tabellam
325 1080 417 1146 alteri
447 1081 584 1167 porrigit
611 1078 725 1146 iubens
751 1079 813 1145 sibi
843 1079 1051 1166 interpretari
1069 1076 1090 1145 θ
1108 1103 1139 1146 σι
1164 1080 1219 1146 καὶ
1243 1080 1331 1159 λέγει

144 1189 187 1252 τοὶ
208 1185 407 1268 γράμματα,
432 1185 463 1251 id
488 1194 537 1252 est
559 1183 627 1252 ὅτι
651 1185 726 1252 ποτὲ
749 1185 791 1251 τοὶ
815 1183 999 1267 γράμματα
1016 1185 1124 1265 λίγα,
1148 1204 1214 1272 quo
1236 1203 1330 1252 sensu

145 1293 200 1358 καί
231 1300 296 1357 tam
329 1290 408 1358 bene
438 1299 471 1358 et
501 1288 688 1377 frequenter
716 1290 837 1357 dicitur
870 1290 955 1380 (vide
983 1290 1114 1357 Porsen.
1147 1289 1188 1356 ad
1218 1290 1327 1378 Eurip.

145 1396 263 1463 Phoen.
289 1417 333 1462 vs.
362 1396 461 1485 1373)
485 1404 583 1482 atque
608 1394 656 1463 oiv—
672 1395 848 1463 absurdum
877 1404 935 1462 est.
982 1395 1135 1462 noricum
1166 1394 1233 1479 ποίρ
1264 1415 1329 1484 pas·

145 1505 206 1568 sim
232 1501 379 1569 inlibris
402 1501 482 1568 solet
513 1502 545 1566 in
577 1500 664 1584 παριί
696 1500 801 1580 abire,
832 1510 984 1586 recteque
1013 1498 1141 1568 dhrens
1168 1502 1203 1569 in
1228 1502 1329 1569 iocoso

145 1609 277 1694 parasiti
302 1607 505 1695 Epicharmei
531 1606 617 1673 dicto
639 1607 724 1695 apud
748 1607 890 1674 Demetr.
913 1606 981 1687 περὶ
1004 1607 1072 1687 ἑρμ.
1095 1604 1121 1696 S
1141 1610 1196 1673 24.

235 1715 314 1780 σθκα
336 1717 393 1794 μὲν
413 1716 443 1779 ἕν
467 1716 564 1791 σιὶνοιρ
588 1713 667 1792 ἑνῶν
691 1709 726 1788 ἦν
745 1714 824 1779 τθιια
847 1713 879 1780 δὲ
902 1713 990 1793 παροδ
1010 1714 1108 1790 σθνοιρ
1132 1712 1230 1792 ἑνῶν,

146 1820 311 1905 rescripsit
342 1821 406 1902 πῶρ
432 1822 531 1897 σήνοις
558 1818 598 1886 de
626 1818 706 1886 urar.
734 1819 807 1885 [ior.
832 1837 861 1904 p.
888 1822 952 1884 355
982 1816 1120 1904 probans
1142 1818 1177 1883 in
1208 1817 1328 1885 Aristo·

145 1924 260 2010 phanis
289 1925 357 1992 loco
380 1927 444 2008 πὰρ
467 1934 511 2010 σᾷ
537 1928 590 2008 σιῷ
612 1944 630 1991 a
654 1925 775 1991 Koonio
801 1924 989 2008 repositum.
1037 1921 1197 1991 Admonet
1220 1943 1271 1989 me
1293 1941 1328 1989 ca

144 2050 195 2096 res
219 2029 279 2096 loci
300 2030 480 2110 Pindarici,
505 2050 600 2117 quern
623 2050 641 2097 a
661 2028 773 2096 multis
794 2028 869 2095 inde
888 2027 1026 2095 saeculis
1046 2028 1223 2096 ridiculum
1245 2047 1329 2096 men·

143 2134 221 2201 dum
246 2134 368 2203 obsidet
393 2135 486 2225 Pyth.
511 2136 600 2202 116

369 2244 460 2323 πέρας
483 2243 540 2321 μὲν
564 2241 733 2320 θανμσίσιον
758 2240 949 2322 προσιδέσθαι

368 2349 475 2426 θαῦμα
495 2348 527 2413 δὲ
547 2347 599 2413 καί
623 2345 790 2427 παριόντων
813 2347 962 2422 ἀκοῦσαι,

144 2447 237 2516 facile
261 2451 385 2517 vincam
409 2453 473 2533 πῶρ
494 2453 615 2519 ἱδθνσων
638 2470 657 2517 a
681 2458 773 2536 poeta
795 2451 952 2536 scriptum
977 2469 1056 2516 csse.

189 2554 412 2642 Theopompus
433 2557 519 2643 apud
543 2555 647 2623 Schol.
668 2556 767 2622 Arist.
792 2556 926 2644 Lysistr.
954 2560 1008 2623 to.

390 2664 500 2729 ὑποδοῶ
523 2663 632 2742 λαβὼν
655 2661 715 2734 τοὶς
738 2662 940 2743 περιβαρίδας

142 2765 377 2852 comparandus
397 2777 447 2834 est
469 2788 543 2834 curn
570 2765 782 2854 Aristophane
802 2767 835 2832 in
859 2766 952 2852 Vesp.
980 2772 1077 2833 11118.

345 2872 435 2940 τασδί
459 2873 485 2939 δ’
508 2873 628 2946 dudm
650 2873 760 2938 inodori
784 2874 892 2952 λαβὼν
915 2873 1119 2949 Λακωνικάς,

142 2995 281 3063 namque
304 2978 351 3043 sic
375 2979 496 3065 optime
519 2976 722 3063 Hirschigius
743 2977 867 3043 sanavit
892 2975 1062 3043 ridiculam
1085 2975 1243 3045 librorum
1266 2977 1330 3046 lec·

142 3083 260 3150 tionem
285 3084 408 3151 ὑπόδυθι
436 3085 495 3159 σῶς
524 3080 723 3156 Λακωνικῶς.
771 3082 852 3148 Hinc
882 3081 1083 3170 Theopompo
1115 3082 1213 3152 redde
1233 3086 1328 3153 τασδὶ

139 3190 350 3271 περιβαρίδας.

184 3293 271 3360 idem
297 3295 380 3382 apud
405 3295 560 3360 Zonaranr
585 3315 616 3380 p.
639 3298 703 3361 588
725 3294 795 3367 τοὺς
827 3294 1046 3373 βιβλιοπώλαις
1070 3295 1224 3374 κείσομαι
1255 3294 1328 3363 bur·

141 3398 232 3476 bare,
256 3399 433 3466 Meiuekius
453 3401 607 3478 πεύσομαι
632 3398 764 3466 soloeue.
815 3397 980 3484 Suspicor:
1010 3401 1082 3482 πρδς
1105 3400 1328 3480 βιβλιοπθλαο

136 3506 294 3584 θεύσομαι.

182 3607 344 3696 Nicophon
368 3608 483 3676 Athen.
506 3631 536 3697 p.
560 3614 614 3677 80.
640 3611 677 3676 A.

363 3716 417 3781 ἐὰν
440 3716 472 3782 δέ
495 3719 529 3796 γ’
549 3719 633 3794 ἡμῶν
657 3714 737 3782 σῦκοί
762 3741 808 3789 τις
832 3717 1035 3798 μεσημβρίας

361 3820 483 3902 τρώγων
507 3823 647 3905 καθεύδῃ.

137 3926 206 3993 {ieri
235 3925 293 3992 hoc
324 3925 526 3992 nullomodo
551 3935 673 4015 potest,
698 3935 734 3992 ut
758 3927 832 4012 quis
853 3928 977 4008 σρῶγων
1000 3925 1073 4008 ἅμα
1096 3926 1252 3999 dormiat:
1276 3948 1324 3997 re·

135 4031 239 4098 scribe
259 4032 390 4114 πρανῶν.

181 4137 347 4226 Polyzelus
368 4137 452 4226 apud
474 4137 622 4204 Photium
649 4159 678 4203 v.
701 4145 770 4204 Τῶν
794 4145 879 4220 τριῶν
903 4147 1004 4207 κακῶν
1026 4138 1069 4207 ἕν.

271 4252 357 4326 τριῶν
377 4247 479 4311 κακῶν
503 4250 578 4323 γοῦν
602 4240 636 4318 ἦν
660 4244 759 4311 ἕλεσθ’
781 4248 866 4326 αὐτῷ
890 4272 920 4312 τι
943 4252 1021 4314 oroic'
1043 4244 1185 4325 antyro.
