2940 5010
704 284 770 346 500

146 454 196 520 ἐπὶ
220 454 321 531 ξενίαι
343 462 400 519 aut
424 453 473 520 ἐπὶ
496 452 582 536 ξενίᾳ
605 451 744 540 iegitur,
770 454 986 522 emendandos
1012 479 1082 525 esso
1110 459 1241 545 saepius
1267 461 1326 525 iam

145 559 447 626 demonstravimus.

190 665 225 730 in
249 669 265 752 p
288 671 317 730 7.
347 666 382 741 ήν
407 660 456 729 ούν
481 665 549 740 ἴητε
577 666 632 730 σὺν
660 669 734 746 ήμῑν
762 665 814 730 τύν
842 690 878 733 τε
908 667 1016 750 ἐχθρὸν
1043 669 1252 751 τιμωρήσεσθε
1279 671 1330 737 καὶ

142 770 277 852 δαρεικὸν
301 767 410 844 ἕκαςος
433 769 507 836 οἴσει
524 777 578 837 τοῦ
601 773 693 852 μηνὸς
715 774 807 852 ὑμῶν.
855 770 1028 838 Mirificum
1054 772 1114 839 hoc
1140 782 1191 840 est
1215 773 1330 863 hyper·

144 876 238 941 baton
269 895 325 961 pro
347 873 456 948 ἕκαςος
481 878 563 955 ὑμῶν
583 878 656 944 οἴσει
680 884 735 945 τοῦ
759 877 871 958 μηνός,
898 885 931 943 et
954 878 1028 962 quis
1048 877 1182 944 inducet
1201 879 1236 945 in
1266 881 1331 946 ani·

143 1001 232 1048 muru
264 981 308 1045 ita
335 978 414 1046 haec
447 1001 466 1045 a
496 982 706 1070 Xenophonte
737 982 873 1049 iorrnata
905 981 996 1048 esset
1055 982 1146 1048 Levis
1177 987 1328 1051 errorin

142 1095 301 1153 οιΣΕΤΕ
325 1088 516 1151 conrmissns
545 1087 584 1152 ah
612 1089 654 1153 iis
675 1088 731 1175 qui
754 1087 865 1163 ἕκατος
885 1088 985 1154 οἴσετε
1009 1087 1214 1154 mirabantur
1238 1088 1330 1158 iutiie

141 1192 397 1259 additamentum
431 1195 562 1278 peperit.
617 1194 782 1260 Emenda:
813 1195 865 1260 καὶ
902 1192 1037 1275 δαρεικὸν
1065 1190 1175 1267 iresca
1204 1192 1329 1262 ούσετε

139 1304 193 1364 τοῦ
218 1296 313 1377 puris
340 1306 500 1382 expuncto
525 1297 715 1366 emblemate
737 1301 834 1379 ὑμῶν,
860 1299 912 1364 oui
938 1300 1001 1364 iam
1029 1298 1138 1365 nuilus
1162 1299 1255 1367 iocus
1277 1321 1327 1367 sn·

142 1412 259 1490 perest.

187 1509 222 1574 in
247 1511 309 1597 §a
334 1506 548 1588 ςοατενύμενοι
572 1545 617 1557 -
635 1509 718 1575 οὐδὲν
742 1509 956 1588 πεπαύμεθα,
982 1517 1069 1576 recte
1089 1510 1232 1576 asseruit
1254 1509 1328 1576 hin·

141 1613 262 1680 doriius
280 1614 363 1679 οὐδὲν
383 1613 524 1693 παύομαι
547 1623 579 1680 et
601 1614 684 1680 ούδὲν
708 1615 885 1694 πέπαυμαι.
935 1614 1129 1700 Saepissime
1147 1614 1227 1681 haec
1243 1614 1327 1702 apud

141 1719 351 1787 Athenienses
371 1717 540 1803 leguntur:
565 1723 598 1785 ού
620 1722 757 1787 παύεται
781 1730 814 1788 et
837 1722 920 1787 οὐδὲν
938 1722 1074 1787 παύεται
1102 1721 1150 1786 sic
1174 1718 1328 1787 differunt

141 1832 178 1890 ut
202 1825 329 1889 Latine:
353 1823 450 1909 finem
470 1845 530 1890 uon
552 1827 630 1912 [σοιν
650 1833 680 1891 et
702 1827 799 1898 finem
822 1826 945 1892 nulium
964 1827 1050 1913 [coit.
1097 1824 1329 1912 Aristophanes

143 1932 174 1996 in
199 1930 292 2016 Vesp.
320 1934 415 1995 1478.

366 2036 547 2116 ὀρχούμενος
570 2042 626 2110 τῆς
649 2037 754 2110 νυκτὸς
778 2037 861 2101 οὐδὲν
886 2035 1032 2102 παύεται.

141 2141 187 2209 ad
219 2140 296 2208 haec
327 2142 424 2208 etiam
458 2139 573 2205 melius
599 2149 688 2227 patet
718 2140 807 2207 iraus
837 2140 925 2206 scioli
959 2139 1044 2228 apud
1077 2143 1209 2230 Lysiam
1239 2141 1327 2211 Orat.

139 2247 222 2315 xvi.
242 2251 294 2313 20.
313 2253 373 2312 τῶν
395 2244 548 2326 προγόνων
568 2247 785 2327 ἒνύιιμούμενος
807 2245 853 2314 ύτι
877 2247 960 2314 οὐδὲν
982 2247 1160 2314 πέπαυνται
1179 2255 1249 2314 τῶν
1271 2257 1327 2324 τῆς

139 2354 257 2426 πόλεως
282 2352 489 2432 πρήσσοντες,
517 2366 646 2439 apparet
673 2355 759 2419 eninr
778 2354 822 2419 τοὶ
841 2363 897 2430 τῆς
918 2351 1037 2426 πύλεοις
1061 2372 1132 2418 esse
1153 2352 1329 2420 emendan-

140 2457 216 2524 tium
240 2465 272 2523 et
294 2455 391 2521 simul
413 2464 545 2541 apparet
567 2459 645 2542 quiri
673 2457 920 2524 homuncionem
938 2459 969 2523 iu
989 2477 1132 2524 errorem
1149 2458 1328 2545 impulerit.

140 2564 291 2649 Apposite
315 2559 497 2626 Diudorhus
515 2560 626 2628 laudat
650 2563 750 2629 Anah.
776 2563 831 2631 tv,
851 2585 884 2629 n.
905 2570 946 2638 4,
973 2564 1028 2629 uhi
1050 2571 1251 2630 correctores
1273 2584 1328 2631 au·

141 2671 264 2754 tiquam
291 2665 481 2731 lectionem:
514 2668 623 2733 ούδὲν
647 2669 824 2734 ἐπαύσαντο
851 2670 888 2734 δι’
912 2666 985 2744 ianr
1009 2677 1066 2745 τῆς
1090 2670 1197 2743 νυκτὸς
1225 2685 1330 2736 κυλιν·

140 2776 259 2847 δοῦιτες
287 2771 503 2860 (κυλίνδοντες)
523 2774 593 2846 τοὺς
619 2776 737 2852 attone,
768 2793 865 2861 quam
888 2783 1018 2839 servant
1047 2782 1187 2860 quatuor
1212 2775 1328 2862 optimi

143 2888 258 2955 testes,
283 2876 368 2942 nitro
394 2874 611 2963 depravarunt
632 2879 663 2943 in
688 2880 763 2946 οὐδ’
785 2879 975 2945 ἐπαύσαντο.

187 2986 299 3071 inepte
310 2979 453 3047 abundat
467 2982 525 3061 μέν
539 2982 607 3047 Vll.
620 3004 662 3049 vr.
678 2989 734 3050 10:
750 2981 808 3055 ύςε
827 2980 893 3063 tyr
907 2992 1022 3066 πρῶτος
1038 2984 1139 3062 λέγων
1154 2983 1328 3073 ἐγὼ[μὶν],

140 3094 165 3158 εἰ
189 3095 295 3156 τοῦτον
318 3088 409 3166 ἴδοιμι
434 3088 687 3155 καταλευσύὲντα
718 3090 770 3155 καὶ
802 3088 894 3155 δύντα
918 3090 1002 3164 δίκην
1026 3087 1064 3154 ὧν
1086 3092 1171 3168 ήμῖιι
1194 3099 1331 3170 crepuit·

140 3196 294 3266 κε--τὸν
317 3194 422 3272 μισύύν
445 3191 484 3258 ιἰν
508 3218 559 3272 μοι
581 3194 654 3260 δοκῶ
679 3193 774 3277 ἔχειν.

186 3302 222 3367 Iu
248 3306 265 3387 §
288 3305 325 3364 11
361 3300 421 3376 ἐγὼ
445 3304 496 3363 νῦν
520 3301 575 3382 ὑφ’
600 3302 682 3379 ὑμῶν
704 3301 846 3374 αἰτίαι
878 3300 942 3383 ἔχοι
967 3299 1183 3366 revocandum
1206 3307 1257 3366 est
1280 3300 1328 3366 αἱ·

140 3408 233 3483 τύαν,
257 3401 327 3468 coil.
353 3408 370 3487 §
393 3408 432 3468 15
463 3409 527 3476 πῶς
551 3405 589 3471 ύιν
613 3406 658 3472 ἔτι
682 3407 805 3479 δικαίοις
836 3408 891 3489 ὑφ’
915 3407 998 3483 ὑμῶν
1032 3404 1175 3471 αἰτίαν
1198 3403 1326 3486 {zormu

141 3519 173 3577 et
198 3510 314 3596 passim
339 3509 443 3573 αἰτίαν
468 3506 553 3590 ἔχειν
581 3509 720 3597 iegitur,
752 3509 807 3576 uhi
831 3510 920 3576 verbi
948 3512 1106 3577 αἰτιᾶσθαι
1131 3507 1234 3576 forma
1256 3530 1329 3597 pas·

141 3618 208 3683 siva
242 3613 430 3699 requiritur.
484 3615 599 3681 Αἰτίαι
631 3615 716 3697 ἔχειν
748 3620 832 3684 enirn
867 3618 988 3684 dicitur
1019 3624 1056 3682 ut
1087 3615 1209 3682 ἔπαινοι
1241 3615 1329 3698 ἔχειν

142 3742 199 3810 pro
218 3721 426 3795 ε’παινεῖσύαι,
451 3719 551 3800 ψόγον
574 3721 659 3803 ἔχειν
683 3741 741 3809 pro
769 3724 941 3805 ψὲμεσύαι,
966 3724 1059 3800 τιμήν
1089 3720 1174 3804 ἔχειν
1201 3739 1260 3807 pro
1282 3747 1329 3789 τι·

139 3829 280 3909 poetas,
313 3824 407 3903 ὄνομα
438 3823 523 3907 ἔχειν
544 3846 602 3912 pro
634 3826 857 3909 ύνομύζετύαι,
881 3837 918 3896 ut
945 3827 1030 3915 apud
1053 3826 1218 3893 Comicum
1245 3829 1330 3894 hna-

142 3930 329 4001 xandridem
355 3929 470 3998 Athen.
496 3951 527 4017 p.
550 3935 614 3997 ast
639 3932 687 3998 h:

275 4037 310 4101 τὸ
334 4037 398 4117 γαρ
421 4037 599 4103 κολακεύειν
623 4043 674 4102 νύν
697 4038 835 4120 οὶοέσκειν
859 4038 939 4118 ὄνομ’
963 4039 1041 4120 ἔχει.

141 4153 173 4211 et
204 4140 306 4209 multa
337 4140 398 4207 alia
431 4150 507 4207 sunt
539 4141 736 4209 huiusmodi.
784 4144 998 4210 hrrouientum
1035 4143 1198 4231 imprimis
1221 4163 1329 4212 exem·

141 4249 229 4337 plum
250 4257 300 4315 est
323 4245 408 4333 apud
430 4247 677 4315 Demosthenem
701 4250 733 4315 in
759 4248 846 4317 Orat.
864 4249 927 4316 XL.
954 4253 971 4336 §
990 4255 1028 4315 51
1055 4247 1114 4318 ύτε
1136 4249 1219 4314 πολὺ
1241 4256 1330 4329 pota·

141 4369 193 4419 λον
216 4356 375 4436 προσήκειν
399 4354 455 4431 ἐμὲ
479 4355 596 4428 τούτοις
621 4356 769 4434 ἕνκαλεῖν
794 4357 811 4432 ή
836 4358 929 4422 αὐτὸν
954 4357 1190 4435 ἐγκλήματ’
1214 4353 1329 4438 ἔχειν
