2940 5010
745 274 809 340 505

170 464 333 537 nuquam
366 446 442 513 aiibi
475 445 579 515 votam
609 455 666 513 aut
703 448 875 533 vestigium
911 447 994 525 uidi,
1030 468 1130 535 quum
1163 456 1291 539 ἀφιένονι
1324 466 1357 525 et

159 552 259 637 ζῶντ’
281 552 409 638 ἀφιόννιν
434 554 553 642 passim
578 551 724 638 legatur,
759 552 845 619 unde
867 563 914 620 cst
946 554 1043 620 etiam
1069 554 1148 622 illud
1172 559 1360 631 ioculariter

170 656 296 726 dictum
320 659 354 725 iu
383 659 532 747 garrulos
553 656 626 723 odio
651 656 790 744 aliquem
820 668 991 726 enecantes
1013 660 1100 743 ζῶντ’
1124 662 1208 747 ἄφες
1233 687 1291 754 pro
1311 672 1358 749 pi,

167 764 374 849 ἀτοκτεόνης,
407 768 452 845 μη
475 766 665 849 ἀτοκνοοόοης
689 770 794 831 λαλῶν
818 765 870 831 eat
896 772 1064 849 φλυαρῶν,
1097 769 1182 855 apud
1207 772 1358 841 Theocri-

169 876 242 939 tum
265 869 305 935 v.
329 874 384 937 78.

258 972 321 1043 Eia
344 976 434 1058 λέγ’,
459 978 538 1043 εἴτι
559 978 684 1054 λέγειν,
707 975 761 1042 xci
784 978 836 1043 τόν
858 975 941 1053 ξένον
964 979 996 1051 ἐς
1020 978 1110 1046 τόλιν
1132 976 1218 1055 ονῦόις

257 1082 373 1165 ζῶντ’
395 1080 512 1166 ἄφες.
536 1079 558 1148 ὦ
579 1082 704 1160 Ποονάν,
728 1079 748 1159 ἦ
769 1082 912 1161 ςυμὺλος
936 1081 1036 1161 ἦοόον,
1059 1084 1205 1164 Κομάτοο.

210 1184 325 1273 itaque
349 1186 591 1274 Xenophontem
624 1189 770 1275 suspicor
800 1185 927 1254 dedisse
957 1190 1079 1272 citopp
1111 1189 1207 1257 νόεσόε
1238 1201 1352 1273 κρῆνον

164 1290 267 1375 {niori
298 1296 334 1373 μ’
361 1295 513 1376 ἀφεῖναι,
550 1293 582 1359 id
616 1302 665 1360 est
700 1293 825 1367 τάντως
861 1294 956 1360 οἴεοόε
991 1296 1053 1361 δεῖν
1087 1299 1122 1375 μ’
1157 1298 1351 1366 ἀτοκτεῖνοοι.

162 1396 257 1481 Quod
281 1398 315 1464 in
344 1397 406 1464 boc
435 1398 503 1465 ioco
527 1397 660 1465 contusa
684 1408 761 1465 sunt
785 1397 846 1479 ἀν,
879 1400 933 1466 ἐάν
966 1408 998 1465 et
1033 1402 1087 1466 ἐάν
1120 1400 1270 1468 admonet
1300 1424 1352 1470 me

161 1502 225 1573 loci
248 1503 333 1591 apud
357 1503 567 1583 Strabonem,
600 1524 695 1591 quem
727 1504 839 1571 Critici
863 1506 908 1571 ita
933 1515 1130 1571 curaverunt
1161 1517 1196 1572 ut
1228 1507 1350 1576 maium

162 1609 324 1679 auxerim.
371 1608 489 1676 Editur
512 1628 599 1675 nunc
620 1608 704 1675 xtlt.
728 1630 759 1695 p.
781 1614 847 1677 625
879 1610 1013 1677 casaub.
1038 1611 1217 1679 τκόιττετοιν
1240 1614 1272 1679 δὲ
1295 1614 1349 1681 uei

161 1716 333 1799 όἜφοροο
363 1716 438 1783 διότι
461 1722 518 1791 τῆς
542 1715 687 1796 τοοτρόδορ
717 1714 796 1796 ἔργον
820 1720 874 1783 οὐκ
899 1716 979 1797 ἔχειν
1004 1715 1134 1800 φράζειν
1160 1718 1191 1782 ἐν
1213 1728 1252 1801 τῇ
1283 1721 1349 1785 διον·

158 1822 297 1905 primicer
319 1826 379 1887 τῶν
403 1820 507 1887 ἀλλων
532 1818 672 1902 τράξευν
695 1823 728 1886 οὔ
751 1824 812 1900 μην
836 1822 897 1888 οὐδ’
922 1822 1152 1900 ἀμνημόνευτον
1184 1823 1282 1899 οοάτην
1306 1821 1348 1891 εἷ-

158 1950 209 1995 aar
232 1924 439 2001 όόλυνοῦτυς
474 1928 645 2008 ἕτοφοννεῒ·
678 1926 784 1991 κοοτά
809 1926 846 1991 δὲ
873 1929 938 1993 τόν
970 1929 1089 1993 οιάτδν
1117 1930 1254 2008 καιρὸν
1279 1939 1347 1995 Κυ-

155 2040 280 2115 μονῒοο
312 2034 390 2106 τάς
414 2031 595 2115 ηουχόοος
627 2027 729 2109 ἦνον.
776 2029 811 2095 ln
836 2030 928 2096 libris
951 2040 1020 2097 est:
1050 2033 1083 2097 od
1105 2033 1166 2111 nin
1195 2035 1280 2100 οὐδ’
1306 2036 1346 2101 ἀν

156 2138 388 2220 ἀμνημόνευτον
411 2139 508 2213 αὐτὴν
532 2133 610 2203 εἶναι
634 2136 748 2214 dinan,
777 2135 855 2202 latet
879 2137 911 2201 in
943 2137 1005 2203 οὐδ’
1028 2135 1089 2214 ἀν,
1112 2139 1178 2204 οὐδὲ
1201 2138 1240 2204 ἀν
1264 2138 1346 2205 nibil

155 2242 245 2311 aliud
265 2263 362 2331 quarn
385 2245 446 2310 οὐδ’
466 2245 521 2311 dciv
541 2263 605 2330 quo
623 2250 752 2328 recepto
776 2240 861 2306 ultro
882 2240 1008 2308 excidet
1025 2238 1121 2321 εἶνοιι,
1145 2242 1229 2329 quod
1250 2244 1346 2311 Grae⁶

156 2349 251 2417 cidus
281 2349 358 2415 otim
390 2350 498 2415 ruenti
532 2348 669 2414 orationi
702 2347 842 2414 fulcrum
875 2356 1088 2434 supposuerat
1120 2355 1152 2413 et
1185 2346 1263 2415 baec
1295 2357 1344 2415 est

155 2474 232 2523 vora
264 2455 448 2542 scriptura:
482 2456 516 2520 οὖ
545 2459 605 2533 μην
636 2455 719 2520 οὐδ’
750 2456 819 2519 ε’ἀν
855 2451 1084 2531 ἀμνημόνευτον
1117 2455 1215 2529 οούτην
1238 2455 1342 2521 dinan.

154 2559 239 2645 outo
262 2568 314 2627 est
337 2560 370 2626 in
395 2558 450 2626 tati
480 2580 517 2626 re
547 2559 700 2625 usitatius
729 2577 824 2643 quam
850 2560 904 2623 εἰὶν
926 2558 1157 2637 ἀμνημόνευτον
1183 2568 1215 2623 et
1242 2560 1342 2626 simi

194 2666 245 2735 Ex
267 2665 331 2733 atia
354 2665 493 2753 quadam
519 2664 701 2751 eorrttptela
724 2660 801 2730 εἷννιι
829 2673 940 2729 natum
968 2671 1018 2729 est
1048 2662 1132 2750 apud
1167 2662 1339 2731 Diodorum

150 2770 216 2839 Sic.
233 2772 304 2839 Xll.
329 2776 361 2839 6.
385 2768 626 2849 ἦνονγκάοόηοοιν
649 2773 779 2853 ἀφεῑνκι
802 2771 862 2844 τάς
885 2769 992 2841 πόλεις
1017 2768 1148 2842 ἀτάοοος
1172 2768 1232 2841 τάς
1254 2773 1341 2838 κοοτά

149 2878 206 2955 eto
236 2880 382 2945 Βοουτόονν
408 2875 594 2954 αὐτονόμους
618 2871 730 2941 εἶνοοι
755 2875 825 2939 teo
857 2875 928 2947 τοὺς
960 2875 1185 2955 αἰχμαλώτους
1218 2877 1340 2942 ἀτολά-

147 2984 268 3065 βυονν,
303 2984 336 3049 in
367 2990 486 3049 EINAI
510 2988 577 3045 trcs
607 2980 730 3047 mediae
761 2980 887 3046 litterae
910 2980 1079 3045 continent
1096 2999 1205 3044 veram
1232 2979 1340 3046 iectio-

148 3108 224 3159 ncm
248 3098 281 3156 ct
305 3095 466 3175 expuncto
489 3086 544 3151 ἐάν
576 3085 802 3171 corrigendum
834 3094 884 3151 cst
910 3088 1038 3168 ἀφεῑνιιι
1063 3124 1108 3135 -
1131 3085 1337 3165 αὐτονόμους,

146 3192 214 3263 ἵνα
236 3196 309 3269 τοὺς
329 3193 556 3275 αἰχμαλώτους
580 3191 796 3270 ἀτολάβυονν.

192 3300 287 3367 iuvat
309 3300 375 3367 όδοῦ
399 3298 552 3381 τάρερνον
577 3295 765 3364 Strabonem
797 3295 859 3362 aiio
883 3296 1018 3361 immani
1049 3295 1228 3361 scribarum
1260 3297 1338 3362 vitio

145 3402 283 3473 liberare
306 3405 332 3471 I.
365 3426 396 3492 p.
417 3409 459 3470 65
495 3404 565 3469 Cas.
603 3403 819 3484 Ἐροοτοοόὲνης
844 3405 905 3483 οὐχ
929 3403 999 3482 όρέον
1023 3408 1100 3484 φησι
1134 3408 1197 3474 πῶς
1228 3402 1335 3479 ἀνεὶς

144 3510 328 3595 rpatypm
358 3510 549 3592 κοοτοοςρὲφοι
575 3511 592 3586 οἱ
618 3508 743 3589 ζήτησις
775 3506 854 3583 αὕτη
888 3508 977 3573 ἀλλά
1008 3508 1098 3586 μόνον
1128 3507 1205 3590 ἔριν
1238 3510 1336 3575 διορι-

143 3620 297 3685 edures
327 3622 452 3697 μᾶλλον
476 3615 561 3681 κοοτά
586 3616 778 3697 Δημόκριτον
807 3609 895 3678 εἶνοοι.
945 3612 1125 3678 insanabile
1149 3612 1262 3679 suisset
1288 3616 1334 3678 vi·

143 3722 226 3791 tium
250 3722 316 3789 uisi
338 3721 469 3788 aliunde
485 3721 539 3787 lux
565 3718 756 3796 affulsisset,
781 3718 961 3785 cuiusmodi
984 3718 1105 3784 multae
1127 3729 1203 3783 sunt
1223 3740 1331 3784 emen·

141 3826 288 3896 dationes
311 3826 507 3915 palmariae,
540 3828 679 3911 inques
707 3845 800 3891 nemo
826 3844 980 3911 umquam
1005 3825 1163 3909 potuisset
1187 3823 1331 3891 incidere

140 3942 197 4003 aut
217 3951 398 4019 numquam
423 3933 574 4018 cuiquam
596 3930 784 4018 probasset,
814 3931 875 3995 nisi
907 3929 1014 4015 aliqua
1042 3928 1226 3994 huiusmodi
1260 3955 1328 3996 τει-

140 4038 283 4119 tumn
316 4039 514 4105 accessisset.
567 4038 646 4118 Quis
667 4056 728 4101 tion
758 4034 914 4100 atrrbabus
943 4033 1092 4099 manibus
1126 4034 1261 4120 arripiat
1296 4037 1327 4101 in

140 4144 313 4213 'themistii
334 4142 422 4211 Orat.
445 4143 513 4211 XV.
538 4164 569 4230 p.
586 4147 667 4208 196:
693 4143 795 4215 πολλὴ
818 4142 933 4225 ρ’ριςάνη
957 4142 1095 4220 βοοίνοντι
1117 4138 1329 4221 δνοοφόρους

138 4251 355 4323 κελεύθους
385 4250 471 4315 κοντοὶ
494 4250 577 4325 δίκην
604 4250 647 4315 τά
676 4249 786 4320 όνητῶν
813 4245 905 4323 ἄγειν
930 4245 1186 4312 emendationem
1212 4245 1328 4332 Tonpii

138 4356 177 4427 ad
200 4355 335 4427 suidam
356 4374 386 4421 v.
400 4356 496 4429 Δίκης
521 4352 684 4440 όφόοολμός
707 4352 900 4437 corrigentis
923 4352 1062 4430 βαίνοντι
1087 4352 1135 4417 δι’
1160 4352 1327 4435 ἀψόφου

1077 4462 1105 4500 ετ
