2940 5010
699 293 763 355 ete
833 312 840 327 ·

140 469 158 552 §
188 470 236 532 tt.
275 464 390 533 Οὔκουν
417 464 576 545 μέμνησαι
610 465 676 530 νιτὲ.
710 471 744 531 et
773 466 791 549 §
822 465 872 527 12.
920 464 1013 528 Ἀλλ’
1037 461 1133 529 έδόιιει
1157 464 1232 545 ἡμῖν
1255 465 1322 531 xri.

137 573 273 639 Miratus
306 570 413 636 nescio
448 570 521 656 quis
550 587 586 635 ea
619 566 715 636 rerba
745 566 857 636 abesse
891 565 1065 654 adscripsit
1093 568 1127 633 in
1162 586 1219 635 ora
1250 568 1323 636 libri

138 678 326 760 άπεφηνατο
349 676 363 741 θ
388 674 572 757 Σωκράτης,
606 694 689 761 quae
721 683 851 762 postea,
888 674 936 741 uti
960 672 1018 749 fit,
1053 671 1138 741 male
1161 672 1197 740 in
1220 674 1325 743 Xeno·

141 781 271 870 phontis
290 782 468 849 orationem
495 781 705 869 irrepserunt.

185 887 254 954 Non
286 889 396 954 minus
427 886 507 954 mihi
543 885 697 953 additieia
731 892 764 953 et
797 886 909 973 spuria
946 904 1016 953 esse
1045 883 1200 953 ridentur
1232 883 1326 953 verba

141 988 276 1075 μεγάλα
297 1001 398 1060 τελεῖν
420 993 453 1058 in
477 992 529 1059 his
553 995 572 1079 §
595 996 626 1061 6.
657 993 713 1068 την
737 989 828 1058 πόλιν
850 991 1035 1072 αἰσθάνομαι
1056 991 1101 1057 τά
1123 991 1183 1068 μὲν
1202 990 1259 1068 ἤδη
1282 1015 1324 1059 σοι

142 1097 395 1182 προστάττουσαν
434 1097 586 1186 [μεγάλα
618 1097 741 1182 τελεῖν]
776 1099 985 1180 ἱπποτροφίας
1016 1120 1053 1163 τε
1084 1095 1138 1163 καὶ
1172 1098 1325 1179 χορηγίας

141 1223 215 1272 nam
239 1196 410 1292 expunctis
441 1203 571 1270 demum
598 1202 650 1269 his
679 1200 787 1268 verbis
810 1204 913 1269 oratio
936 1209 1024 1268 recte
1046 1200 1193 1289 procedit
1216 1211 1253 1271 et
1272 1227 1327 1285 με·

141 1309 233 1390 γάλα
265 1317 369 1376 τελεῖν
401 1329 462 1375 non
496 1308 658 1396 signifieat
690 1305 742 1384 id,
775 1307 859 1395 quotl
890 1307 951 1374 loei
982 1307 1142 1374 sententia
1177 1308 1327 1395 postulat.

142 1415 238 1481 Peius
261 1416 359 1481 etiam
384 1413 524 1481 abundat
557 1414 682 1495 μισθούς
707 1414 740 1479 in
765 1434 834 1501 sqq.
857 1414 892 1491 θην
915 1414 946 1481 δὲ
970 1414 1005 1489 δη
1029 1412 1168 1494 τόλεμος
1197 1414 1325 1493 γένηται

141 1517 197 1588 οἷδ’
209 1518 255 1588 ότι
268 1522 320 1588 καὶ
342 1522 541 1604 τριηραρχίας
569 1518 721 1609 [μισθοὺς]
748 1519 802 1585 ινα)
823 1520 970 1604 εἰσφοράς
989 1518 1150 1592 τοσαύτας
1169 1543 1217 1587 σοι
1241 1544 1327 1604 προσ·

142 1624 305 1703 τάξοννιν,
333 1647 405 1692 narn
426 1627 500 1712 quis
524 1646 585 1691 non
611 1624 698 1690 videt
719 1625 845 1704 μισθοθς
880 1623 974 1712 piane
996 1621 1174 1691 absurdum
1198 1646 1271 1694 esse
1298 1635 1328 1695 et

140 1740 253 1798 contra
276 1733 468 1799 sententiam
493 1739 526 1797 et
548 1729 699 1818 loquendi
724 1749 819 1796 usum
843 1750 913 1796 esse
937 1730 1192 1816 interpositum?

187 1836 279 1920 Quod
303 1837 423 1925 legitur
451 1840 482 1902 in
506 1835 546 1903 ΙΙ.
574 1842 624 1901 ll.
658 1837 714 1915 ε’μὲ
738 1837 769 1902 δὲ
793 1842 856 1911 πῶς
883 1835 942 1903 τινὶ
969 1836 1083 1903 τούτων
1109 1835 1164 1902 οἴει
1186 1836 1227 1904 άν
1255 1838 1326 1904 ἔτι·

142 1945 311 2021 entem
339 1945 474 2026 χρῆσθαι
498 1942 711 2029 compositum
737 1962 810 2008 eum
835 1940 903 2007 loco
935 1939 1113 2008 Herodoteo
1134 1942 1191 2008 lli.
1219 1949 1274 2011 rs.
1303 1944 1327 2009 si

142 2049 174 2115 δὲ
197 2049 250 2115 καὶ
276 2051 451 2126 ηπιτηθη
481 2050 525 2128 μη
554 2055 823 2129 πολυπραγμονεῖν
850 2065 978 2112 ornnem
1002 2044 1242 2115 dubitationem
1265 2048 1325 2115 exi·

144 2162 209 2220 met
233 2153 272 2220 de
304 2153 406 2221 forma
430 2155 560 2231 ηπιςηθη
589 2153 628 2219 ab
657 2154 813 2231 ε’πθςαμαι
847 2171 910 2218 non
938 2151 977 2217 ab
1008 2155 1112 2223 άπιτῶ
1142 2152 1325 2240 repetenda.

143 2257 310 2326 Sententia
340 2268 410 2328 esi:
446 2262 471 2328 ei
501 2261 533 2327 δὲ
568 2259 620 2324 καὶ
653 2262 707 2324 τοῦ
739 2266 1012 2339 πολυπραγμονεῖν
1042 2256 1219 2340 άτέσχετο.
1268 2258 1326 2327 Sed

140 2363 234 2451 plura
254 2364 397 2452 exempla
419 2366 529 2430 aoristi
553 2364 730 2438 ἐπιταθῆναι
755 2362 886 2429 ethaeo
909 2363 977 2449 ipsa
1001 2361 1093 2428 video
1117 2361 1325 2452 adscripsisse

142 2470 342 2538 Dindsrfiurn
367 2470 405 2536 ad
433 2470 541 2556 Steptt.
568 2467 663 2535 Thes.

187 2576 311 2642 Vitiosa
339 2583 373 2643 et
403 2596 465 2641 non
496 2572 627 2641 terentia
648 2582 699 2640 est
727 2574 963 2641 coniunctionis
995 2574 1021 2638 εἱ
1052 2574 1201 2659 repetitio
1231 2575 1264 2640 in
1286 2573 1323 2641 tt.

142 2688 194 2750 iti.
220 2684 245 2749 εέ
272 2681 324 2748 ἐπὶ
344 2686 404 2763 πῦρ
432 2681 569 2752 ἐλθόντος
592 2703 646 2744 σον
670 2679 723 2745 καὶ
749 2680 794 2759 μη
821 2678 903 2753 όντος
935 2685 1009 2761 παρ’
1030 2678 1096 2759 ἐμοὶ
1124 2679 1180 2771 [εἰ]
1207 2678 1321 2748 άλλοσε

139 2787 318 2868 ἡγησάμην.
365 2788 481 2854 Contra
504 2783 670 2851 intercidit
699 2784 810 2851 vocula
835 2805 968 2871 prorsus
989 2784 1028 2850 ad
1054 2787 1251 2855 sententiam
1275 2806 1324 2854 ne·

139 2893 279 2959 cessaria
301 2894 334 2959 in
359 2914 427 2980 sqq.
452 2895 478 2959 εἷ
502 2888 640 2969 δεόξαιμέ
669 2916 714 2957 σοι
740 2892 820 2956 πολὺ
844 2890 1022 2972 δεινοτέρους
1055 2892 1130 2971 ἐμοῦ
1155 2891 1225 2975 περὶ
1253 2916 1322 2975 μον·

137 2999 224 3074 σικην
247 3000 303 3066 καό
322 3024 367 3065 σοι
391 2997 485 3082 χάριν
512 2995 633 3071 εἰδότας
656 2999 680 3064 ri
706 2998 817 3071 ἐθέλοις
838 2999 911 3077 παρ’
935 2999 1035 3062 αὐτῶν
1062 2997 1246 3078 μανθάνειν,
1271 2997 1320 3065 ubi

137 3104 217 3170 satis
241 3116 372 3193 apparet
397 3103 610 3192 supplendum
633 3123 703 3170 esse
725 3102 782 3167 ιιαό
802 3126 846 3167 σοι
872 3099 967 3183 χάριν
992 3100 1055 3190 (ier)
1080 3102 1202 3178 εἰδότας
1226 3106 1291 3171 ιιτέ.

184 3209 220 3276 ln
247 3232 315 3299 cap.
342 3212 397 3279 ΙΙΙ.
423 3214 441 3296 §
464 3216 495 3277 5.
524 3219 588 3284 τοῖς
612 3211 670 3289 μὲν
694 3204 768 3274 όπον
795 3206 908 3288 ἔτυχεν
933 3205 1035 3277 ἕκατα
1055 3210 1321 3290 καταβέβληται,

137 3325 200 3390 τοῖς
223 3317 254 3382 δὲ
287 3319 319 3383 ἐν
341 3318 429 3399 χώρῳ
467 3313 568 3383 ἕκατα
602 3313 836 3393 τεταγμένα
871 3322 990 3391 κεῖται,
1015 3300 1256 3383 entendattduttt
1275 3324 1320 3385 est

136 3420 334 3505 τεταγμένη,
351 3440 454 3506 neque
478 3421 562 3486 enim
586 3422 616 3485 ἐν
627 3420 716 3503 χθρρο
733 3417 894 3504 significat
917 3417 947 3484 id
962 3417 1046 3504 quod
1071 3419 1161 3486 loeus
1184 3420 1318 3508 requirit

105 3603 108 3609 1
136 3543 240 3611 neque
271 3525 428 3609 τετάχθαι
461 3525 611 3591 convenit
639 3525 710 3603 rei,
738 3523 779 3590 de
806 3545 869 3609 qua
901 3523 1032 3589 dieitur.
1081 3525 1141 3591 Est
1165 3527 1318 3615 cuiusque

137 3631 184 3695 rei
208 3633 225 3708 ἡ
246 3632 334 3714 χώρα
357 3631 551 3712 τεταγμένη.
600 3629 686 3696 Satis
716 3628 796 3695 haee
820 3628 962 3696 stabiliet
984 3629 1033 3696 vel
1062 3650 1148 3696 unus
1169 3630 1261 3700 iocus
1284 3652 1318 3700 ex

136 3733 196 3802 hoe
217 3738 286 3824 ipso
311 3735 392 3804 libro
415 3738 498 3804 VIII.
524 3741 576 3802 δῶ.
609 3737 640 3801 ἕν
663 3734 752 3818 χῶροι
775 3743 877 3800 κεῖται
899 3737 1140 3820 τεταγμένη.

181 3841 248 3909 Non
276 3841 344 3909 iero
371 3844 403 3908 in
429 3843 485 3910 lli.
512 3849 542 3910 5.
572 3841 643 3915 ἴσως
673 3841 736 3924 γάρ
762 3841 979 3907 άναλόσιοονσιν
1003 3881 1048 3891 -
1070 3843 1114 3916 εἷς
1143 3840 1166 3908 οἳ
1190 3842 1317 3924 βλάβην

136 3947 223 4030 φέρει
246 3951 350 4030 αὐτῷ
373 3976 408 4016 τε
429 3950 481 4015 καὶ
506 3951 549 4031 τῷ
573 3947 642 4030 οἴκῳ
670 3955 703 4012 et
724 3947 855 4032 requiro
879 3950 1015 4021 αὐτοῖς
1041 3973 1076 4012 τε
1102 3949 1154 4014 καὶ
1177 3951 1222 4032 τῷ
1244 3950 1315 4032 οἴκῳ.

179 4053 214 4118 In
242 4057 260 4140 §
284 4060 314 4121 7.
344 4055 405 4135 έγῶ
426 4079 471 4120 σοι
495 4055 617 4120 ον’νοιδα
638 4055 687 4119 ἐπὶ
712 4053 769 4132 μὲν
797 4053 945 4137 κωμῳδῶν
970 4053 1040 4118 θέαν
1061 4053 1113 4120 καὶ
1138 4052 1223 4120 πάνυ
1244 4049 1317 4136 πρωῒ

133 4160 307 4244 άνιςαμένῳ
340 4162 487 4247 suspicor
511 4169 641 4248 propter
665 4159 892 4239 θμοιοτέλεντον
920 4160 967 4224 rei
996 4161 1196 4225 necessariae
1228 4179 1314 4227 men·

133 4264 254 4332 tionem
279 4287 297 4332 a
319 4266 434 4332 scribis
459 4286 527 4332 asse
544 4267 695 4332 omissam
722 4266 813 4331 etsie
836 4284 906 4331 esse
929 4263 1162 4352 supplendum:
1187 4265 1239 4332 ἐπὶ
1264 4264 1314 4344 μέν

133 4373 279 4454 κωμῳδῶν
305 4375 352 4461 (τε
379 4375 430 4438 καὶ
453 4372 628 4461 τραγῳδῶν)
654 4373 742 4449 θέαν,
768 4390 905 4456 namque
935 4373 1099 4451 τραγῳδῶν
1123 4371 1312 4437 mentionem
