2940 5010
696 262 759 349 nio

313 461 344 525 οὐ
368 458 430 539 wip
454 482 484 523 τι
508 456 632 538 Τραχὶς
655 459 716 524 οὐδ’
740 458 892 539 ’λχαϊκόν
916 455 993 522 τόδε

313 564 465 641 πόλισμ’,
487 561 550 629 όόεν
573 564 612 629 σύ
636 565 701 629 xri.

137 666 221 755 quot
245 667 369 735 uiarum
402 676 452 734 est
478 668 571 734 utin
602 667 824 735 Andromache
848 672 923 735 168.
947 668 981 733 οὐ
1014 666 1080 750 γάρ
1111 666 1172 732 nr
1198 667 1286 745 Ἔσται

139 774 238 851 τόδε,
259 772 359 842 athis
381 773 412 839 in
437 773 573 863 Cyclope
596 794 641 839 vs.
659 778 712 840 63.

320 884 352 946 οὐ
376 878 452 945 τόδε
475 880 620 959 Βρόμιος,
644 882 677 946 οὐ
701 877 778 946 τόδε
799 878 885 960 χοροό
897 926 906 955 ,

320 982 447 1066 Βάκχαι
470 1008 506 1049 τε
530 985 710 1067 όυρσοφόροι.

138 1099 172 1156 st
195 1110 239 1155 vs.
260 1094 337 1156 ⁶205.

322 1198 354 1261 σι’
375 1195 587 1277 &anxiatam
612 1196 683 1278 οὐχ)
709 1195 851 1268 Διόνυσος
872 1192 974 1271 τόδε,

321 1302 355 1364 οὐ
378 1301 518 1383 κρόταλα
540 1306 666 1382 χαλκοῦ
689 1299 859 1379 τυμποόνσιν
879 1304 910 1365 τ’
932 1296 1125 1379 ὐρόγματα.

142 1412 175 1469 ot
198 1402 347 1470 tiebiiiter
367 1414 402 1471 ut
428 1406 459 1470 in
486 1404 664 1472 Troadibus
691 1410 768 1472 100:
790 1404 891 1471 οὐκέτι
911 1403 1008 1486 Τροία
1028 1402 1118 1471 τόδε.
1166 1403 1293 1491 &aquo

142 1529 233 1575 nrsrn
256 1519 288 1575 ot
311 1509 430 1576 Comini
453 1511 500 1577 sio
525 1510 720 1597 loquuntur:
746 1508 1006 1596 Aristophanes
997 1528 1030 1573 rn
1053 1506 1222 1577 Erotesiaz.
1232 1512 1292 1575 tii·

324 1617 356 1680 οὐ
381 1616 444 1699 γόορ
467 1616 546 1682 τόπύ
572 1613 735 1697 Χαριξένης
758 1614 829 1680 τόδ
851 1616 923 1685 ἕτιν.

143 1727 177 1786 et
197 1718 371 1787 Telestides
396 1720 481 1808 apud
502 1719 684 1788 Suidamv.
709 1720 781 1786 τόδ
796 1723 829 1787 οὐ
850 1720 936 1802 παροδ
959 1719 1191 1801 Κενταύροισιν,
1211 1676 1331 1815 otini}

142 1824 228 1911 {tirus
250 1824 333 1912 apud
356 1826 471 1893 Athon
493 1828 620 1893 1571).
1329 1844 1331 1851 ·

233 1940 236 1945 “
327 1933 398 1999 τόδ’
417 1936 450 1999 οὐ
474 1932 607 2014 Κόρινόος
631 1932 696 1999 οὐδὲ
720 1928 868 2009 Λαις,
847 1958 868 1996 υ
889 1930 990 2012 Σύρε,

327 2038 390 2103 οὐδ’
414 2038 606 2121 εὐτραπέζων
631 2043 799 2104 Θετταλῶν
820 2034 911 2114 ξένιον
933 2035 1058 2118 τροφαί.

172 2141 293 2231 Saepe
318 2144 364 2209 sio
386 2141 537 2211 ferociter
557 2152 589 2210 at
619 2143 789 2208 minaciter
815 2139 1050 2228 loquebantur,
1077 2148 1115 2207 ut
1135 2138 1219 2228 apud
1236 2138 1301 2208 'iir-

145 2245 296 2336 oytlidem
316 2246 369 2313 Vl.
395 2253 447 2313 77.
482 2249 723 2315 Hermocrates:
757 2246 937 2327 βουλόμεθα
959 2244 1059 2324 δεῖξαι
1081 2249 1188 2321 αὐτοῖς
1207 2244 1247 2313 ότι
1265 2246 1331 2321 σόα.

145 2356 249 2427 Ἴωνες
271 2354 393 2419 πόδι’
366 2376 442 2418 εισιν
469 2354 537 2421 οὐδὲ
559 2352 794 2428 Ελλιισπόντιοι
818 2352 871 2417 καὶ
902 2375 1068 2427 νιισιοκται,
1090 2374 1116 2417 οι
1104 2330 1331 2429 “δεσσότιαύ“ι

148 2460 255 2535 Μήδου
281 2458 338 2536 ή“
323 2482 377 2524 ενα
400 2459 439 2535 γό
467 2483 538 2525 τινα
569 2460 617 2525 σόει
642 2458 904 2538 μεταβάλλοντες
929 2458 1129 2533 δουλούνται,
1153 2456 1239 2524 citt)
1257 2432 1331 2529 Διό

149 2573 213 2647 ριής
236 2565 430 2645 όλεύόεροι’
410 2571 468 2628 τοτ’
497 2565 666 2643 αὐτονόμου
689 2573 745 2640 τής
774 2566 1003 2641 Πελοποννήσου
1034 2588 1090 2637 τιιν
1118 2536 1331 2649 >lentini-⁵3

150 2672 284 2743 κοῦιτες.
331 2667 450 2734 uanam
476 2670 577 2755 igitur
601 2668 718 2735 ieronia
746 2668 945 2734 Athenarum
975 2666 1076 2735 robur
1104 2624 1331 2747 nantoliensis-i

150 2775 222 2840 iaus
245 2775 290 2841 ita
313 2772 414 2840 dixit:

332 2882 365 2945 οὐ
389 2878 452 2962 νοόρ
475 2906 505 2945 τι
529 2880 653 2962 Τραχὶς
678 2882 737 2946 οὐδ’
761 2881 914 2961 Ἀχαϊκόν
937 2879 1012 2945 τόδε
1326 2906 1331 2979 ρ

330 2985 484 3064 π.όλισμα
1327 2984 1331 3117 ρ

150 3091 206 3159 ubi
229 3099 397 3179 postquam
421 3089 498 3156 τόδε
528 3090 647 3157 excidit
675 3090 838 3156 senarium
858 3088 1087 3177 qualicumque
1115 3090 1210 3159 motio
1227 3086 1331 3217 sapio}

150 3206 275 3265 verunt

197 3302 232 3369 ln
257 3320 352 3370 versu
376 3306 442 3369 250
466 3322 533 3389 sqq.

333 3408 370 3472 σύ
392 3409 418 3473 δ’
440 3409 558 3489 Ἄργος
582 3409 673 3472 ε’λόόον
697 3406 801 3473 ταύτό
825 3412 855 3472 τ’
876 3409 1025 3488 Εὐρυσόεῖ
1044 3405 1186 3490 Φράσον,

334 3514 407 3592 πρὸς
430 3513 532 3579 τοῖσδέ
554 3519 598 3589 τ’,
623 3514 651 3577 οἵ
672 3539 702 3579 τι
726 3514 833 3579 τοῖσιδ’
851 3513 988 3589 ἐγκαλεῖ
1006 3510 1123 3589 ξένοις,

334 3618 418 3693 δι’κιις
442 3620 575 3700 κυρήσει.

155 3721 391 3793 emendandum
414 3734 463 3790 est
482 3727 637 3806 κυρήσειν,
661 3742 800 3809 namque
825 3721 902 3788 hano
926 3720 1029 3809 palam
1061 3729 1110 3788 est
1142 3722 1331 3813 iiorrronirnn·¹

156 3839 223 3897 tem
247 3827 374 3896 dicere:
410 3829 515 3896 ταύτό
540 3854 576 3895 τε
605 3832 756 3910 Εὐρυσθεῖ
775 3828 892 3911 Φροόσον
915 3828 968 3893 καὶ
1003 3824 1050 3893 ότι
1080 3827 1165 3905 δόκνις
1197 3832 1322 3915 κυρήσσσ,

156 3936 208 4003 καὶ
227 3933 272 4001 ότι
292 3934 437 4012 τεύξεται
456 3943 516 4001 τῶν
534 3936 671 4011 δικαόοιν,
694 3941 833 4020 suntque
853 3932 931 4000 haee
956 3933 1000 3997 ita
1022 3952 1079 4019 per
1098 3932 1230 4021 copulas
1247 3960 1326 4004 τε·-

155 4068 190 4109 τε
215 4041 410 4129 cnmposita,
434 4048 471 4105 ut
495 4048 631 4127 utraque
652 4060 726 4127 pars
745 4039 824 4106 dicti
846 4059 863 4106 e
886 4038 981 4104 varino
1003 4038 1122 4120 φρόσον
1145 4040 1188 4107 sit
1210 4060 1329 4133 suspen·

156 4167 211 4213 sa:
238 4146 345 4233 itaquo
368 4166 431 4212 non
460 4143 555 4211 aliter
578 4166 614 4213 aa
634 4146 794 4212 sententia
818 4146 850 4210 in
880 4144 986 4211 verbis
1010 4153 1121 4230 puttam
1144 4148 1264 4233 poterit
1290 4146 1331 4215 in·

155 4270 246 4330 esse,
281 4251 342 4315 nisi
374 4270 473 4337 quum
507 4252 644 4332 nupsisses
669 4252 855 4317 restitutum
879 4251 951 4316 erit.
1000 4248 1091 4317 Haud
1115 4248 1264 4321 absimiio
1293 4252 1331 4319 ri·

155 4356 238 4422 tium
259 4377 276 4422 a
300 4355 414 4422 scribis
438 4356 646 4423 commissum
670 4365 702 4423 et
724 4376 741 4423 a
765 4356 893 4425 Critiris
918 4366 1098 4423 correctum
1122 4365 1172 4424 est
1196 4377 1246 4427 rs.
1266 4360 1331 4427 tot
