2940 5010
688 279 754 343 rto

139 450 268 537 quidem
300 460 446 537 atquem
472 453 504 518 in
529 453 661 539 longum
686 478 695 519 r
720 462 754 520 et
775 478 793 519 o
817 451 958 534 abeunt,
992 461 1029 521 ut
1058 453 1092 521 in
1116 453 1263 535 οὐσίδιον,
1284 456 1325 525 oi·

111 614 116 624 .
140 558 253 635 κίδιον,
275 558 444 640 ἀργυρίδιον
463 565 496 624 et
518 559 669 641 ίχθιίδιον,
693 559 861 640 βοσριίδιον.
908 558 946 627 ln
970 558 1109 628 caeteris
1131 559 1228 646 -ρίδιον
1252 561 1329 629 seri·

143 661 282 729 bendum
313 682 375 730 non
405 663 521 741 -οίδιυν,
545 672 577 731 el
601 663 695 748 σίδαν
726 683 788 731 non
814 666 934 742 -θδιον,
966 673 1003 732 ut
1032 666 1065 732 in
1089 666 1250 751 κρεᾴδιον,
1277 665 1333 751 apl·

145 770 220 847 διον,
242 767 360 852 ζῴδιον,
384 767 536 855 aliisque,
561 769 732 857 inquibus
763 768 839 836 olim
858 768 872 838 l
896 771 993 858 periit
1015 792 1055 839 ex
1074 769 1222 857 analogia
1246 778 1335 839 cena

146 873 371 940 revocandum.

191 978 228 1045 ln
253 986 270 1067 §
291 983 345 1044 ut.
377 979 490 1048 vitiose
513 999 624 1048 omnes
654 980 802 1048 scribunt
824 979 980 1061 συμμίξαι
1012 987 1045 1047 et
1068 981 1190 1067 possim
1212 980 1265 1047 sio
1285 999 1337 1048 er·

145 1091 247 1150 ratur.
295 1083 352 1151 [ist
383 1094 490 1151 autem
515 1111 524 1151 ι
553 1086 746 1173 productum
769 1095 802 1153 et
832 1084 1037 1154 scribendum
1066 1084 1178 1167 μῖξαι,
1214 1094 1338 1166 συμμῖ-

143 1187 216 1266 ξαι,
239 1190 395 1272 μεμῖχθαι
424 1200 485 1256 ete.
532 1191 568 1257 ln
594 1192 829 1278 antiquissimis
859 1191 950 1258 liloris
976 1190 1107 1272 μεῖξαι,
1130 1188 1335 1271 συμμεῖξαι,

143 1297 338 1376 μεμεῖχθαι,
370 1293 518 1374 ἄμιικτον
550 1305 582 1363 et
616 1297 688 1363 sim.
722 1315 815 1384 saepe
847 1306 1035 1366 occurrunt.
1090 1296 1127 1363 ln
1163 1294 1337 1384 Euripidis

144 1397 325 1485 fragmento
347 1399 432 1488 apud
457 1399 544 1467 Stoh.
570 1401 678 1468 Floril.
703 1400 871 1469 uxxxut.
897 1407 928 1469 5.

279 1502 343 1579 dere
365 1506 393 1573 δ’
411 1506 660 1584 ἀμείλικτον
682 1508 793 1589 πατέρ’
816 1506 886 1590 ἔχει
908 1508 1028 1582 νεανίας

279 1609 390 1689 coorto
413 1616 443 1677 r’
465 1613 496 1677 ἐν
520 1610 608 1686 οίκοιρ
631 1611 767 1691 μεγαλα
788 1614 937 1689 κέκτηται
960 1610 1057 1680 κακοί.

144 1723 233 1781 reete
256 1717 422 1798 corrigunt
455 1714 625 1794 ἄμικτον
657 1717 767 1799 πατέρ’
800 1717 879 1799 ἔχει.
927 1717 1046 1785 Natum
1075 1725 1125 1785 est
1147 1717 1267 1785 vitium
1293 1736 1336 1785 er

143 1829 393 1897 AMEIKTON‚
424 1840 506 1907 quae
535 1822 696 1909 scriptura
728 1822 897 1908 aliquoties
930 1820 1011 1888 mihi
1042 1823 1111 1888 risa
1135 1823 1168 1889 in
1194 1824 1336 1913 Papyris

145 1924 448 1993 Herculanensibus.
494 1925 663 1993 Praeterea
689 1930 795 1995 verior
823 1929 987 2016 scriptura
1007 1947 1079 1994 esse
1100 1928 1232 1996 videtur
1254 1931 1334 2015 apt·

143 2056 228 2100 ιιοντο
259 2035 302 2108 είς
337 2034 497 2100 σαύτθν.
530 2031 612 2099 eonl.
644 2032 698 2101 vt.
722 2054 763 2100 ιν.
796 2039 828 2100 9.
862 2043 894 2100 et
925 2040 1122 2120 postpauca
1157 2037 1257 2124 525.
1295 2040 1333 2102 σί

143 2142 221 2205 αὐτὸ
245 2140 401 2213 δείσαντες
425 2141 561 2213 ἀπῆλθον
586 2158 644 2224 pro
666 2145 785 2206 τοῦτο
807 2141 977 2213 δείσαντες.

184 2243 222 2310 ln
249 2243 302 2311 vt.
326 2264 367 2309 ιν.
393 2248 424 2310 ῖ.
459 2243 607 2331 putidum
631 2242 887 2311 additamentum
917 2251 966 2310 est
990 2243 1023 2309 io
1052 2242 1158 2310 serbis
1189 2245 1244 2311 καί
1275 2242 1330 2320 οὓς

143 2347 182 2415 ἂν
205 2348 329 2429 λιίβιοσι
349 2356 408 2415 τῶν
429 2351 585 2425 Ἐλλήνων
609 2350 626 2426 ἢ
647 2351 855 2424 ἐκπίπτοντας
877 2352 894 2428 ἢ
920 2347 1024 2422 ἄλλως
1049 2373 1114 2422 σας
1135 2348 1220 2415 δεινὰ
1244 2350 1332 2432 ὑβρί·

143 2453 204 2535 ζειν
234 2455 382 2533 λέγονται
411 2455 494 2543 [τοὺς
521 2454 710 2543 ‘Eltavori
764 2453 847 2522 Num
873 2462 925 2531 lu,
949 2454 1006 2540 qui
1029 2452 1109 2519 haec
1131 2450 1234 2539 legia,
1262 2462 1332 2523 lum

141 2558 308 2645 pueriliter
337 2561 407 2632 τοὺς
435 2559 596 2636 Ἕλληνας
623 2558 822 2626 addidisses?
870 2559 1014 2625 llluretus
1045 2569 1078 2624 et
1109 2557 1331 2627 Schneiderus

139 2664 273 2732 delenda
296 2673 514 2740 censuerunt,
549 2664 603 2730 sed
628 2665 872 2731 Bornemaonus
896 2663 978 2730 ια’ίιίί
1007 2663 1065 2730 lma
1090 2664 1258 2731 omissione
1280 2667 1327 2732 oi·

138 2770 222 2835 disse
251 2792 284 2835 ιο
314 2770 463 2836 audacias
495 2768 624 2836 elamat.
670 2770 738 2837 Non
764 2771 843 2837 vidit
866 2771 968 2856 igitur
999 2768 1101 2835 multa
1132 2769 1328 2837 Borneman·

139 2895 211 2942 nus.
258 2873 384 2943 Omissa
408 2876 600 2962 praepositio
628 2875 771 2941 addenda
798 2883 846 2941 est
879 2877 912 2940 in
943 2879 961 2961 §
984 2879 1015 2940 5.
1045 2876 1081 2941 ιθ
1110 2877 1136 2942 δ’
1162 2875 1249 2949 loris
1271 2880 1326 2944 σοῦ

138 2981 270 3063 αὐχένος
290 2983 400 3062 χωρίον
422 2982 524 3047 ίκανδν
545 2981 660 3062 μυρίοις
680 2983 843 3061 ἀνθρώποις
868 2981 1008 3057 οἰκῆσαι,
1034 2980 1252 3047 necessarium
1275 2990 1326 3049 ost

137 3087 308 3163 ἐνοικῆσαι,
330 3087 481 3172 quoniam
507 3086 665 3152 sententia
691 3095 738 3152 est
761 3087 858 3168 μυρίοι
882 3083 1087 3166 evaporato
1113 3087 1163 3167 roi
1193 3087 1325 3171 χοιρίιρ

137 3195 255 3266 οἰκῆσαι
293 3193 448 3259 δύνανται.
504 3192 572 3259 Non
606 3199 711 3279 potest
742 3192 774 3256 in
812 3190 868 3255 tali
902 3208 937 3256 re
970 3189 1162 3277 praepositio
1199 3190 1322 3260 abesse.

135 3296 363 3383 Exemplorum
384 3297 476 3383 plena
497 3307 574 3364 sunt
594 3299 702 3364 omnia
722 3306 755 3364 et
778 3294 964 3383 paucissimi
987 3294 1119 3381 quidam
1144 3295 1206 3362 loni
1227 3305 1322 3378 sunt,

136 3401 192 3468 uhi
217 3401 397 3468 scribarum
432 3423 558 3469 errores
589 3402 681 3469 nohis
721 3400 904 3488 corrigendi
934 3408 1121 3487 supersunt.
1181 3400 1323 3470 lt'aeetis·

134 3508 217 3572 simo
243 3505 472 3592 Aristophanes
508 3508 542 3574 in
574 3508 695 3576 Avibus
731 3529 775 3573 vs.
801 3512 854 3574 58.
887 3505 1030 3573 Athenas
1058 3503 1196 3593 appellat
1229 3506 1322 3575 σίλιν

134 3610 282 3691 μεγοίλνν
308 3612 495 3692 κεύδαίμονα

316 3717 368 3783 καί
392 3723 471 3785 arcias
495 3721 591 3794 κοινὴν
615 3722 846 3786 ἕναιιυτίσαι
870 3720 1036 3800 χρήματα.

133 3827 250 3893 omissa
283 3824 516 3910 praepositione
546 3826 577 3889 ίν
608 3826 710 3891 oratio
742 3845 805 3891 non
844 3822 958 3890 luisset
987 3823 1119 3890 Graeca.
1175 3821 1322 3893 umento

132 3931 236 3998 obiter
256 3928 450 3996 Herodotum
471 3928 539 3995 vlt.
565 3934 618 3995 59.
651 3929 731 4007 ἔδοξε
752 3928 790 3996 ὦν
810 3932 853 4012 τῷ
876 3927 1000 4011 Ξίρξρθ
1024 3931 1123 4011 χῶρος
1150 3924 1229 3996 εἶναι
1250 3932 1319 3998 ἐπι·

129 4036 233 4114 claros
254 4033 433 4112 ἐνδιατάξαι
459 4059 494 4100 σε
519 4035 571 4100 sal
600 4033 860 4117 ἐξαριθμῆσαι
887 4037 938 4102 σὸν
972 4034 1101 4117 sparto,
1135 4036 1190 4102 eui
1222 4038 1321 4122 ἕναρι·

129 4143 244 4220 θμιῖοαι
276 4139 487 4208 reddendum.
535 4135 661 4225 Optime
681 4140 865 4208 nindornus
890 4142 921 4207 in
947 4139 1085 4207 tnatasi
1109 4139 1178 4207 vu.
1203 4160 1258 4209 ru.
1285 4146 1319 4211 8.

127 4247 272 4314 restituit
290 4248 352 4314 οὐδ’
376 4247 672 4319 ἐναυλισθῆναι
704 4242 771 4312 ὅσον
794 4248 923 4315 δύνασαι
949 4246 1133 4330 ἐπιτρέπεις.

174 4351 210 4417 In
235 4357 252 4438 §
275 4357 305 4417 8.
339 4353 366 4418 ol
389 4350 494 4417 δὲκαὶ
524 4346 636 4431 ἄνδρας
661 4349 815 4430 ἄγοντες,
845 4356 871 4419 ol
898 4351 930 4418 δὲ
962 4349 1015 4417 καί
1045 4350 1319 4432 προσανηλωκότες
