2940 5010
701 298 766 360 662

153 471 204 538 καί
229 472 355 551 λέγουσι
386 472 453 556 τερί
486 472 582 538 αὐτοῦ
601 469 833 553 τεκμαιρόμενοι
859 471 924 538 κτὲ.
960 470 1016 538 ubi
1038 488 1124 559 quae
1152 478 1325 559 munitur

152 588 294 664 arguunt
317 596 421 667 neque
455 576 494 644 de
524 576 656 644 Platone
679 576 757 644 baec
779 576 845 644 dici
868 595 973 664 neque
991 575 1032 644 de
1055 574 1256 645 Antisthene
1274 586 1327 645 ant

151 683 309 752 Aeschine
344 692 401 751 aut
431 683 496 750 ullo
528 682 589 749 alio
618 702 656 750 er
682 682 919 749 Socraticorum
944 701 1105 762 numero,
1138 681 1197 751 sed
1227 684 1329 751 nmeio

152 809 247 876 quem
272 790 413 857 Socratis
434 788 681 856 obtrectatorem
712 787 777 855 illis
801 787 1000 876 temporibus
1023 795 1139 856 notum
1164 788 1328 877 reprehen-

151 892 194 959 di.
242 894 366 963 Laudes
398 894 539 962 Socratis
558 903 629 982 post
650 895 713 961 viri
736 902 873 961 mortem
902 894 1053 962 omnibus
1081 900 1178 961 erant
1198 895 1236 961 in
1266 914 1328 965 oreo

150 999 197 1066 Ea
225 1022 277 1068 res
306 1001 463 1089 permovit
494 1000 693 1090 Polycratem
719 998 894 1087 sophistam
926 999 1159 1069 Atheniensem
1182 1008 1241 1079 ut,
1273 1018 1330 1089 tyno

150 1106 283 1173 consilio
314 1108 481 1188 Βουσίριδος
509 1106 685 1184 άτολογίαν
708 1115 740 1172 et
765 1104 860 1172 aliam
893 1104 1173 1196 Clylaemtresirae
1193 1106 1329 1195 scripn-

149 1220 223 1289 rat,
248 1233 349 1300 quum
367 1214 521 1279 materiae
543 1209 732 1277 difficultate
751 1211 918 1298 ingenium
943 1230 1093 1279 exercere
1114 1219 1151 1279 et
1173 1220 1329 1281 osterum

149 1317 317 1398 voluisset,
339 1325 422 1384 teste
442 1316 639 1399 Quintiliano
652 1316 676 1382 1.
690 1315 726 1385 0.
736 1315 776 1383 ll.
789 1337 864 1383 xvir.
879 1322 921 1397 4,
944 1316 1056 1385 eodem
1069 1318 1258 1401 Σωκράτους
1276 1344 1329 1387 κε·

150 1425 296 1506 τηγορίιν
319 1422 485 1490 scriberet.
532 1422 597 1488 Ista
616 1421 796 1511 Polycratis
817 1424 990 1507 κατηγορία
1013 1422 1199 1506 Σωκράτους
1220 1422 1328 1492 mullo·

149 1548 224 1595 rum
253 1529 402 1617 plausum
430 1526 505 1594 tulit
526 1537 558 1594 et
586 1546 735 1615 magnam
758 1528 858 1594 morit
881 1528 1143 1598 admirationem.
1192 1528 1243 1597 lia
1267 1530 1328 1619 ipn

149 1652 202 1699 res
223 1633 463 1720 Xenophontem
487 1632 617 1720 impulit
636 1641 672 1699 ut
691 1641 803 1699 contra
821 1633 991 1711 scriberet,
1016 1642 1048 1700 et
1072 1634 1187 1701 οἰστά
1210 1634 1327 1717 Σωκρά-

148 1764 218 1812 τους
242 1739 570 1820 Ἀπομνημονεύματα
594 1737 633 1804 ad
654 1737 909 1825 redarguendam
934 1738 1114 1829 Polycratis
1143 1740 1327 1823 κατηγορίαι

149 1844 331 1927 Σωκράτους
356 1863 374 1909 a
405 1842 614 1931 Xenophonte
638 1846 815 1931 composita
846 1852 923 1910 sunt
957 1852 990 1911 el
1021 1843 1119 1914 edita.
1169 1846 1326 1934 ltaquesi

149 1949 276 2037 quando
300 1969 318 2016 a
350 1949 558 2037 Xenophonte
582 1949 595 2014 ί
620 1951 789 2031 κατήγορος
821 1958 1114 2028 commemoratur,
1151 1969 1217 2017 non
1243 1950 1325 2019 liele·

146 2063 200 2122 tus
220 2052 442 2140 significatur,
461 2061 518 2120 aul
536 2054 679 2141 scyrus,
692 2063 748 2119 aut
769 2054 873 2142 hyon,
896 2056 923 2121 σί
935 2054 1134 2138 praeciperer
1145 2055 1323 2140 Σωκράτην,

147 2159 203 2228 sed
227 2159 435 2250 Polycrates,
458 2158 553 2225 cuius
577 2160 750 2240 κατηγορία
784 2157 965 2241 Σωκράτους
989 2167 1061 2226 erat
1080 2169 1153 2227 tum
1174 2162 1209 2228 in
1233 2160 1324 2230 bomi-

147 2286 226 2332 num
252 2265 486 2352 elegantiorem
510 2263 671 2331 manibus

191 2372 302 2437 llicam
334 2369 475 2435 breviter
504 2368 623 2456 quihus
650 2367 780 2435 indiciis
810 2376 843 2435 et
866 2370 1067 2455 argumentis
1091 2370 1124 2437 id
1146 2370 1319 2459 collegerim

144 2485 177 2543 et
209 2474 289 2541 mihi
320 2474 458 2541 firmiter
487 2475 715 2561 persuaserim.
761 2474 796 2540 ln
825 2474 889 2552 ils,
919 2474 976 2561 qui
1004 2475 1185 2564 Polycratis
1217 2477 1319 2544 orado

144 2581 274 2647 nemin
301 2578 466 2645 Socratem
501 2581 652 2665 scriptam
683 2588 959 2655 commemorant,
994 2579 1057 2646 duo
1088 2590 1221 2651 tantum
1254 2590 1318 2650 suni

145 2694 244 2753 testes
268 2683 374 2750 idonei
397 2692 430 2750 et
463 2684 523 2751 llde
551 2685 662 2771 digni,
695 2685 852 2751 leocrates
876 2691 907 2750 et
932 2684 1121 2755 Favorinus.
1171 2689 1317 2757 Isocrates

146 2791 316 2878 adipsum
346 2789 546 2878 Polycratem
572 2789 716 2856 scribens
737 2791 770 2855 in
797 2789 944 2856 Busiride
977 2794 1050 2876 §h
1087 2793 1133 2858 ita
1157 2791 1258 2861 dicit:
1279 2794 1316 2860 ιιί·

143 2897 325 2976 σίανάμενοο
349 2893 398 2962 οὖν
428 2898 490 2978 οὐχ
511 2896 603 2975 ήκιςά
627 2922 662 2962 σε
689 2896 995 2976 μεγαλαυχούμενον
1023 2898 1077 2963 tri
1099 2922 1135 2963 τε
1159 2909 1201 2983 τῇ
1225 2898 1315 2966 Βουσί·

142 3005 218 3087 ριδορ
254 3002 413 3086 άτολογίμ
446 3002 499 3068 καί
534 3012 578 3086 τῇ
609 3000 841 3082 Σωκράτους
874 3002 1102 3087 κατηγορίᾳ
1139 3001 1317 3087 πειράσομαί

142 3135 187 3175 σοι
213 3118 336 3186 ποιήσαι
359 3109 543 3192 καταφανὲς
569 3103 615 3172 ἔτι
639 3112 693 3172 τοῦ
721 3107 837 3179 δίοντοο
862 3107 894 3172 ἒν
917 3108 1105 3190 ἀμφοτέροις
1132 3118 1199 3183 τοῖς
1221 3108 1314 3189 etym

141 3217 318 3295 διήμαρτες.
365 3211 505 3291 Deinde,
538 3219 706 3299 postquam
739 3214 794 3288 τήν
817 3212 982 3293 Βουσίριδος
1005 3213 1183 3293 άοιολογίαν
1215 3212 1316 3283 ecerhe

141 3318 420 3405 reprehendisset,
442 3318 489 3383 sio
509 3318 634 3403 pergit:
660 3316 841 3398 Σωκράτους
853 3317 885 3383 δὲ
907 3327 1090 3400 κατηγορεῖν
1114 3320 1300 3402 ἐγχειρήσοι
1307 3366 1316 3397 ,

142 3421 242 3504 ὥσπερ
270 3422 466 3503 ἐγκωμιάσαι
497 3423 706 3503 βουλόμενος,
740 3422 945 3501 Ἀλκιβιάδην
970 3424 1085 3514 ἔδωκας
1120 3427 1208 3507 αὐτῷ
1229 3426 1316 3505 geals·

142 3528 216 3605 τήν,
239 3524 270 3592 ὃν
291 3529 343 3593 ὑπ’
360 3528 474 3593 ἐκείνου
497 3529 554 3607 μὲν
586 3529 680 3603 οὐδεὶς
713 3531 820 3612 ήσάετο
848 3527 1087 3608 παιδευίμενον,
1116 3526 1165 3595 άτι
1188 3530 1221 3597 δὲ
1246 3528 1316 3598 πολὺ

142 3633 282 3711 διήνεγκε
302 3640 360 3699 τῶν
381 3631 486 3698 ἄλλων
510 3630 650 3708 άταιτες
669 3634 708 3700 άν
732 3635 966 3713 ὁμολογήσειαν.
1016 3633 1105 3701 Unde
1122 3636 1315 3704 occasionem

141 3740 282 3825 arripuit
310 3737 450 3802 bominis
475 3737 581 3804 odiose
610 3740 655 3805 sio
689 3737 866 3806 irridendi:
899 3739 1040 3805 Socrates
1074 3743 1161 3826 ipse,
1197 3742 1316 3830 inquit,

141 3847 170 3911 σι’
193 3853 279 3910 tuom
302 3844 528 3910 accurationem
552 3865 731 3930 cognoscere
751 3853 875 3930 posset,
907 3844 1131 3919 rescissoris
1155 3870 1213 3913 σοι
1238 3847 1255 3915 ί
1259 3870 1315 3932 χιι

140 3949 260 4033 χάριν
283 3957 339 4027 τοῖς
363 3950 550 4032 κατηγορίας
573 3948 645 4025 ὅσην
664 3949 757 4015 οὐδενί
782 3956 840 4015 τῶν
858 3952 994 4016 ἐπαινεῖν
1016 3952 1111 4018 eonio
1133 3954 1314 4033 είάισμίνοιν.

140 4054 242 4135 Quam
267 4054 436 4142 ignorabat
468 4055 610 4122 Socratis
630 4056 776 4120 anirrrurn
801 4062 833 4121 et
854 4055 1019 4139 ingenium
1045 4054 1165 4123 liuidus
1189 4057 1316 4136 rhetor,

138 4161 194 4246 qui
219 4159 297 4226 hacc
320 4161 468 4247 scripsit,
501 4169 565 4226 tam
590 4160 768 4227 admirator
790 4160 841 4226 sui
865 4179 962 4247 quam
995 4158 1137 4228 Socratis
1161 4172 1193 4229 et
1218 4164 1316 4232 Plelo·

137 4265 189 4330 nis
216 4273 249 4331 et
267 4264 517 4333 vSocraticorum
543 4268 687 4332 omnium
722 4286 795 4333 osor
817 4273 849 4332 et
874 4272 1064 4333 contemtor.
1113 4266 1162 4335 Er
1186 4268 1240 4337 his
1263 4271 1317 4358 igi·

137 4376 191 4436 tur
223 4369 429 4438 manifestum
464 4381 511 4440 cst
544 4371 745 4461 Polycratem
772 4372 891 4458 ingenii
918 4371 1100 4441 ostentandi
1126 4392 1225 4445 eausa
1255 4384 1320 4465 port
