2940 5010
703 283 768 345 556

147 459 166 541 §
192 460 244 523 18.
274 463 361 523 recte
386 454 446 520 viri
471 453 556 522 docti
581 452 672 523 irena
699 453 810 523 abesse
834 458 1006 521 senserunt
1041 454 1337 547 scribendumque:

147 563 231 629 οὐδέν
256 587 285 628 τι
317 565 443 639 μᾶλλον
468 562 578 628 τούτου
605 559 722 652 (ἕνεκα)
759 563 879 642 θοιροεῖ,
903 561 992 626 etin
1022 560 1086 630 fine
1105 563 1336 651 corrigendum

148 671 349 735 τοιοῦτον-
371 662 448 733 οἷον
471 666 532 747 ἐγὼ
555 668 636 742 δηλῶ
661 685 718 753 pro
741 663 773 732 θν
796 667 860 745 ἐγὼ
884 666 977 742 δηλῶ.

196 775 233 839 in
262 791 332 859 cap.
354 771 409 840 ΙΙΙ.
441 775 471 838 2.
504 774 627 839 ποθοῦσι
658 772 690 839 δὲ
725 769 765 838 ἄν
800 795 858 838 που
890 772 1011 856 tato,
1046 772 1139 850 ἥδιειι
1172 774 1207 842 di
1240 775 1339 843 πόλιν

149 864 314 960 apertiora
336 878 500 961 δέχονται,
523 875 666 944 diximus
690 895 790 964 snpra
810 879 879 959 ἀπῇ
897 896 969 946 esse
991 878 1235 966 corrigendum.
1283 882 1338 951 re-

149 983 234 1070 perit
264 991 374 1050 autern
416 1001 559 1049 errorem
600 984 744 1049 vicinum
774 983 939 1063 προσιόντα
972 992 1005 1051 et
1039 985 1161 1072 passim
1196 982 1278 1054 sim
1307 995 1339 1054 et

149 1088 245 1166 θθνιιι,
267 1089 306 1155 dv
329 1094 362 1154 et
381 1089 431 1154 ido
451 1087 717 1168 contunduntur,
740 1073 935 1175 praesertin
954 1088 988 1154 in
1007 1090 1208 1177 compositis.
1255 1090 1336 1160 Sunt

148 1193 228 1261 adeo
252 1195 309 1282 qui
332 1202 463 1282 propter
487 1192 582 1261 fidem
616 1193 771 1260 librorum
803 1190 882 1261 sirm
903 1193 937 1259 in
959 1195 1148 1282 compositis
1170 1215 1231 1284 pro
1261 1197 1337 1265 θθνιιι

147 1299 246 1366 scribi
285 1317 378 1386 posse
421 1296 531 1366 faciles
574 1296 720 1365 credant.
779 1298 967 1366 'i'urbarunt
1005 1298 1131 1367 iibrnrii
1172 1303 1193 1388 ς
1227 1306 1262 1370 3.
1304 1303 1336 1371 in

146 1405 262 1481 νηποινὶ
285 1405 495 1480 ἀποκτείνειν,
527 1402 750 1472 afferunture
777 1403 870 1472 tibris
896 1405 1052 1483 annotari,
1075 1414 1202 1485 νηποινθι·
1228 1415 1265 1476 ei
1289 1432 1337 1487 νη-

145 1510 248 1578 πιινθ.
297 1509 379 1577 Vera
403 1509 566 1596 scriptura
592 1518 641 1575 cst
663 1510 797 1588 aaroni,
821 1530 904 1598 qnae
926 1512 959 1576 in
983 1512 1121 1579 vetustis
1140 1511 1236 1581 libris
1264 1522 1337 1583 Nu·

146 1625 299 1684 ΠΟΙΝΕΙ
332 1615 431 1682 scribi
462 1614 551 1681 solet.
607 1614 699 1702 Apud
731 1616 922 1705 Dionysium
954 1614 1056 1683 liaiic.
1085 1619 1123 1685 Δ.
1153 1617 1192 1685 R.
1214 1619 1257 1687 X.
1283 1625 1335 1688 iob.

146 1722 181 1788 in
205 1721 355 1788 omnibus
373 1719 467 1787 tibris
489 1730 539 1788 est
564 1721 603 1811 (oi
626 1720 722 1810 νθμοι)
753 1720 970 1799 κελεθουοινῆ
999 1730 1128 1789 ποιεῖν
1150 1724 1169 1802 θ
1191 1724 1334 1794 seinaim

145 1828 218 1904 τοὺς
242 1829 433 1910 ὑβρίσαντος
458 1827 514 1917 (sic
539 1824 735 1914 addendum)
760 1828 803 1893 τοὶ
825 1833 885 1893 τῶν
907 1826 1076 1910 δημάρχου
1099 1831 1250 1910 capara.
1285 1830 1336 1899 Vi·

145 1931 202 2000 des
238 1952 302 2022 quo
332 1931 448 2000 abierit
478 1933 612 2020 antiqua
632 1934 793 2018 scriptura
826 1933 1335 2005 νελεθοντΙΝΗΠοΙΝιΤεθνθ·

145 2064 217 2117 aar,
241 2058 337 2126 qnam
367 2039 530 2106 revocavit
557 2037 765 2104 Casaubonns
785 2038 945 2105 κελεύουσι
979 2040 1135 2116 νηποινὶ
1170 2040 1335 2121 τιθνθνιι,

147 2154 181 2211 ut
212 2154 302 2211 recte
327 2144 447 2230 iegitur
471 2144 511 2212 ΙΙ.
540 2148 592 2211 10.
619 2142 897 2222 tornationem
928 2144 1086 2220 νηποινὶ
1115 2148 1284 2229 τεθνάναι,
1304 2156 1335 2217 ct

142 2249 215 2320 aliis
238 2250 327 2316 locis.

190 2354 225 2422 ln
255 2358 328 2441 §ib
360 2373 417 2442 pro
447 2357 582 2438 εὑρήσεις
615 2355 673 2433 μὲν
706 2356 778 2428 τοὺς
809 2355 931 2429 idicirco
965 2354 1123 2423 Siobaeus
1152 2360 1334 2429 rectissime

142 2463 214 2536 τοὺς
238 2461 296 2541 μέν
327 2462 510 2547 transponit
538 2468 571 2527 et
593 2460 718 2527 πθντου
741 2459 830 2527 addit
853 2461 885 2525 in
916 2480 986 2546 sqq.
1010 2462 1070 2528 ὖπθ
1102 2464 1220 2532 τοθτυυ
1245 2466 1333 2557 (roiv-

142 2565 215 2654 τον)
239 2565 365 2645 postca
391 2567 606 2649 φιλουμένουι.
656 2567 797 2653 npparet
826 2566 858 2630 in
887 2565 1006 2632 vicinia
1030 2576 1215 2636 monstrum
1244 2590 1330 2640 socc·

140 2670 208 2737 buli
239 2671 510 2748 οὶπεκτοννκθτοις,
546 2691 642 2759 quom
677 2670 845 2738 barbaram
878 2670 1014 2736 formam
1048 2692 1086 2738 co
1119 2677 1253 2761 turpius
1285 2686 1331 2745 cst

141 2775 283 2846 nondum
309 2796 379 2844 esse
402 2776 613 2862 castigatam,
647 2797 746 2864 quum
774 2775 942 2842 emendata
972 2776 1136 2863 scriptura
1162 2783 1328 2851 οὶπεκτονθ

140 2908 199 2958 τοις
223 2882 308 2970 opud
341 2881 512 2950 stobaeum
543 2883 664 2969 optime
694 2890 821 2948 serrata
851 2884 904 2948 sit.
953 2883 1028 2948 Post
1053 2903 1156 2970 pauca
1182 2885 1326 2955 Graecnii

139 2987 179 3056 dc
203 3008 261 3055 suo
282 2988 444 3071 τυρθννιυς
470 2988 581 3074 putide
615 2990 843 3063 inseruerunt,
868 2988 900 3052 in
924 2985 1032 3053 verbis
1060 2992 1198 3066 πολλοὺς
1220 2991 1255 3058 δὲ
1277 2992 1324 3060 sai

139 3096 197 3162 ὑπὸ
220 3101 373 3173 νυνοιιιιῶν
396 3102 455 3160 τῶν
479 3096 594 3161 ἑοιυτῶν
629 3093 818 3180 [τυράννους]
848 3094 1106 3176 διεφθαρμένους,
1131 3094 1187 3162 ubi
1210 3096 1323 3165 emble·

139 3218 191 3264 nnn
218 3202 286 3287 ipsa
309 3198 401 3266 sedes
425 3201 544 3285 arguit.
593 3201 628 3266 ln
657 3202 728 3287 §n
756 3200 815 3265 ὑπὸ
838 3200 898 3263 τῶν
929 3199 1025 3281 φύσει
1046 3202 1235 3283 πεφυκότων
1266 3203 1322 3284 μθ-

135 3319 212 3373 λιςοι
235 3309 379 3386 φιλεῖν
403 3303 498 3371 tectio
518 3312 625 3389 φιλεῖν
649 3324 665 3371 a
687 3302 858 3371 codicibus
884 3305 1110 3372 auctoritatem
1136 3305 1234 3375 babet
1258 3308 1321 3376 nni·

137 3407 223 3482 laon,
256 3406 309 3473 sed
342 3427 361 3473 a
393 3429 470 3475 sana
501 3410 625 3476 ratione
651 3417 683 3475 ct
714 3411 872 3476 sententia
902 3410 963 3475 ioci
998 3412 1078 3476 satis
1112 3410 1209 3480 babet
1242 3434 1322 3481 com·

137 3511 373 3579 nrerrdntionis:
403 3520 473 3580 turn
499 3514 597 3579 scribi
631 3513 724 3580 debet
750 3513 864 3581 οθεοθιιι
899 3519 995 3599 xpi,
1030 3524 1065 3582 nt
1093 3509 1233 3599 assoict,
1263 3539 1320 3588 non

134 3627 223 3699 triv·

183 3727 219 3789 in
244 3742 304 3810 cap
338 3725 390 3803 iV.
417 3730 448 3791 2.
482 3724 689 3791 veliementer
712 3735 861 3813 suspecta
889 3736 966 3791 sunt
996 3725 1092 3794 verba
1126 3734 1197 3814 [τοῦ
1228 3738 1320 3806 roscit

135 3829 209 3910 ποθι
232 3855 319 3903 τινος
351 3830 473 3916 ἔχεινΙ,
504 3851 586 3917 quae
613 3841 645 3896 et
670 3830 788 3917 frigent
813 3839 844 3897 et
875 3851 937 3896 non
968 3833 1048 3898 satis
1071 3835 1117 3900 rei
1150 3838 1322 3904 conventre

135 3935 303 4012 videntur,
327 3937 480 4022 qnoniam
511 3944 606 4011 πιςῶς
631 3936 715 4018 ἔχειν
737 3943 786 4002 cst
813 3939 901 4011 πιςθς
924 3934 1024 4015 sicar,
1055 3958 1159 4026 neque
1182 3939 1244 4007 hoc
1273 3950 1321 4033 ty-

133 4059 255 4106 rannus
272 4043 392 4127 expetit
413 4051 447 4107 ut
463 4043 531 4128 ipse
550 4059 626 4127 erga
648 4041 727 4108 aiios
750 4051 854 4109 servet
879 4042 990 4121 iidem,
1009 4041 1090 4119 θπυς
1110 4047 1206 4119 airis
1229 4051 1321 4124 τιςθο

135 4146 225 4220 icae,
250 4145 304 4212 sed
330 4157 366 4212 ut
390 4147 504 4214 babeat
524 4146 643 4234 quibus
667 4156 739 4214 tuto
760 4147 892 4215 credere
913 4150 1024 4235 possit.
1072 4151 1109 4216 in
1144 4153 1216 4235 §b
1244 4155 1321 4222 εθιιθ-

134 4276 188 4326 νοις
210 4254 316 4321 Ιθςοῖοιν
348 4256 383 4318 ai
412 4252 519 4326 πόλεις
542 4258 602 4317 τῶν
628 4259 744 4319 τοιοῦτο
774 4255 986 4332 ποιησάντων,
1015 4253 1093 4320 ferri
1117 4264 1223 4341 potest
1251 4258 1322 4328 Sto·

132 4357 200 4423 baei
235 4357 329 4424 tectio
351 4363 411 4423 τῶν
433 4363 524 4423 τοῦτο
554 4358 766 4438 ποιηοθντυν,
799 4359 855 4427 sed
883 4358 1013 4446 volgata
1042 4361 1206 4449 scriptura
1239 4362 1322 4432 terri
