2940 5010
697 286 762 349 ooo

139 476 197 546 pro
220 457 414 541 διαφέροντες
439 459 586 533 ἀλλήλων
606 455 843 524 emendandum
870 474 941 523 esse
964 464 1102 543 apparet
1133 456 1316 539 διαφέροντος

138 562 264 638 ἀλλων,
303 582 365 627 non
397 563 482 627 euim
507 560 666 646 agricolae
694 564 748 647 qui
774 563 925 650 differunt
945 561 1028 627 iuter
1058 582 1149 639 εισι,
1185 560 1243 627 set
1275 564 1355 677 qai

135 678 296 755 ριοοιιοιιι
329 667 402 733 airis
434 666 577 733 solebant
607 674 640 733 et
666 665 807 732 soient
799 687 831 731 m
862 688 897 733 re
926 665 1064 733 lautiore
1097 684 1182 733 esse.
1230 638 1355 748 unani

138 791 232 858 saepe
264 770 370 837 ἀλλων
406 780 437 839 et
472 774 620 847 ἀλλήλων
654 769 895 838 confundantur
925 778 1038 837 notum
1077 780 1133 837 est
1167 772 1355 841 omniura

137 876 355 959 Διοφερόντως
388 886 495 942 autem
526 884 559 942 et
588 872 740 958 διαφόρως
775 874 852 961 quid
888 874 1039 942 uiiierant
1072 877 1158 943 satis
1194 884 1318 943 eanum

138 981 236 1048 Recte
251 980 449 1067 Stephanus:
475 978 713 1062 »Διωφεράντως
734 1002 801 1045 cour
820 981 960 1067 sequitur
979 980 1249 1067 siqnificutioaem
1268 1000 1320 1047 oe·

139 1085 170 1150 u·
191 1085 346 1168 διαφέρειν
377 1108 439 1172 quo
459 1086 588 1171 ponitur
617 1105 675 1171 pro
712 1085 862 1162 Praesto,
896 1083 1068 1165 Excello,”
1094 1084 1212 1172 itaque
1235 1084 1321 1171 signi·

138 1189 214 1257 fioat
235 1200 362 1275 praeter
391 1201 547 1266 coeteros,
585 1190 730 1275 eqreqie,
763 1190 896 1267 οωιύιίο,
929 1190 1089 1276 ιἰιιριοιιισ,
1122 1189 1320 1257 ιιιοὶυτοιιιιι

138 1294 266 1360 neudum
286 1294 479 1380 similiaque.
529 1291 703 1359 Emendari
735 1295 853 1380 poterit
878 1293 981 1360 obiter
1013 1293 1160 1361 Platonis
1184 1293 1320 1363 toousin

138 1400 312 1484 Protagora
343 1418 413 1485 pag.
435 1403 500 1464 349
523 1399 560 1465 D.
592 1399 726 1478 εὑρήσεις
750 1399 814 1481 γάρ
839 1399 972 1474 πολλοὺς
1003 1404 1062 1465 τῶν
1082 1397 1251 1481 ἀνάροῖιτοιν
1267 1398 1321 1467 ὶδι-

139 1504 296 1577 ιιωτάτους
315 1506 373 1583 μὲν
394 1502 484 1579 ὄντος
502 1504 554 1568 uei
573 1501 796 1578 ἀνοσιωτάτους
820 1503 873 1569 aa>
895 1502 1152 1578 ἀκολοςοτάτους
1170 1504 1229 1571 arai
1249 1506 1322 1585 ἀμι-
1353 1514 1355 1533 ²

139 1608 306 1687 ἀεςάτους,
336 1608 645 1690 ἀνδρειοτάτους
675 1608 705 1673 δὲ
730 1607 954 1691 διιοφερῖντως,
980 1607 1036 1674 ubi
1057 1608 1321 1691 ἀνδρείουιδέ

140 1714 345 1798 διαφερόντως
377 1721 426 1779 est
460 1711 709 1778 restituendum.
756 1712 854 1780 Vides
883 1710 959 1798 quid
992 1714 1156 1800 pepererit
1187 1732 1321 1781 errorem

141 1820 221 1886 satis
245 1816 471 1895 manifestum,
496 1825 531 1883 ut
553 1817 675 1903 opinor.

186 1924 222 1990 lu
248 1942 317 2008 cap.
342 1922 409 1988 XX.
436 1924 454 2006 ς
479 1926 529 1988 15.
565 1925 591 1988 εἴ
616 1924 648 1989 δι’
672 1947 719 1996 τις
744 1921 949 1989 ποιντάιισισιν
970 1924 1107 2002 ἀγνὼς
1130 1922 1196 1999 εἴη
1221 1922 1255 1989 ri
1281 1922 1322 1989 δυ’·

141 2052 232 2096 νιιτοιι
264 2027 367 2111 φέρειν
399 2029 417 2103 ἦ
444 2036 506 2106 γῆ,
535 2035 646 2114 aperte
670 2025 859 2093 mendosum
894 2036 944 2094 est
972 2029 1075 2107 ἀγνῶς
1100 2028 1160 2105 ain.
1211 2030 1322 2107 Ἀγιάι

141 2135 227 2202 enim
252 2150 430 2217 numquam
455 2130 540 2217 apud
565 2132 699 2198 Veteres
721 2133 839 2210 ἀγνοῶν
873 2132 1036 2217 signifieat
1063 2131 1122 2199 sed
1147 2140 1322 2221 rumperet

141 2238 260 2325 ubique
294 2235 516 2315 ἀγνοούμενος,
549 2245 581 2302 et
606 2238 691 2303 inter
720 2257 754 2303 so
781 2238 896 2324 opponi
930 2237 1033 2304 soient
1059 2240 1215 2320 γνῶριροις
1238 2247 1271 2306 et
1290 2240 1321 2303 ‹i-

140 2344 241 2423 γνῶς,
267 2349 303 2407 ut
326 2338 411 2427 apud
432 2339 635 2407 Aristotelem
660 2343 691 2406 in
718 2340 824 2407 Ettrie.
850 2342 973 2409 Nieom.
994 2342 1049 2410 tv.
1073 2347 1106 2409 6.
1132 2344 1245 2423 δριιῖως
1264 2342 1321 2423 γὰρ

140 2450 213 2530 πρὸς
246 2448 393 2526 ἀγνῶτος
422 2445 475 2511 uui
508 2446 676 2527 γνωρίμους
710 2448 762 2512 nai
796 2446 931 2523 συνήθεις
965 2449 1018 2514 eei
1054 2448 1219 2524 ἀσυνήθεις
1251 2448 1320 2515 uiri

140 2554 269 2630 ποιήσει.
317 2550 441 2614 Vitium
465 2551 628 2616 invectum
664 2558 773 2617 estex
796 2551 912 2618 vitiosa
944 2551 1133 2638 aequiorum
1167 2550 1319 2635 συνιρῖεἴρ,

140 2656 196 2744 (ρυί
220 2661 331 2720 eontra
353 2673 448 2720 usum
473 2654 626 2720 Veterum
647 2655 805 2742 ponebant
825 2657 927 2735 ἀγνώς
944 2675 1002 2742 pro
1021 2658 1163 2736 ἀγνοῶν,
1189 2665 1227 2723 ut
1249 2657 1318 2723 Pau·

140 2761 248 2828 sanias
269 2759 322 2825 lx.
348 2761 402 2824 59.
437 2760 454 2842 §
481 2763 532 2824 15.
564 2759 711 2841 ἀράμενοι
747 2760 920 2842 κομίζουσιν
941 2765 1073 2842 ἀγνῶτος
1098 2762 1212 2842 ὃμοῖως
1232 2762 1316 2828 atrro

140 2891 175 2933 τε
221 2864 274 2931 xe>
315 2869 374 2929 τῶν
412 2863 523 2936 τέλος.
582 2864 836 2932 Rescribemium
882 2866 1010 2934 videtur
1044 2864 1255 2933 τιιντάπωσιι
1285 2866 1314 2931 ὅ·

139 2971 283 3050 γνοοῖνρ.

185 3074 221 3141 ln
255 3077 272 3159 §
298 3080 349 3141 14.
373 3071 490 3150 τάντος
515 3072 682 3144 οἴδοισιυ
705 3079 831 3165 corrige
851 3076 943 3144 sodes
962 3076 1080 3153 τάντες
1104 3078 1222 3147 ἴσοισιν.
1265 3074 1312 3143 Ne·

141 3200 194 3247 mo
219 3199 373 3267 umquam
403 3181 558 3248 Veterum
581 3201 659 3249 usus
685 3192 733 3250 est
759 3183 872 3249 formis
891 3182 1031 3262 οἴδοιτον,
1054 3183 1203 3262 οἴδιιριιν,
1224 3182 1310 3249 oiim

140 3292 173 3352 et
202 3284 340 3363 οἴδασιν,
368 3307 426 3374 pro
450 3285 535 3364 ἴτον,
566 3287 679 3368 ἴσμεν,
710 3290 758 3357 ἴςε
782 3297 815 3355 et
838 3289 950 3354 ἴσοισιν.
1007 3289 1181 3354 Praeterea
1211 3279 1310 3376 prosi

140 3388 313 3471 τάσχουσοο
345 3389 379 3457 εὖ
406 3399 490 3457 ποιεῖ
517 3394 694 3478 genuinum
718 3412 787 3459 esse
819 3393 968 3459 existimo
999 3387 1035 3469 εὖ
1065 3392 1242 3475 τάσχουσιι
1262 3393 1310 3457 ἀι·

139 3504 339 3563 τευτοιεῒ.
387 3495 441 3562 Sic
466 3495 677 3564 Atireuienses
702 3499 733 3562 in
756 3497 811 3563 tati
839 3517 872 3562 re
894 3495 1003 3562 dicore
1032 3496 1137 3563 solere
1165 3497 1252 3565 inter
1275 3492 1310 3561 le·

140 3598 281 3688 gendum
314 3601 426 3667 multis
462 3601 636 3669 multorum
670 3602 824 3688 exemplis
857 3621 1049 3687 cognosces,
1084 3602 1112 3667 si
1145 3601 1233 3669 roies
1264 3598 1310 3665 no

141 3725 249 3792 ogere.
299 3704 352 3771 Sic
377 3706 414 3770 V.
443 3711 495 3774 12.
526 3709 595 3781 τοὺς
619 3706 712 3789 ἀριςιι
736 3707 960 3788 ἴερσιτειῖσντοις
985 3715 1104 3777 πλεῖς-οι
1135 3709 1247 3786 atrata
1267 3706 1310 3772 ἀι·

140 3818 307 3886 τιτοιεῖ,
331 3820 364 3877 et
386 3810 423 3875 V.
446 3814 476 3875 6.
509 3813 716 3895 ἀφελούμενοι
739 3814 989 3894 ἀντωφελοῦσιν,
1021 3820 1054 3879 et
1078 3810 1133 3877 ΙΧ.
1162 3820 1215 3879 11.
1245 3810 1309 3883 ἴσθι

140 3916 329 4000 χωριζομένη
365 3941 394 3981 τι
419 3919 492 3994 ἡμῖν
524 3917 580 3998 ὑφ’
612 3919 695 3997 ἡμῶν
729 3919 979 3996 ἀντιτιμιὶσετοιι.
1026 3916 1149 3984 Eodem
1185 3914 1311 3984 remedio

142 4019 299 4087 utendum
337 4021 368 4085 in
393 4020 616 4087 Demosthenis
652 4022 738 4089 Orat.
763 4022 863 4091 XXV.
889 4028 944 4089 57.
978 4025 1176 4099 vuaratonis*
1206 4026 1311 4105 εὐιργι·

141 4128 284 4203 τάσοισοιν
307 4127 400 4192 αὐτὸν
423 4163 468 4177 -
492 4128 543 4192 κοιῖ
568 4126 715 4204 ἀξιοῦσιν
752 4126 792 4195 εὖ
822 4131 991 4207 ιιοιῖεῖν,
1019 4130 1084 4197 imo
1117 4148 1195 4195 vero
1219 4130 1311 4195 ἀντευ
1353 4154 1355 4175 ¹

140 4233 258 4300 ιιιιῖεἴν.
