2940 5010
711 273 776 335 666

160 450 383 535 undecumque
411 454 539 532 arrepta
568 446 674 512 securi
700 448 829 513 iterant.
874 445 984 533 Ecqua
1012 443 1121 515 labala
1144 454 1250 534 polest
1270 468 1330 519 ctera

158 557 282 625 iutilier
317 563 348 619 et
384 549 575 617 certioribus
611 549 740 617 indiciis
771 550 927 639 deprensa
964 550 1101 619 refutari
1132 572 1235 639 quam
1258 574 1332 641 quaa

158 668 310 730 narratur
333 657 372 724 de
393 656 505 723 bleleto
532 655 777 743 Aristophanem
798 667 910 724 contra
929 657 1095 725 Socratem
1120 658 1331 727 subornantel

160 765 291 853 Ecqnod
316 771 532 829 commentum
561 760 763 829 manifestius
786 763 889 829 teneri
915 763 1046 850 potasti
1094 762 1202 831 liahct
1234 774 1332 835 tamen

159 893 234 940 suos
258 878 355 937 testes
377 868 521 934 omniurn
547 886 654 933 rerum
676 866 860 954 imperitos,
881 866 1035 937 historiae
1057 877 1091 937 et
1115 862 1334 957 camnotoqta

158 976 437 1066 imperitissimos,
471 971 525 1039 sed
548 991 585 1038 eo
608 971 853 1041 confidentiores
885 974 1219 1064 impudentioresque.
1267 976 1333 1059 Qut

158 1102 297 1169 cumque
324 1082 358 1146 in
380 1078 504 1146 Aeliani
526 1079 622 1144 Varia
645 1078 784 1146 Historia
816 1078 891 1146 lihri
911 1079 951 1146 11.
975 1090 1074 1169 caput
1097 1087 1153 1149 15.
1177 1080 1334 1169 perleget

158 1189 243 1256 volet
266 1197 298 1255 et
320 1187 414 1252 istam
445 1203 603 1270 nugarum
627 1193 660 1250 et
682 1184 923 1253 mendaciorum
946 1184 1146 1273 farraginem
1175 1186 1275 1277 paulo
1294 1184 1334 1255 di·

158 1296 311 1382 ligentius
344 1291 503 1377 inspicere
532 1298 564 1355 et
594 1293 813 1376 perscrutari,
845 1301 967 1359 tantam
992 1293 1235 1381 impudentiam
1270 1312 1335 1381 prr·

157 1411 268 1468 laesus
291 1417 353 1464 non
378 1415 474 1481 aegre
494 1393 596 1473 leret,
620 1396 741 1483 siquis
764 1399 939 1484 scriptores
962 1407 1028 1465 tarn
1049 1398 1171 1467 stultos
1195 1396 1335 1467 fastidire

158 1516 190 1575 et
214 1502 392 1591 despicatui
415 1501 533 1568 hahere
556 1500 696 1568 audebit.

205 1610 266 1678 Sed
294 1610 429 1674 missum
459 1605 540 1673 iacio
569 1615 601 1674 et
624 1607 791 1675 Aelianum
822 1618 853 1677 et
886 1607 1099 1675 Themistium
1124 1618 1158 1677 et
1182 1608 1333 1699 qutaqott

158 1726 208 1785 est
238 1715 370 1782 testium
405 1712 608 1791 istiusmodi,
644 1722 681 1780 ut
713 1714 862 1781 accedam
892 1714 932 1781 ad
963 1714 1255 1783 demonstrandum
1284 1714 1332 1793 id,

159 1821 243 1911 quod
267 1820 477 1906 anteposui,
511 1819 751 1906 Xenophontem
784 1822 816 1886 in
842 1819 1102 1888 lleniorabilibus
1135 1842 1202 1887 non
1236 1820 1332 1889 heled

157 1937 213 1997 aut
238 1927 357 2016 Anyti,
381 1925 437 1991 sed
461 1924 649 2014 Polycratis.
664 1928 853 2010 κατηγορίαν
882 1926 1062 2007 Σωκράτους
1092 1927 1252 1995 refutare.
1292 1926 1333 1995 te

155 2037 300 2124 primum
332 2030 460 2118 quidem
493 2030 597 2098 Medati
622 2033 784 2099 accusatio
814 2053 992 2120 numquam
1016 2042 1067 2101 cat
1093 2034 1204 2111 edita,
1239 2052 1331 2121 neque

156 2141 255 2230 Anyti
278 2156 381 2224 neque
401 2136 547 2226 hyconis.
596 2137 769 2225 Xenophon
793 2141 961 2226 perspicue
989 2137 1174 2225 diserteqne
1198 2136 1331 2207 declarat

155 2248 275 2313 nesure
305 2265 371 2309 seso
406 2243 522 2329 quihus
562 2244 691 2311 tandem
727 2246 928 2331 argumentis
959 2265 1052 2310 reum
1093 2244 1329 2313 damnarerint:

154 2351 308 2424 πολλάκις
329 2350 517 2428 ἐθαύμασα,
549 2350 656 2435 inquit
687 2351 718 2415 in
751 2351 821 2437 ipso
842 2349 972 2417 exordio
1006 2351 1134 2438 operis,
1165 2352 1232 2418 τίον
1265 2349 1329 2419 ml

153 2460 257 2539 λόγοις
280 2456 456 2530 Ἀθηναίους
487 2455 613 2521 ἔπεισαν
641 2458 668 2522 ci
691 2456 890 2539 γραψάμενοι
921 2455 1087 2537 Σωκράτην
1111 2458 1152 2531 ὦς
1181 2456 1270 2535 ἄξιος
1289 2456 1326 2533 sla

155 2564 348 2644 tanewara
377 2559 478 2626 πόλει.
527 2559 622 2626 Dabit
652 2560 733 2626 mihi
764 2562 988 2648 unusquisque
1019 2562 1170 2643 θαυμάζω
1193 2570 1275 2641 πῶς,
1301 2568 1327 2629 c

155 2671 268 2736 Latine
290 2667 409 2744 oo'ror,
432 2686 492 2753 quo
511 2677 620 2753 pacto,
645 2676 677 2732 et
702 2666 819 2734 similia
838 2669 946 2733 omnia
968 2665 1079 2733 eodem
1103 2688 1201 2735 sensu
1230 2667 1325 2735 dicit

155 2774 286 2843 Graecis
311 2780 343 2838 et
368 2772 539 2848 llomanis,
563 2792 626 2858 quo
658 2793 743 2838 nune
775 2772 882 2839 dicere
917 2772 1056 2839 solemus
1089 2793 1152 2839 ονονν
1175 2774 1325 2862 iutelliqt,

154 2878 344 2965 concupio,
367 2898 427 2942 ooo
450 2898 619 2964 assequor,
645 2887 679 2944 ut
704 2880 737 2943 in
761 2878 816 2944 illo
838 2878 1030 2944 Horatiano:

291 2982 345 3050 sed
370 2993 477 3050 tamen
501 2982 665 3062 admiror,
688 2996 752 3070 quo
774 2991 868 3071 pacto
891 2982 1048 3049 iudicium
1073 2981 1154 3050 illud

279 3090 418 3175 fugerit,

154 3207 187 3266 et
209 3198 327 3284 passim
353 3197 399 3261 sic
431 3195 584 3261 occurrit.
632 3195 706 3260 Post
734 3213 835 3281 pauca
858 3193 1033 3280 Xenophon
1058 3195 1198 3261 iterum:
1222 3198 1261 3270 ὡς
1282 3195 1324 3261 οὖν

153 3304 288 3386 ἐνόμιζεν
311 3298 360 3375 οὓς
381 3305 398 3379 ἡ
423 3302 511 3374 πόλις
531 3300 642 3382 νομίζει
662 3300 745 3375 θεοὺς
770 3302 863 3383 ποίῳ
887 3302 971 3365 ποτ’
995 3301 1234 3382 ἐχρήσαντο
1255 3322 1324 3367 τεν·

153 3412 297 3491 ρανρίῳς
323 3406 407 3492 qnod
429 3407 474 3472 ita
501 3405 623 3472 dictum
651 3416 721 3485 est,
745 3415 782 3471 ut
806 3424 880 3473 euin
904 3405 937 3471 id
965 3405 1062 3492 plone
1091 3410 1215 3473 nescire
1241 3424 1325 3494 appa·

154 3522 235 3580 reat.
282 3512 401 3598 Nempe
425 3521 648 3577 accusatorum
677 3511 779 3576 oratio
811 3511 898 3577 nulla
922 3520 993 3577 erat
1014 3510 1120 3589 edita,
1153 3513 1223 3600 ipse
1250 3528 1327 3600 pera·

155 3638 212 3705 gre
233 3617 400 3696 abluerat,
424 3618 499 3683 anni
522 3616 652 3703 plurimi
676 3618 798 3683 interea
823 3616 1070 3703 praeterierant,
1094 3636 1199 3704 neque
1223 3618 1285 3705 ipsi
1299 3615 1325 3681 in

155 3724 293 3813 patriam
320 3722 474 3788 redeundi
496 3730 634 3809 potestas
656 3721 737 3789 iacta
761 3731 810 3788 est
834 3742 1000 3809 umquam.
1049 3722 1124 3788 lure
1146 3723 1228 3790 adeo
1243 3738 1326 3810 quaa·

154 3831 266 3897 siverit
289 3829 426 3915 aliquis:
451 3826 529 3913 quid
551 3826 708 3893 attinebat
731 3827 895 3895 Socratem
917 3837 987 3914 post
1017 3835 1064 3893 tot
1086 3847 1205 3908 annos,
1236 3844 1325 3915 quirat

154 3934 239 4022 apud
263 3954 373 4000 omncs
397 3933 659 4020 exquisitissimis
678 3932 826 3999 laudibus
846 3933 953 4001 elierri
983 3932 1118 4012 soleret,
1142 3934 1183 3999 ab
1206 3950 1326 4000 accusa·

154 4050 261 4106 torum
303 4040 474 4106 calumniis
516 4038 590 4104 olim
633 4040 855 4106 intermortuis
897 4047 964 4104 tarn
1000 4036 1111 4105 scdulo
1146 4032 1326 4106 vindicaret

156 4146 262 4227 Quum
299 4147 405 4211 nescio
440 4146 512 4233 quis
539 4143 579 4210 ad
608 4144 777 4211 Herculem
808 4143 1003 4211 laudandum
1033 4142 1224 4230 prodiisset,
1256 4141 1327 4211 sala

156 4252 313 4338 rqrtarsirit
338 4249 455 4337 aliquis
486 4271 523 4317 ex
550 4249 734 4317 auditorum
766 4270 903 4317 corona:
939 4251 986 4323 τίς
1015 4250 1325 4333 percelebratam

157 4357 218 4423 Sed
250 4356 491 4443 Xenophontem
526 4356 646 4425 ridebis
670 4359 789 4426 acriter
813 4378 885 4425 eum
917 4358 1024 4446 aliquo
1052 4366 1242 4426 accusatore
1264 4374 1327 4426 coo·
