2940 5010
727 284 768 347 85

139 460 334 543 corruptum
361 462 412 523 est
435 456 468 521 in
488 454 560 521 eico
581 457 628 534 δή.
677 456 776 523 Nemo
803 455 980 544 quidquam
1006 456 1131 525 extudit
1155 457 1240 545 qood
1268 480 1338 527 seu·

143 558 279 629 utta·
303 558 492 631 adiuvaret:
516 559 593 647 quid
617 562 704 629 enim
730 560 858 649 prodest
884 562 990 650 legere
1008 564 1052 637 sie
1076 560 1176 639 blei,
1199 573 1254 632 aut
1278 568 1339 632 εισ-

147 664 225 753 M
244 674 306 735 aut
325 662 372 743 ale
390 668 454 743 ill,
478 686 561 755 quae
589 688 652 733 nou
673 668 782 734 minuis
807 687 904 735 senso
932 688 1033 735 vacua
1052 677 1130 735 snut
1149 678 1246 758 atque
1268 670 1338 738 εἵσω

148 770 193 849 U„
235 770 309 841 lion
340 770 434 839 rideo
462 772 543 859 quid
563 771 653 840 aliud
680 775 874 840 senteutiam
899 773 1028 861 explere
1052 776 1152 860 possit
1178 796 1296 863 quam:
1325 778 1340 844 i

152 878 281 957 rurale
311 880 340 945 δ’
369 878 482 946 ἔνδοθεν
510 880 734 961 τιτρώσκεται,
768 878 853 966 quod
880 878 1004 945 dictum
1036 887 1086 946 est
1117 890 1153 947 ut
1181 882 1244 949 alio
1271 881 1340 950 loco

157 980 232 1071 tptd
246 982 461 1051 Menandrum
481 984 528 1075 (iu
551 983 680 1051 Stobaei
699 984 807 1051 utum
823 984 994 1051 xxxvlu.
1017 985 1071 1073 ιθ)
1090 990 1155 1053 πᾶν
1171 989 1207 1054 τὸ
1225 1004 1339 1069 topar-

160 1086 270 1171 mot:
291 1090 357 1161 len
380 1087 505 1156 ἔνδοθεν.
551 1090 686 1158 lliretur
709 1090 827 1178 aliquis
844 1090 1003 1176 quomodo
1024 1090 1139 1157 ἔνδοθεν
1160 1093 1193 1159 iu
1211 1094 1282 1160 εἵσω
1303 1096 1339 1173 δή

164 1192 239 1263 utre
256 1194 420 1283 potuerit:
443 1194 568 1262 desinet
586 1197 699 1263 mirari
719 1196 775 1284 qui
797 1194 924 1262 Stobaei
944 1195 1151 1284 Florilegium
1169 1199 1341 1286 diligenter

165 1296 371 1367 tlllodicum
401 1298 555 1369 lectiones
581 1302 742 1388 exegerit,
771 1322 845 1368 uam
870 1304 990 1391 passim
1015 1302 1137 1371 ridebit
1161 1305 1341 1393 scripturas

167 1422 305 1493 querc
325 1422 347 1471 a
365 1404 609 1474 tlorrectoribns
627 1407 667 1474 da
689 1426 749 1474 suo
777 1407 1003 1495 interpolatae,
1024 1408 1143 1496 quibus
1171 1410 1340 1500 archetypi

169 1506 277 1579 bttcb
292 1508 428 1579 lacunas
444 1519 566 1581 temere
585 1522 617 1578 et
640 1512 821 1580 inconsulto
835 1512 1036 1601 supplerent:
1060 1515 1107 1580 sic
1126 1513 1197 1582 εἵσω
1217 1516 1253 1594 δή
1278 1534 1340 1581 nou

170 1614 322 1687 conto
343 1625 457 1685 natum
478 1637 547 1685 asse
571 1616 732 1697 artritror,
755 1618 810 1685 sed
832 1617 981 1685 lacunam
1004 1621 1122 1685 veteris
1146 1620 1220 1687 libri
1245 1620 1340 1687 Grae·

172 1720 298 1791 uuum
327 1742 419 1791 more
443 1722 613 1811 expletam.
661 1722 819 1805 Quoniam
850 1745 887 1791 eu
914 1744 967 1791 res
989 1725 1156 1811 permagni
1186 1726 1340 1792 momenti

173 1832 209 1895 1
222 1826 259 1895 td
281 1826 516 1897 autimandam
538 1826 633 1895 iidem
655 1827 848 1909 lectionum,
873 1850 955 1917 quae
978 1830 1063 1916 apud
1087 1829 1258 1898 stobaeum
1279 1832 1341 1897 cir·

174 1930 394 2013 ularuntur,
410 1931 637 2001 demonstrabo
648 1934 803 2023 exeurplis
816 1934 1064 2021 complusculis,
1078 1955 1161 2023 quae
1178 1935 1238 2002 sibi
1253 1936 1341 2023 quis·

174 2056 221 2125 qua
244 2036 337 2107 lacila
365 2058 486 2127 augere
516 2040 651 2127 poterit,
687 2039 719 2107 id
744 2040 830 2128 qnod
860 2039 997 2107 subinde
1024 2040 1112 2119 dlxi,
1144 2042 1175 2108 in
1207 2041 1341 2110 Stobaeo

175 2142 306 2213 ttdtoem
329 2152 545 2213 correctorem
569 2154 694 2212 veteres
719 2146 845 2213 Codicis
869 2145 1002 2213 lacunas
1025 2154 1146 2213 temere
1165 2146 1341 2235 explevisse

175 2246 297 2329 itsun,
328 2249 363 2317 iu
384 2270 449 2337 quo
472 2270 508 2319 re
533 2250 742 2318 marriiestum
767 2260 916 2319 tenemus
938 2250 1105 2318 falsarium
1131 2259 1163 2319 et
1186 2254 1339 2339 quoniam

174 2352 290 2425 thurda
320 2363 354 2425 et
377 2356 461 2425 male
483 2356 605 2424 Graeca
627 2356 777 2445 supplere
800 2356 900 2435 solet,
929 2366 962 2423 ct
982 2358 1134 2443 quoniam
1158 2378 1195 2425 ea
1219 2367 1340 2428 temore

174 2460 306 2551 upluvit,
327 2482 468 2551 quornm
490 2482 563 2530 vera
582 2471 615 2531 et
637 2465 778 2551 genuina
803 2464 966 2550 scriptura
988 2462 1078 2529 nobis
1098 2463 1228 2533 aliunde
1251 2475 1340 2533 certa

175 2562 381 2636 ldeinrlotuit
429 2566 594 2657 Optimum
613 2568 700 2636 lactu
718 2577 767 2637 ost
786 2566 930 2655 exempla
943 2576 1031 2634 carta
1046 2588 1215 2656 apponere,
1245 2571 1339 2638 Euri·

172 2670 240 2757 tideo
256 2672 403 2745 dixerat:

328 2783 357 2849 ol
379 2782 445 2864 γὰρ
468 2780 583 2864 Κύπριν
606 2782 781 2865 Φεύγοντος
804 2781 965 2863 ἀνθρώπων
988 2778 1075 2859 ἄγον

330 2887 450 2954 νοοοῦο’
470 2888 580 2967 ὁμοίως
601 2896 666 2961 τοῖς
688 2885 776 2966 ἅγιον
799 2887 997 2968 θηρωμένοις.

173 2998 285 3061 musta
306 2990 432 3060 dictum
449 2992 590 3059 serravit
610 2992 805 3060 Plutarchus
827 2993 858 3059 in
876 2991 958 3058 libro
975 3000 1039 3066 rot:
1061 2992 1195 3073 ἡγεμόσι
1209 2996 1271 3060 δεῖν
1285 2995 1339 3061 τὸν

171 3094 322 3183 nummo
333 3096 534 3176 ιικιιγισιοι
548 3117 577 3185 p.
591 3102 667 3165 aaa.
681 3098 732 3176 n,
751 3096 804 3165 oli
817 3098 944 3164 scribae
959 3089 1338 3167 unbaurnmnmmz

172 3194 366 3289 Quaerunt
398 3202 431 3269 iu
455 3202 553 3283 tytl'
578 3204 752 3287 piperataria:
782 3202 927 3290 neglecta
951 3202 1065 3270 lineola
1091 3228 1107 3269 ν
1129 3202 1286 3271 absumsit
1306 3212 1339 3271 et

171 3304 249 3385 W
274 3308 452 3377 oscitanter
479 3310 699 3399 scripserunt,
728 3309 843 3377 deinde
867 3307 952 3396 quod
978 3317 1146 3397 supererat
1169 3318 1338 3379 ΗΡΩΜΕ·

172 3416 259 3481 libiz
288 3412 324 3481 lu
347 3412 532 3481 vocobulum
563 3415 639 3482 deoc
669 3416 821 3483 Graccum
849 3416 1004 3499 ᾑρημένοις
1028 3423 1218 3482 mutarunt:
1249 3434 1338 3503 egre·

173 3516 226 3603 [ἢ.
245 3527 283 3588 ut
301 3518 408 3597 vidos,
439 3519 494 3587 scd
514 3540 552 3587 ea
576 3520 662 3588 labes
683 3530 772 3588 certo
794 3522 935 3589 remedio
957 3521 1065 3588 sanari
1091 3522 1205 3607 potnit.
1253 3521 1336 3604 Quin

175 3622 278 3693 unu:
287 3622 399 3693 ωιΙοιιι
417 3626 449 3692 lu
463 3626 627 3713 praeclara
639 3628 798 3694 sententia
811 3626 977 3717 Euripidis
991 3628 1021 3693 in
1035 3625 1143 3695 Floril.
1160 3626 1269 3695 llblll:
1283 3633 1336 3697 ιθ.

332 3728 356 3797 ἃ
378 3732 424 3811 μιν
447 3732 511 3814 γάρ
534 3734 581 3802 ἔτι
602 3735 646 3814 τῷ
668 3733 771 3809 πένκθ’
795 3735 809 3799 d
833 3736 977 3808 πλούσιος

332 3837 443 3904 δίδοτ’.
466 3834 489 3905 ἃ
512 3840 539 3905 δ’
561 3840 588 3904 οἱ
612 3844 816 3913 πλουτοῦντες
840 3840 1073 3918 obnoxiaretur

332 3951 430 4011 τοῖσιν
452 3944 559 4019 πένητι
583 3945 734 4026 χρώμενοι
754 3947 935 4026 τιμώμενοι,

175 4040 217 4113 llil
236 4048 427 4129 scotaneto:
456 4046 590 4115 emenda
612 4050 768 4132 θηρώμεθιι
796 4059 827 4117 el
851 4054 894 4134 τῷ
918 4052 1025 4125 πένητι
1054 4052 1197 4123 πλούσιος
1226 4051 1335 4118 διέωοῖ

177 4144 240 4221 tue
258 4172 344 4223 nuuc
363 4152 443 4241 quid
460 4153 587 4241 legatur
608 4156 641 4221 iu
666 4156 773 4223 Florit.
799 4156 907 4223 lell.
931 4161 961 4223 5.

333 4260 361 4329 oi
380 4259 445 4343 γὰρ
468 4260 583 4344 Κύπριν
606 4261 779 4346 φεύγοντες
803 4264 962 4344 ἀνθρώπων
981 4261 1067 4342 ἅγιον

333 4370 450 4437 νοποῦτ’
470 4366 578 4449 ὁμοίως
602 4375 665 4444 τοῖς
689 4370 841 4437 διώκουσιν
867 4366 954 4449 atym
