2940 5010
676 298 740 361 255

123 470 231 549 ianr,
253 468 338 561 qnod
361 477 409 535 est
429 467 515 555 apud
540 468 691 537 Alcaeum
712 467 826 537 Athen.
851 490 922 558 pag.
944 475 1010 538 596
1032 472 1066 537 u.

630 576 660 642 ei
678 601 709 642 τι
732 574 885 657 γρύξομαι

267 678 308 749 riu
330 704 376 747 σοι
399 679 484 759 atyn
506 679 601 745 πλέον
625 705 657 747 τι
680 683 856 760 γαλαθηνοῦ
878 682 966 761 μυός.

110 784 200 877 ,ψ
224 786 327 853 inrito
359 784 544 851 Rauennate
574 794 607 853 et
637 786 786 853 omnihus
823 787 952 854 Comico
985 788 1017 853 in
1046 785 1273 873 balchetot.

116 890 280 961 ridentes:

358 998 532 1077 διαφορήσω
555 999 603 1074 σ’,
626 996 656 1064 εἴ
676 1021 706 1063 τι
730 995 847 1078 γρύξει.

142 1100 217 1172 dinc
240 1100 346 1169 obiter
372 1103 498 1188 corrige
528 1110 742 1168 monstrosum
768 1101 919 1191 Hesychii
941 1120 1101 1168 errorctu:
1133 1100 1271 1184 Ἐρύξει;

112 1206 214 1293 udin,
235 1208 303 1275 imo
324 1226 401 1273 nero
422 1205 575 1290 Γρύξειε
599 1204 731 1287 κράξας.
760 1226 896 1293 natuque
918 1208 964 1272 sic
986 1208 1038 1272 isti
1061 1206 1273 1292 loquebantur

105 1310 192 1397 :db
205 1320 240 1381 ct
258 1310 375 1395 Ιαραξα
395 1309 539 1379 diceutes
560 1331 617 1399 pro
636 1311 823 1394 κεκράξομαι
842 1321 872 1379 et
891 1312 1029 1395 ἔκραγοι.
1076 1312 1163 1379 ldctn
1182 1312 1275 1399 piane

104 1434 184 1505 ΙΙιιοι·
203 1418 237 1485 in
257 1416 348 1485 lsaeo
369 1420 563 1484 commissus
581 1424 663 1483 orat.
684 1417 768 1485 vrit.
793 1422 881 1505 §th
906 1421 960 1484 οὐκ
976 1418 1147 1499 ἐτόλμησεν
1170 1416 1273 1501 ἕρύξαι

104 1510 141 1601 ἢ
152 1520 324 1607 παράπαν,
347 1523 401 1589 cui
427 1520 611 1610 Stephanus
632 1542 727 1589 suum
749 1521 860 1604 γρύξαι
887 1521 1027 1589 reddidit
1046 1524 1187 1611 optime,
1211 1524 1274 1589 nisi

104 1624 180 1715 §pi
196 1626 312 1711 αρῦξαι
335 1628 493 1715 scriptum
515 1628 667 1715 oportuit.

104 1717 126 1790 ''-
145 1732 341 1813 λιιιώιμιιι
372 1740 406 1799 et
432 1732 603 1809 λαικάσει,
638 1732 721 1819 quod
760 1732 916 1819 Berghius
951 1732 1155 1820 Aristophani
1191 1733 1274 1801 male

104 1836 231 1926 :aipein
248 1838 284 1905 in
306 1836 433 1905 dnobus
455 1838 690 1925 antiquissimis
710 1837 834 1903 mendis
857 1858 914 1926 per
939 1838 1040 1905 multa
1058 1839 1185 1906 saecuta
1205 1849 1276 1906 tuto

104 1932 309 2024 iflitnnrnnt,
331 1942 417 2010 unde
439 1942 526 2010 salva
548 1942 735 2030 prodierunt
757 1952 925 2030 postquam
953 1944 1087 2009 Gritiees
1111 1943 1164 2011 tun
1184 1944 1274 2011 atini·

104 2034 158 2145 ξᾶ.
194 2046 402 2117 Scribebutur
425 2048 509 2135 apud
532 2046 780 2135 cephisodorum
803 2048 918 2115 Athen.
937 2053 1013 2116 689.
1038 2048 1074 2115 p,

104 2156 109 2243 j
269 2154 332 2233 tyto
354 2154 490 2235 πρίωμαι
515 2168 633 2220 λοιιιιασ
657 2155 932 2236 οροαραβακκαριο,

119 2256 182 2327 lde
209 2256 321 2327 critici
361 2258 543 2327 elicuerunt
575 2254 798 2340 λαικάσομᾶρα
832 2258 1007 2340 eduxero:
1046 2257 1156 2326 eodem
1190 2257 1275 2326 iciici

109 2364 241 2433 unire
261 2361 347 2449 apud
371 2362 554 2431 Stratonem
580 2362 695 2431 Athen.
720 2383 749 2450 p.
772 2368 836 2430 583
861 2366 899 2431 A.

270 2471 372 2549 πηγὸς
395 2468 526 2551 πάρισα
551 2480 585 2534 Β.
609 2467 728 2547 noyon
750 2470 822 2550 οὐχὶ
844 2484 945 2535 λεκασ
967 2494 1011 2545 ει,

109 2568 208 2651 :hta
238 2576 326 2643 eruit
358 2593 471 2642 rernm
505 2573 576 2657 οὐχὶ
603 2572 775 2651 λαικασεις
807 2573 903 2659 idque
928 2575 1031 2660 ipsum
1059 2574 1205 2642 λαικάσει
1242 2578 1275 2643 iu

120 2674 265 2771 ''thetypo
286 2677 403 2747 Codice
424 2680 586 2746 Marciano
608 2678 728 2746 diserte
758 2680 915 2766 seriptum
939 2679 1018 2745 ridi.
1063 2678 1176 2767 itaque
1206 2683 1277 2749 Ari·

110 2780 262 2871 ,mnes
282 2784 417 2871 recipiat
435 2793 604 2871 servetque
625 2804 742 2851 suum:

104 2975 107 2985 ,
268 2888 390 2967 δήσεις,
415 2889 589 2975 φυλάξεις,
612 2891 644 2955 ἐν
667 2889 836 2973 πρυτανείῳ
859 2890 1016 2957 λαικάσει.

104 3000 106 3029 ¹
150 2988 274 3061 dnnirm
301 2994 405 3063 Codex
427 2994 615 3074 Raveuoas,
638 3014 833 3081 quamquam
854 2995 991 3063 caeteris
1009 2994 1158 3061 omuibus
1181 2995 1275 3084 iunge

111 3104 157 3175 ἱΙ
170 3098 364 3167 emendatior
385 3109 419 3167 et
440 3102 596 3188 integrior
619 3109 651 3166 et
676 3102 707 3166 in
732 3100 955 3188 Aristophanis
975 3100 1136 3185 scriptura
1160 3106 1276 3171 eonsti-

110 3204 212 3284 Μ
232 3224 319 3271 unns
341 3208 485 3273 omnium
509 3205 685 3294 plurimum
709 3205 805 3274 babet
827 3204 1030 3273 auctoritatis
1055 3212 1088 3271 et
1111 3203 1206 3286 fidei,
1229 3219 1276 3274 ta·

111 3316 174 3391 2.ss
189 3310 368 3377 innumeris
388 3310 513 3379 mendis
532 3320 562 3378 et
584 3311 748 3378 erroribus
772 3320 875 3378 totum
900 3328 969 3375 esse
991 3308 1130 3375 obsitum
1153 3319 1185 3377 et
1205 3332 1275 3380 sca-

119 3410 169 3481 ἡ
190 3414 380 3485 hctionibus
410 3415 650 3484 absurdissimis
673 3426 706 3484 et
738 3415 954 3482 vitiosissimis
985 3434 1046 3480 uon
1080 3416 1159 3483 satis
1189 3416 1274 3485 docti

116 3508 237 3589 hina
265 3520 428 3589 recordari
451 3521 625 3599 videntur,
649 3542 748 3610 quum
773 3522 965 3588 criticorum
999 3520 1276 3592 emendationibus

108 3626 359 3709 mousom
389 3627 462 3694 iibri
487 3629 712 3695 auctoritatem
744 3634 917 3715 opponunt.
965 3625 1033 3692 Nou
1056 3625 1168 3693 duhito
1190 3628 1276 3695 affir-

115 3740 183 3799 Ιιιο
202 3738 236 3799 at
259 3730 477 3801 Ravennatem
511 3732 657 3800 Codicum
682 3743 714 3801 et
738 3733 895 3799 Venetum
928 3731 1147 3811 Marcianum,
1179 3754 1274 3820 quem

106 3826 165 3921 -Ιμ
177 3834 253 3905 oiim
276 3857 351 3905 cunt
375 3837 553 3927 pulvisculo
575 3840 720 3915 excussi,
745 3840 777 3904 in
802 3838 985 3905 deterrimis
1008 3838 1275 3923 corruptissimis-

104 3952 159 4029 μ
176 3940 269 4009 libris
291 3944 442 4031 seriptis,
467 3942 552 4011 unde
574 3945 785 4029 Antiquitatis
809 3951 1018 4009 monumenta
1041 3942 1074 4007 iu
1098 3941 1204 4010 iucem
1228 3966 1275 4013 re·

104 4056 203 4127 quta
234 4048 322 4128 rint,
345 4068 415 4115 esse
436 4047 617 4124 habendos.
642 4050 699 4117 sed
721 4051 796 4138 quia
821 4049 940 4116 caeteri
968 4067 1096 4124 omnes,
1121 4048 1277 4135 quidquid

104 4148 211 4243 fliete
231 4162 284 4221 est
310 4153 458 4222 codicum
488 4154 578 4221 MSS.
609 4157 853 4244 Aristophanis,
889 4152 1001 4221 multis
1035 4151 1181 4239 partibus
1211 4156 1278 4223 sint

104 4256 187 4328 Aiunt
223 4260 405 4326 vitiosiores
438 4260 757 4348 interpolationibus,
788 4282 869 4348 quas
892 4258 1047 4327 malesani
1083 4267 1280 4330 correctores

104 4364 244 4435 nothus
276 4362 413 4433 Gritieac
442 4366 523 4432 artis
552 4366 703 4434 suhsidiis
738 4367 884 4435 destituti
917 4365 1072 4454 plurimas
1104 4372 1224 4437 temere
1248 4377 1281 4436 et
