2940 5010
738 276 800 337 tut

166 454 249 513 runt
271 464 388 513 nortun
415 446 547 513 corbum
569 448 728 531 προφοῦιι,
762 446 815 514 ubi
840 447 972 533 antiqua
995 444 1098 511 torma
1120 448 1223 531 τρέφοι
1248 446 1352 515 luerat

115 602 119 607 -
167 550 349 632 utendum,
380 554 427 619 sic
456 554 575 621 διοδεύοι
603 561 635 620 et
665 553 818 635 παροδεύιο
843 559 875 619 el
898 550 1044 617 σννοδεύω
1077 560 1110 618 ct
1139 554 1297 635 περιοδεύει
1322 562 1355 621 et

164 656 294 737 teddo
317 668 492 746 coeperunt
516 658 624 726 dicere
647 679 705 746 pru
725 659 833 734 δίοδον,
867 656 1013 739 πάροδοι,
1036 656 1176 737 σύνοδοι,
1198 661 1353 741 περίοδον,

164 760 267 841 ἔξοδοι
289 770 455 845 ποιοῦμαι,
479 783 578 850 quum
604 763 789 831 debuissent
813 763 860 829 uti
882 761 995 828 lormis
1017 763 1255 847 antiquioribus
1278 764 1352 847 διέρ-

162 892 288 951 χομαι,
312 869 531 953 παρέρχομαι,
555 869 764 952 συνέρχομαι,
788 868 988 950 περιέρχομαι
1012 875 1044 934 ei
1067 864 1245 951 ἐξέρχομαι.
1269 869 1352 937 Hinc

160 973 266 1041 etium
288 972 427 1062 simplici
451 972 553 1041 forma
576 975 666 1041 δδεῦο
689 973 802 1039 crebro
831 973 1004 1039 utebantur
1026 971 1174 1040 Graeculi
1198 992 1256 1061 pro
1286 976 1351 1042 ῦδδι

161 1084 334 1160 ποιοῦμαι,
357 1078 490 1162 ἔρχομαι
518 1083 585 1145 sire
617 1079 745 1162 βαδίζοι.
793 1078 913 1145 Eadem
938 1078 1020 1144 ratio
1045 1078 1077 1143 in
1106 1077 1179 1143 aliis
1205 1081 1352 1147 cernitur

160 1182 445 1271 quamplurimis.
493 1184 662 1271 Seqoiores
686 1204 725 1251 es
746 1183 868 1268 ἄροτρον
892 1182 1110 1271 procuderuut
1132 1183 1265 1250 verbum
1297 1205 1349 1251 no·

161 1308 243 1355 rum
271 1292 413 1372 ἑροπριῦι
446 1308 504 1376 pro
528 1292 638 1372 ιὶροῦι,
673 1310 735 1377 quo
768 1288 834 1355 solo
866 1289 1040 1356 utebantur
1063 1289 1282 1374 antiquiores,
1317 1299 1349 1357 et

161 1412 283 1479 magua
306 1402 355 1461 est
378 1394 490 1461 talium
515 1395 615 1482 copia.
665 1395 746 1461 ilinc
770 1395 939 1481 sequitur,
962 1394 990 1458 si
1015 1394 1088 1479 quis
1110 1397 1247 1477 προφεῦοι
1270 1394 1351 1463 dicit

159 1507 223 1565 aut
252 1500 377 1582 ῦριπριῦ
408 1507 464 1565 aut
495 1500 669 1587 quidquam
703 1498 908 1575 huiusmodi,
942 1499 1052 1564 statim
1085 1517 1239 1586 apparere
1273 1519 1347 1567 cum

159 1603 322 1693 sequioris
344 1606 459 1671 aetatis
481 1625 550 1671 esse
579 1614 608 1671 et
642 1605 756 1671 vitiose
787 1604 873 1692 loqui
908 1604 993 1670 ιιαπδ
1024 1605 1080 1680 ab
1109 1611 1169 1671 πῦι
1201 1605 1348 1686 ιεωπέροιι

158 1712 331 1789 συνήθειαι.
384 1709 532 1776 Ezechiel
567 1710 723 1793 Tragicos
760 1710 799 1799 (si
835 1710 934 1775 hlusis
972 1708 1092 1795 placet)
1129 1708 1213 1795 apud
1248 1710 1346 1779 Cleon.

158 1812 334 1883 Alexandr.
359 1814 476 1881 Strom.
498 1815 522 1881 I.
548 1836 577 1901 p.
603 1819 666 1881 stt
691 1836 738 1902 sq.
764 1814 888 1881 inducit
911 1814 1016 1881 llosen
1044 1815 1087 1879 ito
1111 1814 1289 1884 dicentem:

343 1918 428 1988 εἶπεν
451 1921 483 1987 δδ
507 1920 644 2001 θυγάτηρ
666 1920 842 2000 βασιλέως·
866 1926 993 1995 τοῦτον,
1016 1919 1128 1997 γύναι,

343 2026 496 2110 πρδΦευε,
520 2028 608 2106 utcu
631 2028 738 2106 μισθὸν
761 2026 907 2092 ἀποδώσω
930 2025 1025 2091 olleo.

158 2150 278 2219 nempe
310 2131 358 2197 sic
389 2130 595 2198 Alexandrini
621 2132 741 2199 Graece
772 2129 992 2218 loquebantur.
1043 2128 1163 2196 Eodem
1197 2130 1290 2196 modo
1318 2134 1345 2198 si

158 2236 234 2325 quis
256 2236 375 2305 διιδεῦο
392 2235 472 2303 dicit
495 2244 550 2303 aut
571 2236 725 2319 παροδεῦο
757 2245 813 2303 aut
835 2234 960 2313 ἑξοδεὺο
993 2235 1103 2301 statim
1134 2233 1346 2322 intelligimus

159 2360 235 2411 eum
258 2342 458 2430 scriptitasse
482 2351 649 2430 postquam
675 2342 808 2409 Graecia
831 2339 944 2407 effoeta
973 2341 1204 2407 consenuisset.
1252 2341 1344 2409 Elus-

159 2444 231 2517 dem
256 2448 359 2535 igitur
381 2457 526 2515 monetae
557 2456 634 2514 sunt
665 2448 796 2515 nomina
825 2466 862 2515 ex
890 2447 981 2512 novis
1013 2444 1118 2511 verbis
1149 2456 1345 2534 propagata,

157 2554 256 2621 vetuti
280 2554 431 2635 περιοδεία
452 2574 509 2639 pro
529 2553 672 2635 replebor.
719 2553 805 2639 Ergo
827 2571 923 2640 quam
955 2552 997 2616 sil
1020 2548 1136 2628 ἔξοδεία
1160 2572 1218 2640 pro
1241 2550 1341 2630 ἔξοδος

155 2678 172 2727 a
201 2656 423 2747 Xenophontis
451 2660 596 2725 oratione
630 2658 770 2725 alienum
803 2657 978 2745 unicuique
1000 2657 1111 2723 statim
1135 2659 1198 2725 erit
1220 2660 1341 2746 perspi·

153 2784 273 2835 cuum:
303 2766 375 2831 rivo
398 2763 606 2850 Xenophonte
637 2774 765 2851 practer
793 2761 963 2847 ἐξέρχομαι
991 2771 1032 2829 et·
1053 2761 1151 2841 ἔξοδοι
1181 2773 1214 2831 et
1242 2764 1339 2842 ἔξοδοι

149 2874 302 2951 ποιοῦμαι
326 2868 406 2935 nihil
430 2880 500 2935 erat
532 2870 565 2936 in
590 2890 662 2936 usu.
716 2868 822 2935 Facile
850 2870 912 2936 erit
942 2869 1005 2933 iam
1034 2868 1138 2933 estivis
1168 2867 1208 2934 ad
1235 2869 1338 2957 explo-

148 2974 294 3045 randum
317 2973 442 3052 ἐξοδεῦοι
466 2982 498 3041 et
520 2975 638 3041 διοδεύοι
666 2983 698 3042 et
721 2983 848 3041 caetera
870 2974 1046 3059 composita
1070 2992 1227 3059 nusquam
1253 2974 1339 3061 apud

144 3092 281 3153 vermos
302 3088 335 3147 ct
367 3079 516 3168 probatos
543 3081 715 3167 scriptores
741 3089 888 3160 exstare,
920 3076 975 3144 sed
1008 3075 1174 3166 Polybium
1207 3076 1337 3146 demum

141 3198 183 3257 et
215 3184 393 3255 iliodorum
430 3184 575 3251 Siculum
606 3193 638 3251 ct
670 3185 860 3273 Dionysium
893 3180 993 3248 ilalic.
1027 3188 1059 3247 et
1083 3181 1272 3250 Strabonem
1306 3194 1340 3251 et

137 3290 364 3363 Plutarchum
390 3300 597 3377 caeterosque
630 3289 681 3356 bis
711 3288 833 3355 similes
857 3286 1098 3375 perfrequenter
1130 3288 1200 3355 istis
1231 3289 1338 3357 verbis

135 3398 289 3467 noviciis
322 3398 369 3463 uti
401 3394 513 3462 solere.
568 3394 667 3461 iidem
701 3394 759 3461 soli
787 3401 925 3460 utuntur
955 3392 1083 3458 nomine
1111 3392 1228 3471 ἕξιδεδα
1260 3393 1337 3461 bine

138 3509 250 3583 nuto,
282 3501 366 3569 uude
392 3503 489 3568 etiam
520 3501 559 3567 de
584 3500 685 3567 lomna
718 3505 843 3565 constat
868 3497 913 3587 (in
948 3496 1040 3563 libris
1063 3499 1149 3564 enim
1180 3497 1220 3566 de
1248 3519 1337 3567 more

140 3608 271 3699 passim
293 3606 395 3685 ἔξοδία
419 3605 606 3695 scribitur),
630 3614 662 3673 et
688 3603 861 3671 ridiculum
892 3612 941 3669 est
966 3603 1061 3667 istam
1085 3599 1220 3669 lormam
1245 3603 1337 3672 Vete-

142 3712 243 3783 ribus
265 3710 454 3789 obtrudere,
487 3711 692 3799 quamobrem
729 3709 826 3777 redde
855 3707 1014 3774 llerodoto
1038 3707 1090 3773 vt.
1117 3711 1169 3774 56.
1206 3711 1237 3776 ἐι
1264 3721 1335 3793 τῇσι

147 3816 300 3899 δξδδοιοι,
323 3814 357 3883 id
379 3825 428 3883 est
449 3815 541 3883 ὁπότε
564 3814 661 3893 ἔξοδοι
688 3825 839 3892 ποιοῖντο,
871 3818 933 3900 pru'
951 3811 1079 3897 ἐξοδίῃσι
1105 3812 1154 3879 vel
1179 3813 1276 3902 (quod
1300 3815 1334 3880 in

146 3922 223 3993 aliis
245 3922 307 4012 cst)
332 3923 363 3987 ἕν
387 3929 466 3988 ποῖοι
484 3919 630 3998 ἑξοδίοιοι.

200 4026 307 4095 linum
340 4028 526 4114 excepimus
558 4027 690 4094 verbum
723 4026 878 4109 ἕφοδεύω,
914 4024 997 4111 quod
1029 4024 1165 4110 probum
1189 4032 1222 4091 et
1252 4025 1333 4090 anti·

149 4154 250 4223 quum
272 4141 322 4201 cst
346 4131 387 4198 dc
408 4134 659 4212 circuitoribus,
684 4134 793 4221 quiin
818 4130 898 4196 bello
917 4139 974 4196 aut
997 4128 1160 4196 obsidione
1183 4129 1335 4196 excubias

150 4239 324 4327 vigilesque
352 4240 480 4308 obeunt.
528 4240 647 4327 Nempe
678 4241 692 4305 ὁ
723 4241 782 4313 rate
811 4238 962 4322 φυλακὰς
993 4237 1083 4302 ἐπιών
1113 4234 1332 4323 appellabatur

150 4344 309 4429 Ηφιδος,
341 4348 397 4433 qni
424 4349 549 4433 proprie
573 4348 727 4429 ἐφιδούειι
759 4345 896 4421 dicitur,
927 4343 1026 4407 etsie
1051 4340 1133 4407 siriae
1158 4360 1208 4407 res
1228 4340 1332 4407 direr-
