2940 5010
699 286 760 347 «ill

139 478 223 529 cum
252 459 341 528 iocus
367 458 401 524 iu
424 455 547 544 Equitt.
572 478 617 523 vs.
639 462 714 523 tto.
741 457 857 534 netu,
893 458 947 524 ubi
976 458 1144 526 Rauenuas
1167 468 1200 528 et
1232 462 1329 529 Verre·

139 574 201 635 tus
223 564 307 633 hanc
328 563 497 631 tectionem
521 572 667 630 seruant:

330 667 492 747 ἐξκποθτων
516 670 579 749 γίορ
601 669 671 741 τοὺς
694 668 861 749 μαγείρους
884 669 986 748 λέγων
1007 671 1138 737 τοιοοντί.

141 774 314 845 mendicat
337 784 490 843 metrum.
538 774 650 861 itaque
680 772 855 841 Graeculus
889 775 997 840 nescio
1027 776 1100 860 quis
1131 779 1167 843 τὸ
1199 780 1330 860 κεχηνὸς

141 888 203 953 τοῦ
225 884 336 967 duduci
364 881 486 949 sarcire
517 880 622 965 coepit
652 877 803 965 deditque
832 878 872 945 de
902 898 960 945 suo
990 879 1155 960 ἐπιλέγων.
1202 880 1331 950 Oinia-

142 988 244 1057 iicern
267 986 500 1055 coniectoreuri
526 983 607 1051 nihil
630 992 677 1051 est
700 984 740 1049 ab
771 984 826 1049 ilio
848 983 917 1051 ioco
945 983 1081 1051 alienius
1108 990 1332 1071 quemamm-

142 1118 236 1175 γιον,
263 1093 327 1159 nisi
360 1090 443 1159 forte
466 1091 539 1179 quis
559 1088 744 1176 opinabitur
775 1099 886 1155 utrum
914 1090 1015 1168 λέγων
1039 1110 1079 1155 ao
1102 1092 1255 1173 ἐπιλέγων
1279 1094 1331 1162 di·

140 1208 242 1269 catur
263 1197 398 1287 perinde
420 1217 499 1265 esse.
549 1196 667 1261 Temen
700 1196 853 1274 ἐπιλέγων
885 1196 985 1259 inuito
1019 1204 1130 1280 poetae
1152 1197 1331 1267 obtrudunt

142 1304 296 1375 stium
315 1322 436 1369 omnes.
485 1302 533 1369 Tu
554 1320 682 1369 mecum
708 1320 859 1369 numeros
880 1308 912 1365 et
942 1302 1135 1369 sententiam
1168 1305 1215 1370 sic
1246 1307 1331 1371 sarci

141 1418 183 1481 us
205 1428 358 1499 reponas:

282 1512 447 1593 ἐξκτοέτων
470 1513 532 1594 γθιρ
555 1513 626 1584 τοὺς
649 1512 816 1593 μοογείρονς
840 1511 878 1579 θον
901 1512 1002 1591 λέγων
1025 1514 1157 1580 τοιονιιτί.

190 1618 312 1689 Eodem
336 1616 430 1683 modo
450 1618 553 1685 tribus
577 1617 650 1683 aliis
673 1617 751 1681 locis
780 1615 818 1681 θον
843 1618 887 1683 ita
912 1620 1051 1704 positum
1083 1620 1221 1705 perierat
1243 1622 1328 1708 apud

140 1724 392 1811 Aristophanem
406 1772 414 1799 ,
439 1730 475 1789 ut
494 1722 654 1789 Porsonus
666 1720 897 1789 demonstravit
917 1721 956 1788 ad
971 1721 1161 1789 Phoenissae
1182 1745 1228 1791 vs.
1243 1732 1307 1794 412
1321 1778 1330 1806 ,

142 1830 309 1921 quidone
330 1829 416 1895 locos
439 1827 508 1914 ipse
538 1836 626 1893 certa
657 1825 878 1894 emendatione
906 1828 936 1893 in
969 1828 1130 1914 integrum
1165 1816 1331 1909 restituit,

142 1936 289 2007 dunum
309 1935 344 2002 in
367 1932 487 2001 Avibus
503 1937 580 1999 not.

189 2042 311 2127 xdaed·
333 2042 348 2107 ἐ
370 2038 487 2117 κθκκνξ
507 2038 586 2106 είτον
609 2036 719 2114 κθκκο,
742 2038 809 2104 τότ’
833 2038 871 2104 θον
893 2041 919 2105 oi
944 2039 1076 2112 Φοίνικος
1100 2036 1241 2113 ἅπαντες

191 2148 266 2223 τοὺς
286 2148 399 2229 πυροὺς
422 2144 461 2213 ἂν
484 2145 536 2211 sat
560 2144 619 2217 τὰς
643 2142 746 2224 κριθεὶς
770 2145 801 2207 ἐν
824 2151 887 2216 τοῖς
910 2143 1022 2218 πεδίοις
1045 2144 1187 2226 ἐθέριζον,

141 2250 206 2321 ulti
235 2250 404 2321 Ravennas
431 2250 499 2316 τότ’
528 2251 555 2314 ον’
588 2249 746 2331 Φοίνικες,
780 2248 898 2314 caeteri
933 2247 1005 2315 τότε
1028 2250 1064 2327 γ’
1088 2253 1115 2316 οἱ
1147 2253 1281 2333 φοίνικες
1312 2274 1331 2321 c

140 2356 232 2427 tuiti
264 2356 463 2423 correctione
497 2352 660 2421 exhibent.
719 2353 808 2419 Alter
848 2352 937 2420 iocus
978 2353 1097 2440 iegitur
1139 2357 1172 2421 in
1212 2358 1330 2426 uicinia

143 2482 194 2531 rs.
214 2464 291 2529 tto.

188 2568 275 2647 ὕμνει
296 2571 327 2633 τ’
348 2565 444 2641 οὐδεὶς
467 2563 868 2645 circumduceremus,
891 2566 967 2630 ἀλλ’
987 2562 1101 2647 θρνιθοος
1124 2563 1284 2643 θίποοντες,

140 2670 203 2741 nisi
223 2672 260 2739 in
279 2670 376 2739 libris
392 2678 442 2739 est
464 2670 530 2737 τέτ·
551 2670 722 2750 ἀνθρώπων.
770 2669 899 2736 Tertius
916 2668 1005 2735 iocus
1024 2681 1074 2738 est
1097 2673 1130 2737 in
1155 2673 1236 2740 Pace
1252 2678 1328 2741 626.

144 2776 205 2847 atu
226 2774 358 2845 Codices
379 2776 462 2844 hanc
487 2777 628 2862 ineptam
652 2774 822 2841 lectionem
845 2781 990 2840 servunt:

281 2884 364 2950 οὐδὲν
387 2884 492 2949 οοίτίων
514 2884 625 2962 ἀνδρῶν
649 2904 689 2958 γε
712 2881 772 2953 τοὶς
795 2877 910 2960 succidas
932 2882 1104 2956 κοοτνίεθιον.

141 2988 316 3057 hunus
334 2987 423 3054 solus
446 2987 585 3053 serravit
608 3005 740 3051 manum
761 2992 892 3071 poetae:

281 3092 364 3161 cotto
387 3093 493 3159 οοίτίων
517 3092 555 3158 ἐν
577 3092 687 3171 ἀνδρῶν
711 3090 770 3163 τοὶς
795 3089 910 3171 κοοίδοος
933 3092 1104 3165 κατήσθιον.

191 3196 350 3265 Praemisi
379 3196 480 3274 haec,
517 3218 581 3285 quo
614 3195 811 3264 evidentiore
844 3196 1043 3263 correctione
1079 3197 1145 3283 ipsc
1180 3218 1327 3265 sanarem

139 3302 252 3373 boum
274 3306 309 3371 in
328 3302 450 3370 Avibus
480 3322 527 3369 rs.
552 3306 660 3370 1286:

327 3416 443 3492 πρῶτον
465 3410 524 3488 μὲν
546 3410 634 3481 εὐθὺς
656 3406 774 3480 τοίιιτες
798 3405 833 3483 ἐξ
856 3409 942 3483 εὐνῆς
966 3404 1038 3487 ἐμοι

223 3528 226 3533 “
327 3513 462 3580 ἐπέτονθ’
485 3512 593 3593 ἕωθεν,
618 3511 716 3595 ὥσπερ
742 3515 851 3591 ἡμεῖς,
875 3512 926 3577 ἐπὶ
949 3511 1060 3592 νομθν,

328 3618 456 3686 κᾶπειτ’
478 3617 517 3685 ἂν
539 3617 611 3698 ἐμοι
634 3626 771 3700 κοοτῆροον
794 3619 826 3691 ἐς
848 3619 892 3684 τοὶ
914 3619 1054 3697 βιβλίον,

327 3722 385 3792 είτ·
407 3724 591 3803 ἀπενέμοντ’
614 3724 748 3789 ἐντοιῖιθοι
771 3723 814 3788 τοὶ
837 3724 1047 3808 ψκφίομοοτοο.

190 3828 290 3898 Mitt
321 3831 515 3918 scripserat:
545 3826 617 3909 οἷμον
652 3839 825 3911 κοιτῇρον
859 3838 891 3895 et
914 3826 971 3896 εἶτ’
1003 3829 1049 3895 θον
1080 3830 1258 3909 ἐνέμόντ’
1282 3833 1332 3897 ἐν·

142 3938 270 4015 nuta,
299 3936 384 4025 quod
417 3936 444 4000 si
469 3935 542 4021 quis
574 3954 635 3999 nou
661 3954 699 3999 ou
730 3935 798 4020 ipso
821 3934 889 4001 loco
913 3954 1024 4001 uerum
1049 3944 1080 4001 et
1111 3938 1331 4003 necessarium

141 4060 220 4109 usn
239 4042 394 4129 perspicit
416 4042 468 4117 ei,
491 4038 609 4116 credo,
632 4058 799 4106 assensum
833 4039 1036 4126 extorquebit
1070 4039 1197 4107 Veteris
1218 4041 1330 4109 Critici

141 4142 189 4213 a}
208 4144 242 4213 Ιι.
263 4144 285 4212 Ι.
309 4146 492 4224 annotatio,
522 4164 604 4231 quae
637 4164 722 4211 nunc
754 4165 851 4211 sensu
884 4165 981 4213 vacua
1013 4155 1045 4213 et
1073 4165 1092 4211 a
1120 4144 1207 4213 unito
1238 4146 1330 4217 intui·

143 4246 229 4319 tecta
250 4250 385 4329 volitat,
406 4251 462 4317 sed
487 4250 574 4318 nutto
596 4252 724 4336 nogotio
744 4260 776 4317 et
801 4252 868 4337 ipsa
890 4252 1016 4317 restitui
1043 4260 1145 4337 potest
1168 4262 1200 4319 et
1220 4272 1331 4321 reram

144 4364 260 4441 postne
293 4356 463 4425 lectionem
498 4358 681 4423 instituere.
737 4358 856 4441 Nurnpu
889 4357 928 4423 ud
965 4356 1060 4423 uerba
1093 4354 1161 4426 εἶτ’
1196 4361 1331 4426 dreni·
1352 4398 1452 4722 j

393 4458 401 4477 ⁸
1427 4466 1434 4491 'i
