2940 5010
721 295 784 355 457

289 468 323 547 ἣν
346 468 372 535 δ’
394 468 508 551 οὶρέσκρι
531 472 622 533 ταῦτ’
647 470 815 543 Ἀθηναίοις
838 468 989 540 καύῆσύαί
1010 491 1061 545 μοι
1086 468 1169 533 δοκεῖ

289 574 333 647 εἰς
355 574 391 639 τὸ
415 581 542 647 Θησεῖον
564 575 774 648 πλεούσαις
799 574 817 649 ἢ
842 572 886 638 ’πὶ
912 580 970 638 τῶν
993 580 1110 651 σεμνῶν
1134 576 1225 651 θεῶν,

139 680 225 747 sine
254 676 455 746 dubitatione
486 679 704 766 reponendum
733 680 901 751 πλεούσαις.
956 677 1183 765 Exemplorum
1219 680 1338 767 uhiquo

142 802 273 871 magua
304 792 353 851 est
385 786 485 871 eopia.
532 785 568 851 ln
601 784 720 851 vicinia
754 783 873 869 legitur
896 783 951 849 111.
976 803 1009 848 ιι.
1037 790 1066 848 1.
1098 783 1197 861 ἔδοξεν
1231 790 1337 859 αὐτοῖς

144 890 306 975 Φυλακιὶς
329 893 657 966 κατιοςιὶσαντας
688 899 860 968 συγκαλεῖν
883 890 954 962 τοὺς
979 889 1173 971 τροιτιύτοις,
1198 891 1279 957 etl.
1306 912 1337 956 ιι.

148 1002 186 1065 l.
235 995 326 1079 Ξενέρι
360 994 441 1071 ἥκειν
473 994 695 1075 παραγγέλλει
730 994 908 1075 λαβόντα
943 996 1014 1069 τοὺς
1049 993 1170 1075 ἄνδρας.
1228 995 1340 1063 Obiter

146 1100 291 1169 emenda
311 1100 350 1167 ll.
374 1122 395 1166 ι.
420 1106 452 1166 u.
476 1099 573 1177 ἔδοξεν
596 1096 645 1165 οὖν
666 1102 771 1174 αὐτοῖς
796 1100 1184 1179 συσκευασαμένους
1208 1097 1230 1168 οἳ
1252 1098 1339 1184 εἶχον

145 1206 207 1273 nl
241 1204 594 1286 ἐξοπλισαμένους
625 1207 778 1285 προϊέναι,
811 1225 868 1291 pro
896 1206 1177 1284 συσκευασαμένοις
1209 1214 1242 1271 el
1275 1206 1339 1283 έξο-

145 1312 367 1393 πλισαμένοις.

197 1418 237 1485 lu
263 1416 355 1503 sih.
380 1436 437 1503 pto
458 1423 530 1489 ταῖς
564 1424 689 1498 ψυχαῖς
721 1417 943 1497 έρρυμενέςεροι
977 1415 1182 1483 scribendum
1209 1426 1259 1484 est
1280 1420 1340 1491 τας

149 1522 280 1607 ψυχάς.
326 1521 483 1590 Graecum
507 1521 594 1586 euim
615 1531 664 1586 est
686 1523 846 1603 ἐρρωμένος
867 1525 902 1587 τὸ
922 1528 1030 1601 σῶμα,
1056 1542 1116 1587 non
1137 1524 1179 1605 τῷ
1199 1527 1340 1603 σώματι,

151 1626 426 1717 quemadmodum
450 1628 578 1701 οὶσύενὴς
601 1628 636 1691 τὸ
659 1632 772 1705 σῶμα,
797 1627 963 1713 multaque
986 1626 1105 1694 similia
1129 1627 1294 1696 dicuntur.

209 1734 314 1801 Periit
344 1741 499 1798 venustae
531 1731 772 1818 compositionis
810 1732 984 1798 artificium
1016 1732 1071 1798 lll.
1096 1755 1118 1799 1.
1151 1739 1205 1801 43.
1238 1735 1341 1802 ὁπόσοι

152 1842 212 1921 μέν
234 1876 283 1889 ·-
303 1836 384 1905 οὗτοι
408 1837 465 1917 μέν
488 1875 553 1916 -,
577 1838 679 1903 ύπύσοι
703 1838 734 1902 δέ
755 1878 799 1889 -
821 1839 947 1911 τούτους
976 1839 1029 1919 ὁρῶ
1060 1840 1186 1915 penato
1210 1866 1273 1914 πως
1298 1844 1341 1916 εἷς

152 1950 188 2013 τὸ
218 1954 321 2027 γῆρας
353 1943 611 2027 ἀφικνουμένους,
644 1943 766 2009 inserta
796 1943 907 2009 vocula
937 1941 1142 2011 seriheodum
1167 1946 1292 2019 τούτους
1314 1948 1342 2011 δ’

153 2054 207 2133 aa
231 2051 298 2117 κτὲ.
345 2045 571 2133 Exemplorum
598 2047 719 2114 allatim
753 2056 857 2114 estet
889 2048 973 2135 apud
997 2059 1141 2115 caeteros
1164 2050 1287 2116 Atticos
1310 2060 1342 2117 et

154 2154 239 2246 apud
258 2151 505 2223 Demosthenem
525 2154 730 2240 potissimum
748 2162 780 2218 et
799 2153 983 2221 Isocratem.
1032 2153 1130 2221 Nemo
1154 2164 1262 2221 autem
1281 2158 1342 2221 ml-

104 2324 106 2343 :
156 2260 282 2331 uehitur
305 2277 549 2344 nonnumquam
580 2258 612 2323 δέ
642 2260 675 2323 in
705 2258 835 2345 epodosi
868 2260 915 2326 sio
947 2260 1089 2346 positum
1114 2279 1131 2324 a
1156 2260 1272 2326 sorihis
1307 2270 1343 2327 ut

104 2434 106 2447 ,
157 2366 273 2434 inutile
290 2372 452 2431 resectum
478 2370 535 2428 aut
555 2364 751 2451 negligentia
775 2366 931 2432 omissum
957 2383 1035 2429 esso.
1084 2364 1152 2430 lluo
1176 2366 1261 2451 apud
1285 2366 1342 2432 lle-

104 2456 106 2519 :
157 2470 358 2539 mosthenem
382 2466 526 2554 exempla
550 2467 637 2534 vide:
671 2470 703 2535 ln
728 2468 816 2537 Orat.
838 2470 904 2535 XV.
929 2470 946 2550 ᾗ
966 2474 1021 2535 55.
1044 2476 1102 2533 τῶν
1128 2470 1160 2534 δέ
1186 2486 1342 2537 πολιτευο·

104 2568 106 2575 ’
160 2576 253 2655 μένειν
274 2572 325 2650 οὓς
349 2574 397 2644 ἴτε
418 2576 529 2656 σαφῶς
555 2576 625 2648 τοὺς
650 2585 707 2651 τῆς
732 2576 849 2649 πόλεως
880 2574 1005 2655 έχύρούς
1030 2575 1193 2657 ᾑρημένους
1217 2576 1343 2649 τούτους

104 2740 107 2753 ,
165 2680 343 2753 mouimus
374 2682 518 2757 ἦγεῑσύε,
554 2681 618 2746 imo
658 2701 732 2746 veru
762 2682 887 2754 τούτους
921 2680 952 2745 δέ
987 2681 1173 2755 πιςοτοὶτους
1206 2686 1342 2760 ἡγεῖσθε.

104 2844 106 2875 ,
167 2782 257 2855 lutto
278 2787 377 2854 etiam
404 2786 535 2871 gravius
568 2795 734 2872 peceatum
760 2806 830 2851 esse
860 2784 983 2851 videbis
1018 2786 1051 2850 in
1084 2783 1171 2852 Orat.
1197 2787 1264 2853 Vll.
1293 2796 1343 2854 17.

104 2894 114 2921 '·
170 2888 193 2953 tl
209 2894 252 2971 μὴ
277 2894 361 2973 ὑμῶν
389 2890 446 2969 μέν
481 2892 686 2975 κατεφρόνει,
711 2889 762 2964 οὓς
789 2892 815 2957 δ’
836 2890 940 2956 ε’νύοέδε
962 2894 1127 2973 προῄρηται
1157 2895 1268 2975 φίλους
1297 2920 1345 2960 κε·

168 3000 288 3075 escon
308 2996 427 3070 τούτοις
450 2998 630 3065 διεπίστευεν.
662 2996 799 3062 Confusa
822 3005 899 3061 sunt
925 3003 960 3061 ut
981 2997 1101 3082 passim
1126 2997 1202 3063 alibi
1225 3001 1243 3064 δ
1266 3008 1298 3066 et
1317 3002 1344 3066 a

166 3090 393 3189 ¹tuendumque
414 3100 532 3173 τούτοις
556 3102 582 3167 δ’
605 3102 755 3171 ἐσίτευον.
803 3101 958 3185 Compara
978 3110 1011 3166 et
1031 3100 1277 3168 Demosthenem
1311 3105 1344 3170 iu

104 3234 106 3247 ·
161 3194 247 3277 θτιι
268 3206 413 3277 xxvtu.
439 3210 469 3273 o.

215 3312 344 3382 utiliter
374 3331 449 3379 eum
484 3308 713 3397 Xenophonteo
747 3309 814 3375 loeo
846 3309 1047 3397 comparabis
1079 3312 1276 3380 isocrateum
1312 3316 1345 3381 iu

147 3400 307 3487 Busiride
337 3418 430 3498 §hh
462 3414 522 3483 ὅσοι
556 3418 614 3494 μέν
645 3416 709 3497 γὰρ
732 3454 776 3464 -
799 3413 879 3482 οὗτοι
908 3418 966 3494 μὲν
994 3416 1193 3496 βλάπτουσιν
1215 3456 1261 3469 -
1283 3419 1345 3487 ύσοι

143 3502 178 3575 n
225 3562 259 3575 -
280 3527 307 3591 ai
327 3524 360 3589 δὲ
381 3528 509 3590 τοιοῦτοι
533 3560 577 3571 -
600 3526 792 3606 ὠφελοῦσιν,
824 3530 856 3588 el
880 3522 1018 3589 similem
1051 3522 1150 3591 alium
1184 3526 1214 3590 ln
1248 3527 1347 3593 Panu-

144 3608 250 3695 ffien.
274 3632 378 3714 §152
402 3648 450 3717 sq.
499 3628 531 3696 Si
555 3630 630 3715 quis
649 3637 758 3695 autom
783 3626 1061 3713 intellegendum
1086 3630 1184 3698 semel
1203 3631 1347 3699 animad-

142 3732 296 3802 'eremit
318 3754 416 3823 quam
441 3735 614 3821 diligenter
636 3733 718 3798 haue
744 3733 901 3798 nationem
926 3732 1083 3801 isocrates
1107 3735 1276 3804 ohservare
1297 3759 1347 3803 so·

139 3812 246 3917 ¹²⁸1,
278 3840 432 3927 inspeetis
454 3850 486 3907 et
512 3841 596 3906 inter
628 3858 662 3904 se
688 3839 883 3924 comparatis
906 3837 956 3904 his
990 3839 1087 3906 locis:
1124 3843 1156 3907 in
1189 3844 1346 3932 Panegyr.

140 3926 158 4007 t
200 3948 288 4021 nno,
312 3944 344 4010 in
367 3946 548 4031 areopago.
571 3949 612 4010 ιτ
638 3953 671 4008 et
695 3948 755 4019 os,
779 3942 818 4009 ue
842 3946 922 4010 Pace
947 3950 988 4009 οε
1014 3954 1046 4011 et
1070 3951 1154 4025 ms,
1180 3947 1285 4013 uusir.
1308 3952 1347 4025 a,

140 4032 236 4114 '‘lu.
258 4048 399 4137 Sophist.
423 4056 474 4117 17.
499 4060 531 4115 et
555 4048 663 4114 hntid.
685 4054 768 4122 505,
793 4059 880 4115 certa
906 4049 1130 4117 emendatione
1160 4051 1240 4117 duos
1262 4051 1348 4119 looos

141 4146 248 4222 *mut
276 4155 414 4223 eundem
455 4158 486 4220 iu
522 4157 685 4239 integrum
723 4155 891 4230 restituet,
925 4153 1064 4221 alterum
1103 4159 1133 4221 in
1170 4156 1346 4226 Panathuu.

143 4236 162 4319 ς
202 4260 280 4329 262.
304 4264 488 4341 ταῦταμὲν
520 4260 623 4333 εὀέσιο,
648 4262 715 4340 περὶ
746 4257 785 4324 ὧν
811 4261 842 4325 δέ
876 4263 1108 4342 ταρακλκύῆναί
1137 4288 1178 4340 με
1203 4264 1240 4327 σὺ
1263 4267 1347 4344 φῂς,

148 4364 235 4443 ²¹⁶9}
265 4368 377 4437 τούτων
406 4370 652 4451 ἀποφανοῦμαι.
688 4365 850 4433 imovero
875 4368 941 4449 περὶ
972 4368 1084 4434 τούτου
1116 4370 1142 4435 δ’
1171 4372 1347 4453 οὶποφοινοῦ-
