2940 5010
712 406 775 468 otu

153 576 240 643 nullo
263 573 356 641 modo
370 572 498 641 terenda
522 585 611 654 sunt,
635 597 830 665 quatnquam
844 575 1033 644 Editorihus
1056 575 1157 643 aliter
1180 576 1282 643 videri
1298 596 1339 643 so

150 683 207 751 let.
256 681 356 748 Estne
384 688 495 767 turpe,
526 691 561 747 ut
592 680 650 748 hoc
681 693 772 763 ulan,
805 686 944 750 rotinere
973 682 1154 764 περιόπτων
1188 700 1250 769 pro
1268 706 1338 765 περι·

149 786 303 866 dathon?
350 784 446 851 Aliud
466 794 573 853 autem
598 797 646 854 est
670 788 797 855 Stohaei
821 788 976 855 lectiones
996 807 1056 875 pen
1080 788 1151 853 vim
1175 786 1218 853 ad
1243 786 1337 873 vulga

149 904 215 958 tam
238 890 391 956 Codicum
414 900 596 958 nostrorum
625 896 820 980 scripturam
843 892 1111 973 accommodare,
1137 891 1233 960 aliud
1262 912 1337 958 ιιιοιι·

149 1006 270 1063 stnosas
291 996 471 1063 scribarum
496 997 763 1067 hallucinationes
784 1002 944 1085 attingere
965 1019 1029 1065 non
1049 998 1199 1075 audere,
1222 996 1336 1085 etquid

149 1102 236 1170 aliud
262 1113 310 1169 est
340 1103 533 1183 περιόπτοινῖ
583 1104 681 1171 Video
713 1114 821 1173 tannen
853 1108 1032 1185 Διόπτομιιι
1061 1124 1083 1171 a
1113 1100 1285 1171 llindocllu
1310 1104 1334 1169 iu

149 1208 302 1295 Stephani
331 1206 533 1275 'thesaurum
564 1220 730 1299 receptum
763 1222 795 1277 ot
825 1232 864 1277 ex
887 1210 1025 1298 losepho
1047 1210 1169 1277 Genea.
1193 1228 1225 1296 p.
1249 1210 1332 1275 doh

148 1314 419 1381 afferriduinaeno'
441 1338 503 1388 τιςῑ
531 1314 764 1391 iudiciariam
786 1336 920 1404 repone,
946 1325 978 1383 el
1002 1314 1188 1383 absurdam
1211 1312 1330 1381 folmu

149 1420 349 1487 inducemus.
397 1420 564 1486 Eiusmodi
587 1430 636 1487 est
657 1424 819 1509 scriptura
840 1422 925 1511 apud
957 1423 1144 1509 Longinum
1173 1438 1270 1507 quem
1289 1438 1328 1485 ιο

147 1534 223 1593 cant
243 1523 265 1590 Ι.
281 1524 301 1589 Ι.
324 1524 456 1603 ἔμμοτον
473 1526 603 1608 cpidum
626 1547 684 1613 pru
703 1527 836 1607 ὄμμοιτοι
855 1528 1095 1610 μετοιςρὲψοιις,
1119 1535 1157 1595 el
1177 1525 1242 1591 alia
1260 1544 1327 1591 cum·

147 1634 240 1720 plura
266 1629 449 1696 istiusmodi
471 1633 582 1718 aequis
605 1634 722 1699 animis
745 1632 822 1699 leuci
850 1633 1006 1702 videmus.
1056 1634 1095 1700 lu
1118 1629 1327 1717 Xenophontis
1361 1678 1363 1715 ,

147 1738 235 1813 Ιοοο,
261 1755 356 1822 quom
380 1746 520 1802 tractare
541 1739 723 1823 coepimus,
748 1740 860 1806 vitiose
888 1740 1048 1825 scriptum
1072 1748 1105 1806 cl
1128 1737 1326 1806 Stohaeusel
1361 1720 1363 1729 ¹

148 1844 330 1911 Athenaeus
354 1840 493 1906 afferunt
518 1843 675 1925 ποὲτχειν,
699 1842 780 1926 οἵπερ
810 1846 862 1911 sai
887 1846 929 1911 τὰ
953 1852 1013 1911 τῶν
1036 1846 1070 1910 ἐν
1093 1854 1137 1927 τῇ
1159 1852 1207 1926 γῇ
1226 1842 1324 1925 φυομέ-

147 1976 224 2026 νων,
251 1947 313 2012 nisi
339 1944 423 2032 quod
448 1947 478 2010 ἕν
501 1957 545 2031 γῇ
569 1949 729 2031 φυομένων
754 1946 849 2015 hahet
873 1948 1069 2015 Athenaeus
1117 1946 1248 2035 Ecquid
1269 1964 1324 2013 οιιο

148 2063 252 2142 potest
285 2054 427 2138 ineptius
461 2071 556 2137 quam
590 2052 752 2132 συμπόσιον
787 2060 845 2118 τῶν
879 2056 910 2119 ἐν
940 2064 980 2138 τῇ
1006 2064 1052 2137 νῇ
1086 2054 1269 2137 φυομένων,
1294 2060 1323 2117 ιιι

146 2159 230 2247 apud
257 2155 427 2225 Stohacum
457 2165 528 2237 est,
553 2158 599 2224 uel
633 2159 767 2238 οώμοοτνο
790 2164 850 2224 τῶν
881 2160 911 2223 ἕν
935 2168 978 2242 γῇ
1012 2158 1201 2243 φυομένων,
1231 2166 1266 2225 ιιι
1284 2164 1322 2223 est

146 2265 231 2353 apud
254 2263 480 2331 Athenaeum?
514 2261 728 2351 Opponuntur
752 2271 861 2329 autem
885 2265 970 2329 inter
994 2284 1028 2331 se
1051 2264 1097 2331 τοὶ
1118 2266 1257 2344 τώμοοτον
1275 2268 1322 2329 τοι

146 2373 225 2455 ζῴον
249 2380 281 2437 cl
304 2369 346 2434 τὰ
371 2369 401 2432 ἕν
423 2379 462 2451 τῇ
494 2379 538 2451 γῇ
562 2368 728 2450 Φοόμενοι,
756 2376 792 2434 ul
815 2368 900 2455 apud
925 2368 1093 2435 Plalouem
1120 2371 1158 2435 in
1189 2368 1320 2457 Symput·

147 2500 176 2566 p.
200 2480 272 2543 186.
299 2477 334 2539 Α.
384 2474 467 2539 Ηοοο
501 2474 602 2559 igitur
631 2472 753 2539 dudum
787 2473 954 2541 emendata
991 2474 1154 2542 hahemus
1183 2478 1266 2543 δοκεῖ
1287 2473 1320 2539 τὲ

145 2591 203 2649 τῶν
234 2583 345 2662 ἀνδρῶν
382 2581 551 2659 ocium
587 2580 718 2645 τωύτὰ
754 2579 913 2661 ποὶτχειν,
946 2578 1028 2662 ἅπερ
1060 2580 1116 2647 nal
1145 2581 1197 2647 τοὶ
1231 2582 1319 2661 ivai

144 2686 289 2773 φυόμενον
313 2692 440 2772 praeter
464 2704 564 2750 unum
587 2684 799 2763 unoahnlum,
823 2685 906 2772 quod
927 2685 1034 2751 adhuc
1055 2684 1252 2751 mendosum
1273 2694 1319 2751 ccl

143 2795 222 2861 Nam
247 2812 307 2857 our
330 2792 440 2870 ἀνδρῶν
465 2791 599 2868 σώμωτοο
625 2790 882 2857 connnmemocat?
930 2790 1027 2873 Quasi
1057 2810 1140 2857 uero
1164 2790 1226 2857 hoc
1255 2790 1318 2856 eico

143 2922 215 2965 rnen
239 2915 371 2983 corpora
407 2896 617 2982 nnnaccipuum
654 2896 884 2982 {trophiumque
908 2894 1085 2974 haherent,
1125 2895 1318 2984 idemquaic

143 3024 277 3092 corporo
298 3002 446 3067 muliebri
472 3021 531 3067 usu
554 3003 744 3067 voni1·enon
767 3009 885 3088 posset.
934 3001 1094 3088 tnposnit
1117 3001 1318 3068 librariisve·

142 3128 196 3182 tus
226 3094 626 3199 compunctiunculam,
662 3115 746 3200 quod
773 3132 971 3202 quamquam
999 3119 1047 3178 est
1079 3112 1317 3201 pervulgatum,

142 3233 249 3288 tamen
274 3218 430 3304 plurimos
454 3223 573 3307 passim
601 3240 727 3287 errones
751 3219 885 3308 pepecit.
932 3218 1045 3305 ltaque
1067 3218 1116 3283 τὰ
1137 3220 1201 3285 τῶν
1227 3216 1317 3297 dolel

140 3352 205 3396 πων
239 3324 374 3402 οώμοιτοι
403 3327 632 3405 restituemus,
667 3346 749 3413 quae
773 3324 862 3391 vidos
893 3343 990 3411 quam
1024 3322 1109 3389 hene
1132 3332 1201 3399 τοῖς
1232 3326 1317 3405 ἐνῇ

140 3432 302 3517 φυομένοις
335 3440 546 3516 opponantur.
594 3431 804 3497 Notissimunt
837 3439 887 3496 est
918 3437 996 3516 quot
1028 3428 1149 3495 menda
1184 3448 1315 3517 compca

141 3546 230 3612 dium
254 3525 370 3609 Αιῖιῖε
393 3541 563 3626 ponecocit.
614 3541 716 3607 Unum
739 3540 854 3607 addam
878 3561 916 3607 ex
938 3539 1126 3608 Democrito
1150 3539 1239 3628 atiud
1261 3540 1315 3607 Sto

138 3652 254 3719 haeum
286 3646 395 3713 Flonit.
421 3646 529 3711 xhvt.
555 3651 609 3712 46.
658 3647 762 3720 Μηδέν
794 3672 823 3712 τι
849 3651 973 3724 μᾶλλον
1000 3647 1072 3719 τοὺς
1102 3648 1315 3729 ἀνθρώποιο

138 3756 291 3826 οιῖδὲετθοιι
326 3755 458 3829 ἑωυτοῦ,
496 3759 530 3817 lu
566 3750 671 3817 sct'ihe
705 3754 775 3825 τοὺς
813 3750 939 3822 ἄλλους.
994 3747 1130 3817 Sonihae
1163 3750 1229 3817 sibi
1258 3750 1314 3823 ctis

138 3854 227 3942 οὶυόυο
255 3866 315 3931 visi
350 3875 425 3930 sunt
461 3863 579 3930 videre.
627 3864 664 3930 ln
690 3865 752 3941 iis,
785 3882 867 3948 quae
891 3862 1002 3927 statim
1033 3869 1244 3947 sequuntur:
1271 3858 1313 3925 cal

138 3977 201 4057 γὰρ
226 3974 350 4043 ἐκεῖνον,
380 3968 454 4034 ὅτων
480 3970 538 4048 μὲν
566 3971 579 4033 ὃ
604 3970 667 4041 θεὸς
692 3969 777 4035 xlae
802 3967 889 4046 ἅγιον
912 3965 1055 4053 [ἀθρόος]
1081 3965 1196 4050 ποτίζῃ
1222 3968 1255 4034 cti
1274 3964 1312 4033 ll-

138 4103 229 4150 νοιτοιι
254 4076 422 4157 ὀρθοῦσθαι,
450 4072 532 4140 male
556 4072 665 4139 sedula
687 4092 803 4138 ntanus
826 4073 937 4154 ἁθρόως
962 4071 1092 4150 alletil,
1115 4080 1175 4138 aul
1208 4070 1248 4139 all
1271 4088 1311 4137 ct·

137 4183 321 4276 plicandmn
347 4180 423 4268 quid
447 4189 532 4245 esset
556 4177 642 4255 ἄγων
670 4176 822 4259 ποτίζειν,
855 4185 913 4243 aut
945 4198 984 4244 ex
1017 4176 1140 4243 vicinis
1164 4178 1202 4255 ἢν
1225 4174 1312 4260 &alu

136 4299 175 4363 τὸ,
197 4290 290 4357 ποτὸν
320 4287 518 4368 ἐγχεώμεθω.
566 4283 801 4350 venustissime
824 4283 947 4350 dictum
978 4291 1025 4350 est
1055 4280 1147 4361 ἄγων
1170 4282 1311 4365 ποτίζειν,

137 4415 238 4486 quum
267 4390 413 4457 homines
449 4388 511 4474 ipsi
543 4389 638 4455 τίνειν
663 4388 750 4467 ἄγον
775 4388 942 4465 dicantur,
975 4394 1009 4456 et
1032 4388 1143 4455 όιὶοιν
1165 4384 1309 4463 xtende

136 4502 231 4569 υἱιιιίο
251 4509 326 4583 potu
352 4496 505 4560 usitatum
537 4494 583 4559 sic
615 4493 730 4561 clicone.
780 4492 918 4560 Otnnnino
947 4513 1049 4581 quum
1086 4492 1175 4575 ἄγνον
1205 4502 1236 4561 et
1261 4516 1305 4573 με·
