2940 5010
714 280 778 341 dhh

155 457 301 545 quissimi
333 462 445 542 poetae
475 452 534 519 soli
567 462 725 541 usurpant
755 452 875 519 formas
903 451 1089 540 simplices,
1121 454 1242 520 caeteri
1266 474 1340 521 eon·

154 571 279 629 stanter
298 560 484 647 compositis
505 567 665 638 utuntur,
688 579 770 646 quae
794 560 877 625 ratio
899 560 1047 624 cernitur
1067 558 1101 623 in
1123 557 1267 640 ἀγννμι,
1289 560 1340 626 ἀλ-

154 685 254 747 λιιμι,
285 667 416 747 φθείροι,
444 664 537 743 aliis,
571 684 670 752 quum
695 674 804 751 postea
828 664 1032 744 sandycem,
1056 661 1245 744 ἀπδλλνροι,
1277 666 1340 733 δικ·

154 776 265 857 φθείροι
289 770 434 838 dicerent
455 790 576 837 omnes.
607 771 686 853 Quis
709 770 775 850 ἵνμι
801 769 885 836 dixit
909 788 1061 856 umquam
1086 778 1217 857 praeter
1234 779 1340 838 retus·

154 880 295 946 tissimus
318 876 451 964 poetas?
484 884 516 942 et
538 876 698 962 permulta
723 882 800 941 sunt
831 874 1025 941 huiusmodi.
1074 876 1136 944 Sed
1160 877 1202 947 ad
1232 880 1338 949 Xeno·

151 984 302 1072 phontem
344 981 448 1048 redeo.
513 982 616 1063 Quam
646 982 690 1046 sit
724 981 881 1048 absonum
920 980 1053 1050 verbum
1093 984 1339 1070 exoneranti

152 1090 241 1167 loco,
276 1087 316 1153 de
345 1108 408 1174 qno
437 1086 601 1164 diximus,
636 1088 735 1152 etiam
763 1088 810 1153 sic
851 1088 992 1161 senties,
1023 1089 1052 1155 si
1082 1090 1274 1165 memineris
1303 1094 1339 1158 τὸ

151 1194 285 1278 φεύγειν
309 1194 379 1258 viro
402 1191 476 1258 torti
499 1200 593 1279 turpe
615 1212 704 1270 esse,
726 1211 789 1257 non
812 1194 848 1259 τὸ
873 1193 1081 1276 ἀποφεύγειν.
1128 1193 1219 1261 Goni.
1243 1194 1286 1261 11.
1305 1216 1338 1263 ιι.

158 1304 207 1366 16.
239 1301 272 1364 οὐ
295 1298 399 1377 μέντοι
422 1298 488 1364 οὐδὲ
511 1298 683 1376 ἀπέκλινε,
705 1296 945 1381 φυλαττόμενος
967 1301 1013 1377 μὴ
1037 1300 1135 1376 δοκοίιι
1158 1300 1338 1385 φεύγειν.

152 1401 373 1471 Callicratidas
398 1404 429 1466 in
453 1401 573 1468 Hellen.
594 1403 618 1468 l.
644 1423 696 1469 vn.
725 1406 776 1467 th.
809 1404 985 1485 φεύγειν
1009 1406 1139 1487 οιῖοχρδν
1157 1401 1236 1472 εἷναι
1259 1405 1339 1491 ἔφη,

151 1519 183 1576 et
209 1510 327 1596 passim
351 1507 449 1586 aiibi,
473 1507 528 1574 ubi
550 1511 745 1592 ἀποφεύγειν
768 1506 944 1575 absurdum
970 1520 1064 1578 esset.
1112 1508 1176 1577 Sed
1206 1530 1340 1597 prorsus

151 1615 261 1682 eadem
287 1615 388 1680 nostri
410 1612 471 1678 ioci
498 1615 581 1680 ratio
603 1623 674 1692 est,
700 1614 754 1679 uhi
778 1613 952 1700 Xenophon
978 1616 1026 1682 rei
1056 1615 1290 1703 indignitatem
1308 1625 1341 1685 et

151 1719 334 1787 foeditatem
363 1728 478 1785 notans
508 1719 648 1805 simplici
677 1718 774 1786 verbo
810 1719 857 1784 uti
887 1718 1031 1787 debehat.

197 1823 337 1891 Eridens
354 1824 506 1891 mendum
528 1823 583 1890 sed
600 1823 750 1911 perfacile
770 1824 810 1890 ad
830 1824 1067 1893 emendandum
1086 1825 1342 1914 deprehenditur

152 1931 192 1998 ΙΙ.
213 1952 244 1997 n.
266 1936 317 1996 15.
342 1930 395 1996 κοιὶ
416 1932 501 2003 εὐθὺς
521 1929 660 2009 ἕγνιοοοιν
680 1930 797 2004 ποὶντες
821 1927 867 1995 ὅτι
885 1930 985 2007 ἐγγύς
1003 1956 1062 1998 πον
1079 1933 1340 2015 reparantem

149 2036 320 2117 βοιοιλεύς,
344 2034 580 2101 emendandum
603 2044 652 2101 est
673 2037 758 2101 enim
782 2055 844 2101 una
863 2034 1006 2102 litterula
1024 2045 1151 2102 exemta
1172 2038 1341 2121 ἐτροιτοτὶ·

150 2144 254 2219 δεντο,
278 2149 379 2207 costra
398 2141 550 2217 trahebat,
574 2138 658 2226 quod
681 2160 768 2206 nuno
791 2140 912 2226 legitur
935 2142 1097 2226 significat
1119 2154 1226 2210 costra
1246 2166 1341 2232 pone·

152 2248 214 2313 hot.
262 2245 324 2312 Res
347 2254 396 2312 est
428 2247 617 2332 perspicua,
648 2245 703 2311 sed
735 2247 862 2332 saepius
892 2248 925 2312 in
956 2246 1047 2314 iihris
1075 2246 1155 2315 haec
1187 2250 1278 2318 inter
1306 2270 1342 2319 se

151 2349 283 2417 contusa
304 2349 436 2417 ridebis.
485 2351 583 2416 Recte
607 2350 764 2436 scriptum
789 2358 837 2417 est
858 2352 898 2419 tl.
924 2373 964 2418 rr.
993 2361 1022 2417 1.
1054 2355 1155 2433 ἐγγὺς
1187 2357 1340 2433 ἀλλήλοιν

149 2456 437 2537 ἐςροοτοπεδενμένοι
458 2457 573 2537 ἡμέροις
596 2457 721 2528 πλείους
752 2454 922 2536 ἣεῖκοειν,
954 2459 1057 2525 vicino
1086 2470 1190 2526 costra
1222 2461 1340 2529 dudm·

148 2572 202 2626 tos.
258 2560 345 2627 idem
378 2562 493 2626 vitium
522 2561 640 2628 insidet
665 2561 716 2626 Vl.
743 2582 787 2626 nr.
812 2566 844 2628 6.
881 2562 948 2644 περὶ
973 2566 1026 2630 τὸν
1058 2565 1176 2650 λόφον,
1209 2564 1286 2633 ἔνθα
1310 2570 1338 2635 οἱ

143 2667 297 2742 ’Έλληνες
330 2667 622 2747 ε’ςροιποπεδεύονπο,
654 2667 842 2746 ἐτάττονπο,
877 2667 931 2732 uhi
970 2669 1045 2735 item
1077 2672 1338 2754 ε’ςροιτοπέδενντο

145 2773 391 2858 corrigendum,
415 2772 544 2858 vulgata
570 2774 655 2838 enirn
681 2773 860 2857 signiticat:
891 2774 946 2838 uhi
977 2774 1087 2842 Graeci
1109 2787 1214 2843 castro
1238 2788 1336 2846 metc-

147 2879 267 2944 hontur.
316 2878 450 2964 Saepius
478 2880 659 2944 notavimus
683 2898 779 2964 quarn
805 2879 956 2965 proclivis
980 2882 1023 2945 sit
1054 2883 1088 2947 in
1112 2882 1235 2949 talihus
1257 2886 1337 2951 sori·

145 2983 259 3050 harum
282 3004 390 3061 error,
421 2985 477 3070 qui
499 2985 619 3071 passim
657 2983 980 3070 plusquamperfecns
1014 3006 1089 3052 cum
1114 2988 1237 3073 insigni
1262 3008 1336 3057 sen·

146 3091 265 3155 tentiae
293 3088 487 3155 detrimento
511 3090 714 3156 substituunt
737 3087 934 3175 imperfecta.
983 3090 1088 3159 Lubet
1115 3112 1203 3159 nunc
1231 3114 1336 3162 unum

145 3195 241 3261 huius
261 3196 389 3280 generis
412 3194 565 3260 mendum
591 3194 734 3260 indicare
756 3214 819 3280 quo
843 3195 941 3260 semel
962 3195 1134 3283 diiigenter
1165 3208 1338 3287 perspecto

143 3298 237 3365 multi
268 3299 420 3365 Veterum
443 3299 504 3366 loci
533 3309 683 3385 poterunt
714 3298 891 3365 emendari.
941 3300 1027 3367 Solet
1049 3305 1191 3382 ἤγγελτο
1215 3304 1251 3370 in
1279 3308 1337 3385 ἀγ-

142 3405 276 3483 γέλλετο
307 3403 532 3492 depravarint
560 3407 591 3469 in
626 3404 766 3491 sinrpiici
793 3404 891 3471 verho
919 3414 951 3471 et
983 3408 1015 3472 in
1048 3407 1249 3495 compositis.
1295 3410 1336 3477 In

142 3507 284 3575 Anahasi
304 3508 358 3575 111.
385 3531 425 3575 rr.
451 3516 482 3577 5.
514 3509 637 3577 videbis
668 3530 810 3577 errorem
842 3520 1050 3589 nascentem,
1073 3521 1276 3581 crescentem
1301 3525 1337 3583 et

142 3612 319 3702 perfectum
349 3615 382 3679 in
407 3615 527 3682 verbis:
557 3618 828 3697 παρήγγελτο
860 3617 892 3680 δὲ
923 3624 981 3681 τῶν
1012 3642 1048 3683 τε
1081 3626 1251 3689 πελτοετῶν
1282 3618 1337 3697 οὓς

142 3720 200 3786 ἔδει
223 3720 337 3787 διώκειν
360 3758 403 3770 -
429 3723 480 3788 uui
506 3731 569 3794 τοῖς
599 3725 745 3786 ἱππεῦσιν
769 3722 905 3803 εἴρητο
930 3724 1066 3804 θοιρροῦοι
1086 3724 1215 3791 διώκειν.
1264 3724 1337 3795 sre-

141 3825 238 3913 phani
260 3824 515 3892 emendationem
537 3825 645 3892 vides:
673 3827 704 3890 in
727 3825 877 3891 omnihus
895 3826 985 3891 tibris
1008 3837 1057 3893 est
1082 3830 1337 3909 ποιρνγγέλλεπο

140 3939 267 4018 praeter
292 3950 392 3997 unum
414 3930 469 3997 sed
497 3930 590 4018 longe
620 3932 780 4018 optimum
811 3931 1002 3999 Vaticanum
1035 3933 1093 4012 Η.,
1118 3935 1150 3999 in
1184 3954 1252 4021 quo
1281 3948 1336 4005 est

141 4036 375 4117 ποιρκγγέλετο.
423 4036 543 4103 Eadem
568 4055 662 4102 verae
683 4036 829 4102 iectionis
860 4037 995 4122 vestigia
1023 4048 1198 4125 supersunt
1222 4042 1277 4109 Vi.
1302 4062 1334 4110 v.

37 4230 39 4234 Α
142 4148 195 4206 25.
227 4142 472 4224 παρηγγέλλετο
495 4143 525 4208 δὲ
550 4144 592 4208 τοὶ
613 4142 727 4222 δόρκτοι
760 4143 809 4208 ἐπὶ
835 4143 887 4208 τὸν
910 4141 1005 4219 δεξιὸν
1032 4142 1112 4223 ὦμον
1142 4144 1253 4227 ἔχειν,
1277 4146 1337 4214 uhi

140 4245 235 4312 tiodd.
260 4248 296 4312 Η.
318 4258 348 4313 et
374 4249 400 4315 Ι.
425 4249 647 4332 ποορνγγὲλεπο
669 4248 837 4326 exhibent,
863 4249 894 4313 in
922 4267 984 4333 quo
1008 4248 1085 4315 latet
1110 4254 1334 4333 παρήγγελτο.

140 4350 224 4421 Nihil
247 4351 396 4439 praesidii
431 4356 462 4421 in
497 4352 588 4420 tibris
610 4364 658 4420 est
694 4353 844 4422 Aeschini
871 4355 901 4419 in
927 4353 1065 4441 ctesiph.
1091 4356 1181 4437 §cn
1208 4384 1335 4442 ποιριιγ·
