2940 5010
703 300 765 361 :tot

140 476 261 545 Editur
293 478 319 541 εἰ
355 475 388 541 δέ
422 498 469 547 τις
505 474 635 545 κίνδυνος
670 472 716 547 εἴη
747 474 779 538 οὖ
811 470 1003 554 συμμοέχους
1039 474 1130 553 μένον
1159 478 1249 541 ἄλλα
1279 480 1330 542 καῖ

142 581 329 665 προμάχους
366 580 450 669 [καὶ]
485 580 653 661 προθύμους
678 576 849 661 ildoncia,
873 581 947 665 quis
967 587 1016 644 cst
1039 581 1095 666 qui
1119 582 1250 649 voculae
1280 603 1332 670 pa-

141 688 321 757 trociniunr
340 687 374 752 in
396 684 510 751 fraude
532 693 596 751 tarn
616 694 728 771 aperta
751 684 828 751 velit
849 685 1038 771 suscipere?
1085 686 1154 753 Non
1174 698 1224 755 est
1244 688 1332 755 aliud

143 792 337 861 vocabulum
361 791 446 879 quon
471 800 538 858 tam
561 810 655 877 saepe
679 799 800 857 tcmcrc
825 800 937 857 contra
966 794 1160 859 sententiam
1183 795 1217 860 in
1240 794 1332 861 Vetc·

143 918 220 967 rum
243 896 331 965 locos
355 899 475 984 irrepat
494 906 591 983 atque
618 898 682 962 καθ.
730 895 894 982 Exemplis
914 904 1009 963 antea
1033 897 1184 965 indicatis
1208 920 1331 979 unum,

143 1004 223 1093 quia
253 1002 456 1071 luculentum
477 1002 635 1068 luculenti
659 1002 827 1088 scriptoris
853 1009 920 1080 est,
950 1001 1112 1069 adiiciam.
1161 1008 1333 1095 Lycrrrgus

143 1112 353 1179 Leocratettm
378 1109 428 1175 his
448 1108 555 1175 verbis
580 1108 760 1174 concludit:
785 1107 992 1190 παράδειγμα
1014 1112 1165 1187 ποιήσοιτο
1189 1112 1333 1195 Λεωκροέ·

142 1238 184 1291 πη
218 1215 469 1295 έναμνησθέντες
503 1222 563 1282 τῶν
601 1214 891 1295 κατηνονρουμένων
932 1213 1021 1300 (lege
1055 1218 1330 1306 κατηγορημένων)

140 1318 229 1407 [καὶ]
258 1316 306 1387 έτι
328 1324 363 1387 οὐ
385 1321 481 1388 πλέον
511 1322 617 1404 ἰσχύει
647 1322 720 1401 παρ’
739 1322 811 1399 ὑμῖν
838 1319 924 1394 έλεος
947 1322 1014 1387 οὐδὲ
1033 1320 1152 1404 δοὶκρνα
1173 1332 1230 1399 τῆς
1258 1324 1333 1406 ὑπὲρ

141 1432 202 1495 τοῖν
220 1428 319 1507 νθμων
342 1429 396 1494 καὶ
422 1433 477 1494 τοῖο
500 1430 598 1507 δήμου
621 1428 790 1507 σωτηρίας,
814 1426 870 1491 ubi
894 1428 922 1491 si
941 1428 997 1493 καί
1019 1427 1174 1495 retinebis
1198 1430 1333 1515 ineptiet

141 1530 334 1621 Lycurgus:
367 1533 445 1620 quid
477 1535 509 1599 in
548 1534 661 1599 vitiosa
696 1531 832 1598 lectione
857 1532 1030 1613 σωτηρθας,
1062 1552 1144 1619 quac
1175 1535 1207 1599 in
1241 1534 1333 1601 libris

141 1626 235 1727 ἧίασ
268 1639 368 1707 scribi
401 1639 504 1715 solet,
541 1639 640 1705 lateat
671 1639 854 1724 excogitare
884 1658 947 1703 non
977 1639 1076 1724 potui.
1123 1639 1202 1706 Nolo
1225 1650 1333 1708 tamen

142 1766 293 1839 premere
320 1746 559 1832 suspicionem,
592 1764 675 1831 quac
705 1744 784 1809 milri
817 1742 989 1831 aliquande
1022 1730 1159 1812 subnata
1189 1754 1260 1827 est,
1291 1769 1332 1814 an

144 1854 229 1921 loric
252 1852 423 1941 Lycurgus
445 1850 566 1916 dixerit
588 1858 644 1925 τής
669 1851 743 1931 ὑπὲρ
772 1854 833 1916 τῶν
856 1850 954 1929 νέμων
977 1851 1031 1917 καὶ
1053 1856 1107 1917 τοῦ
1131 1853 1227 1932 δήμου
1255 1879 1332 1935 παρ-

142 1960 276 2045 ρησίας,
311 1957 583 2045 quemadmodum
628 1955 713 2042 apud
752 1955 951 2022 Dinarchum
987 1959 1059 2021 κατ’
1096 1960 1333 2040 Ἀριτσνεθτονις

144 2070 164 2153 §
193 2072 223 2133 1.
253 2064 458 2154 Sycophanta
480 2062 601 2129 dicitur
623 2064 679 2136 τήν
701 2063 775 2143 ὑπὲρ
799 2068 858 2128 τῶν
882 2063 1004 2128 δικαίων
1027 2066 1198 2145 παρρησίαν
1223 2067 1333 2134 ἀποδέ-

141 2195 234 2255 μενος
253 2170 347 2239 εἴκοσι
370 2176 463 2249 μνῶν.

188 2278 227 2345 ln
253 2280 272 2363 S
299 2282 349 2342 tlt.
382 2274 546 2341 llindorlio
569 2275 728 2341 assentior
752 2278 784 2340 od
807 2274 852 2354 μή
873 2312 917 2322 -
939 2275 1120 2352 δυνήσονται
1143 2296 1202 2362 pro
1227 2279 1335 2344 δυ’νων·

142 2410 198 2451 παι
222 2383 420 2449 restituenti.
467 2380 504 2446 ln
534 2390 678 2447 extrema
710 2384 727 2465 §
763 2379 977 2465 supplererim
1001 2379 1035 2448 εὖ
1064 2381 1121 2447 θσθ
1145 2380 1192 2447 ὅτι
1219 2403 1277 2469 pro
1300 2382 1334 2451 εὖ

143 2486 216 2557 leit.
262 2487 456 2555 Rectissime
487 2506 582 2573 porro
611 2487 753 2563 κεκτήσει
782 2487 845 2551 viri
875 2484 962 2551 docti
990 2506 1047 2573 pro
1071 2490 1237 2565 κεκτήσθαι
1258 2490 1333 2556 sult-

144 2598 345 2673 stituerunt,
376 2592 488 2659 sedin
514 2594 688 2659 novissimo
716 2590 870 2657 vocabulo
894 2593 1077 2671 εὐδαιμονῶν
1104 2596 1168 2676 γαρ
1194 2599 1226 2662 οὐ
1253 2600 1335 2679 φθο-

145 2702 295 2785 νηθήση
330 2720 392 2765 non
422 2700 492 2763 sinc
523 2697 632 2783 aliquo
669 2698 826 2764 librorum
862 2697 983 2763 auxilio
1012 2699 1081 2785 ipsa
1116 2702 1336 2789 Xenophontis

143 2826 264 2875 manus
298 2812 421 2892 poterat
453 2806 620 2877 revocari,
654 2824 736 2890 (princ
764 2811 814 2870 est
845 2805 1001 2885 φθονήσει.
1048 2805 1086 2871 111
1117 2806 1176 2871 hoc
1208 2830 1334 2895 quoqne

142 2912 303 2981 1111110111
327 2911 360 2975 in
381 2914 573 2989 τιμήσομαι,
597 2910 812 2992 ζημιώσομαι,
838 2912 1041 2990 ὢφελήοομαι
1066 2919 1097 2978 et
1124 2916 1235 2998 paucis
1263 2917 1335 3000 qui·

143 3017 282 3087 ltusdarn
306 3016 379 3083 aliis
403 3017 534 3083 Veteres
557 3018 617 3102 ipsi
639 3017 784 3082 lucrinrc
805 3014 908 3081 forma
938 3024 1096 3093 utuntur,
1120 3018 1244 3087 scribae
1267 3020 1335 3087 len·

145 3126 271 3211 piorem
294 3125 522 3203 τιμηθήσομαι,
546 3124 798 3204 ζημιωθήσομαι,
824 3124 1063 3203 ὦφεληθήοομαι
1084 3143 1263 3211 supponere
1287 3150 1335 3194 so·

145 3230 226 3297 lent.
272 3228 427 3296 ldoncum
453 3228 635 3313 exemplum
661 3248 678 3293 c
705 3226 917 3293 llenmsthcnc
942 3247 1042 3293 tinum
1074 3228 1214 3297 sufficiat
1245 3254 1336 3299 sunr-

145 3344 220 3403 tum
251 3354 291 3403 ex
322 3334 411 3403 Orat.
436 3334 559 3401 Xlrl'll.
587 3340 640 3399 70.
675 3337 785 3417 χείρων
812 3359 848 3398 τε
882 3330 978 3409 δόξεις
1008 3344 1136 3410 πολλοῖς
1170 3334 1247 3405 εἶναι
1277 3344 1338 3409 κᾶν

144 3444 206 3523 μέν
227 3442 382 3529 &neptim
414 3446 443 3508 σ’
468 3442 707 3523 ἐπιωρκηκέναι,
737 3439 790 3505 tatu
815 3440 846 3504 δέ
875 3436 945 3523 ἕλης
975 3442 1187 3523 φθονήσει,
1217 3446 1337 3513 invidia

144 3547 311 3635 flnprcbis.

192 3652 252 3719 Est
275 3653 308 3717 in
333 3652 470 3717 llicronc
500 3651 610 3729 tuens,
641 3674 704 3739 qun
737 3653 812 3739 quis
837 3652 1060 3738 percommode
1085 3656 1131 3719 uti
1166 3662 1265 3743 possit
1296 3660 1335 3725 ml

145 3756 355 3825 eximendum
380 3766 473 3823 vetus
498 3759 611 3823 vitium
637 3780 654 3823 c
679 3759 793 3845 Lysia,
818 3757 903 3844 apud
928 3778 1023 3843 quern
1048 3760 1118 3825 sinc
1150 3782 1245 3828 sensu
1270 3765 1337 3829 edi-

148 3872 207 3929 lut·
229 3863 262 3929 in
293 3860 382 3929 Orat.
404 3862 457 3929 lv.
487 3870 538 3929 15.
564 3866 597 3927 οὖ
621 3866 684 3943 γὰρ
709 3867 849 3945 οὶργύριον
873 3865 989 3943 λαβεῖν
1013 3867 1236 3945 προθυμοῦνται
1259 3872 1336 3937 αλλ’

141 3970 185 4035 ·έιο
216 3976 272 4044 τής
305 3970 451 4050 πατρίδος
483 3970 634 4047 ἐκβαλεῖν
668 3971 790 4035 αὐτὸν
824 3976 989 4035 ποιοῦνται.
1038 3968 1120 4036 Olim
1152 3974 1336 4060 suspicatus

147 4092 224 4141 111111
257 4074 495 4141 restituendum
532 4096 602 4139 esso
634 4076 668 4140 ἐκ
702 4084 757 4149 τῆς
787 4077 932 4155 πατρίδος
964 4076 1116 4153 ἐκβαλεῖν
1150 4081 1187 4155 μ’
1220 4078 1337 4161 ἔργον

146 4184 361 4247 ποιοῦνται.
416 4180 503 4247 ldem
542 4179 689 4245 Selicilric
721 4181 752 4243 in
790 4189 930 4246 ruentem
966 4182 1092 4247 venisse
1126 4182 1241 4258 video.
1280 4191 1335 4274 qui

146 4283 318 4353 commode
342 4286 491 4352 Isocratis
515 4284 622 4351 locurn
646 4283 755 4348 111111Ιί1
780 4286 812 4350 in
846 4284 933 4350 Orat.
958 4285 1040 4350 xvt.
1066 4292 1119 4354 to.
1152 4290 1261 4367 ὁμοίως
1285 4294 1337 4376 ἔρ·

145 4415 218 4473 γον
242 4392 472 4469 ἐποιήσαντ’
499 4393 609 4457 ἐκεῖνον
629 4392 811 4456 ἀποκτεῖναι
833 4392 885 4456 καὶ
908 4393 963 4465 τήν
982 4391 1133 4473 ὑμετέραν
1155 4404 1337 4466 καταλῦσαι
