2940 5010
721 303 783 364 705

157 483 369 565 ποτέρωσε
392 479 510 553 θεσὲον;
545 476 633 542 Talia
657 476 785 561 saepius
815 473 936 541 videbis
955 480 1147 560 permutari.
1196 482 1339 550 Pessime

156 586 277 669 ἑτέρωθι
303 585 422 672 legitur
439 583 522 671 apud
537 579 781 648 Demosthenem
807 582 839 644 in
864 578 951 646 Orat.
967 580 1063 647 XVll.
1087 589 1138 650 16.
1162 586 1278 665 ἄλλους
1301 617 1337 658 σε

155 693 307 773 ἑτέρωθι
342 693 393 758 xci
426 692 478 756 rin
502 687 701 769 παιδοτρίβην
733 687 775 759 εἷς
801 694 940 752 Σικυῶνι
970 689 1176 768 κοοιῆγοινεν,
1203 696 1339 762 emenda

154 795 252 863 rodes
284 799 421 879 ἑτέρωσε.
468 793 560 881 Apud
590 794 721 880 Dionys,
759 791 859 857 Helio.
889 792 925 857 A.
948 792 985 861 lt.
1011 793 1046 857 V.
1074 802 1125 863 ll.
1159 818 1216 884 pro
1238 826 1339 879 μετα.

153 901 260 968 dietas
290 904 323 968 δὲ
356 905 411 979 τὴν
442 901 555 976 οἴκοισιν
585 896 740 980 ἑτέρωθί
762 898 807 976 γέ
835 899 897 962 σοι’
924 922 1017 964 ποτε
1049 907 1129 979 γῆς,
1161 901 1216 977 ἕως
1244 905 1283 971 θον
1305 910 1337 973 ἐν

152 1008 362 1092 &emancipe
390 1009 520 1086 γένηται
541 1005 584 1069 σοὶ
607 1003 709 1081 κοινοὶ,
733 1001 959 1087 corrigendum
983 1012 1033 1069 est
1053 1007 1179 1088 ἑτέρωσέ
1202 1035 1252 1076 τοι
1277 1021 1338 1091 γῆς

150 1120 189 1207 pt
220 1114 251 1178 ἐν
279 1114 435 1195 ἀσφαλεῖ.
482 1110 611 1178 Dudum
639 1108 724 1172 idem
758 1106 910 1175 mendum
944 1109 1104 1177 sublatum
1135 1119 1278 1200 oportuit
1301 1139 1340 1185 cx

151 1217 381 1306 Aristophanis
403 1219 528 1304 Equitt.
552 1221 629 1281 953.

247 1321 387 1399 ἐξέδεταί
409 1346 463 1389 σου
486 1320 619 1403 τοῦψον,
643 1315 718 1384 ὅσον
742 1320 780 1384 σύ
804 1345 876 1386 που
902 1319 1019 1386 ἄλλοσε
1040 1321 1187 1404 χάσκῃς,

151 1428 209 1495 eui
239 1427 338 1494 redde
368 1431 406 1495 σθ
442 1452 501 1494 σοι
535 1425 665 1492 ἄλλοσε.
714 1424 751 1490 ln
784 1425 1004 1512 Xenophontis
1035 1427 1155 1495 llellen.
1179 1430 1222 1500 ll.
1247 1454 1280 1499 11.
1305 1440 1336 1500 2.

148 1524 237 1599 bene
255 1532 440 1600 Dindorlius
466 1531 585 1598 edidit:
611 1531 707 1605 διδοὺς
733 1532 833 1596 ἐκεῖσε
856 1532 945 1612 μόνον
971 1532 1338 1619 relamptantium,

149 1634 297 1705 ἄλλοσε
320 1641 347 1705 δ’
370 1639 423 1716 οὔ,
447 1658 505 1724 pro
529 1636 636 1702 ἄλλοθι
657 1638 683 1702 δ’
703 1635 758 1710 οὔ,
784 1635 840 1702 sed
865 1647 1029 1723 praeterea
1052 1640 1152 1705 ἐκεῖσε
1173 1643 1246 1721 μέν
1268 1665 1337 1711 cor·

148 1751 280 1810 rectum
304 1745 446 1831 oportuit
476 1763 533 1828 pro
566 1745 665 1807 ἐκεῖσε
697 1740 799 1819 μόνον.
847 1741 1041 1828 Saepissime
1068 1745 1158 1824 μόνον
1191 1768 1249 1833 pro
1279 1751 1337 1828 μέν

150 1847 255 1915 scribi
279 1859 311 1917 et
331 1869 413 1936 quae
434 1850 476 1913 sit
497 1848 594 1913 huius
613 1849 659 1912 rei
681 1865 778 1911 causa
802 1845 841 1910 ad
865 1847 1053 1933 Euripidem
1077 1851 1244 1919 ostendam
1428 1848 1430 1853 ’

152 2002 156 2007 -
199 1952 238 2021 ln
267 1974 337 2041 sqq.
370 1953 525 2020 Stobaeus
553 1954 585 2017 in
618 1955 715 2036 §tu
741 1959 828 2017 recte
851 1954 972 2017 omittit
995 1978 1034 2032 γε
1060 1973 1193 2040 prorsus
1222 1958 1337 2028 inutile

150 2059 188 2125 ir
210 2059 318 2125 uerbis
339 2068 398 2126 τῶν
427 2059 493 2148 [γε]
521 2061 564 2125 σοὶ
586 2062 718 2124 τοιοῦτοι
744 2057 956 2135 εἰιιςοιμένων,
989 2067 1021 2124 et
1044 2079 1280 2152 supervacuum
1304 2069 1337 2133 dd

150 2164 187 2229 in
214 2166 308 2249 §²4-
333 2165 400 2232 εἰπέ
422 2190 494 2245 μοι,
521 2204 565 2216 -·
588 2166 631 2237 εἷς
654 2163 801 2244 Δελφοὺς
828 2162 886 2250 [δὲ]
914 2164 968 2240 ἤδη
993 2164 1117 2230 πώποτε
1138 2169 1276 2248 οὶφθκοος
1302 2180 1337 2239 et

150 2271 233 2337 adrd
256 2272 288 2335 in
315 2273 332 2355 §
356 2276 409 2337 51.
434 2273 549 2353 πρῶτον
573 2272 629 2348 μὲν
650 2269 714 2350 γὰρ
741 2267 847 2354 [αὐτὸ]
870 2268 905 2334 τὸ
930 2269 1088 2347 ὑγιαίνειν.
1135 2270 1216 2338 lbid.
1243 2278 1260 2360 §
1280 2281 1334 2344 59.

148 2479 333 2562 ινριίννονι,
356 2480 441 2565 quod
465 2502 483 2546 a
508 2480 667 2546 sententia
691 2479 833 2545 alienum
862 2488 920 2544 est.

197 2584 375 2653 Persuadet
405 2586 486 2651 mihi
512 2584 720 2672 Pluygersius
742 2583 772 2648 θν
799 2582 956 2650 excidisse
981 2586 1013 2650 in
1035 2586 1089 2654 lV.
1113 2609 1158 2654 ιιι.
1184 2593 1215 2655 6.
1247 2593 1282 2659 σθ
1303 2596 1335 2661 δὲ

145 2690 204 2759 ui
227 2688 302 2772 ὕδωρ
323 2695 396 2769 ἡμῖν
417 2690 567 2773 παρέχειν
590 2687 667 2754 οὕτω
692 2694 810 2755 πολλοῦ
831 2686 915 2765 ἄξιον
939 2688 996 2758 dee
1019 2693 1071 2756 κοοῖ
1096 2695 1186 2775 <peleto
1210 2700 1275 2763 ιιιὲ.
1301 2710 1333 2767 et

145 2794 293 2883 suppleri
324 2806 470 2883 oportere
501 2794 585 2872 ἄξιον
616 2794 671 2882 (do)
702 2794 771 2864 ὥςε.
818 2794 1030 2880 Participium
1051 2797 1082 2862 θν
1111 2800 1158 2864 sio
1191 2805 1330 2887 positum

145 2900 185 2969 iu
215 2920 332 2986 magno
364 2920 492 2987 semper
521 2899 664 2987 periculo
689 2900 899 2978 versabatur,
930 2903 1120 2986 praesertim
1151 2906 1184 2970 in
1212 2910 1332 2977 unciali

144 3007 330 3093 reciproce,
365 3005 421 3072 ubi
456 3007 629 3090 repetitum
666 3015 725 3070 0N
757 3003 908 3070 facillime
936 3003 1188 3075 describentium
1222 3014 1332 3082 oculos

146 3108 304 3198 tugtemt.
353 3110 435 3176 Hinc
459 3129 553 3196 saepe
584 3108 705 3175 iactum
733 3117 781 3175 est
810 3117 845 3174 ut
874 3110 1091 3177 necessarium
1124 3117 1333 3203 participium

132 3217 316 3301 interiret,
339 3225 434 3283 etex
458 3216 611 3281 interiore
635 3214 826 3281 Graecitatis
850 3212 1063 3298 intelligentia
1089 3236 1107 3281 a
1130 3218 1259 3287 Critieis
1282 3245 1330 3293 rc·

143 3331 328 3389 rocrretur.
376 3321 463 3388 idem
496 3319 675 3386 remedium
700 3321 887 3385 etiamnunc
918 3318 1012 3385 multi
1042 3319 1102 3387 loci
1131 3337 1329 3412 exspectant.

195 3424 233 3493 ln
261 3426 355 3494 Mem.
373 3426 426 3492 lV.
452 3447 492 3492 tv.
520 3431 571 3491 10.
607 3427 678 3491 οὐδὲ.
697 3421 741 3498 εἷς
765 3423 868 3497 ἄδικος
889 3425 927 3492 ἂν
948 3424 1012 3502 εἵη,
1037 3427 1177 3494 Atticam
1201 3451 1330 3521 compo.

141 3530 300 3597 titionem
324 3533 465 3597 servavit
489 3530 645 3597 Stoliaeus
668 3531 728 3595 οὐδ’
752 3527 982 3605 &celeritatem
1006 3528 1074 3608 εἴη,
1098 3552 1195 3618 quam
1220 3536 1331 3609 luben.

145 3642 200 3703 ter
221 3636 412 3721 accipimus.

192 3739 349 3807 Notabilis
372 3742 460 3806 locus
490 3749 538 3807 est
568 3740 607 3807 de
639 3738 779 3828 perlecto
805 3740 929 3826 passivo
952 3744 1070 3807 κεῖσθαι
1097 3764 1153 3829 pro
1178 3751 1329 3823 σεθεῖσθιιι

146 3844 234 3933 apud
261 3843 392 3912 Veteres
419 3847 536 3911 usitato
558 3846 589 3910 in
615 3845 848 3912 ilem.lV.1v.
874 3849 926 3911 m.
974 3846 1104 3914 Dixerat
1132 3853 1158 3916 οῖ
1182 3851 1329 3937 ἄνθρωποι

145 3950 220 4024 τοὺς
243 3950 351 4030 νόμους
376 3950 498 4016 ἔθεντο
530 3959 562 4016 et
582 3953 651 4024 τοὺς
675 3953 757 4022 θεοὺς
784 3946 869 4029 οἶμαι
892 3953 963 4024 τοὺς
988 3953 1096 4031 udicare
1119 3957 1244 4035 τούτους
1267 3975 1331 4040 τοῖς

146 4056 313 4138 ὲνθριθνιοις
336 4059 472 4130 θεῖναι,
506 4064 537 4121 et
560 4064 633 4141 post
656 4076 757 4142 pauca
781 4058 862 4132 δίκην
890 4058 1039 4137 διδόοοσιν,
1067 4060 1191 4147 inquil,
1220 4069 1245 4131 σι’
1271 4095 1330 4136 πα.

143 4161 349 4245 ραβσθνονιες
372 4164 442 4236 τοὺς
466 4163 539 4227 ὑπὸ
570 4169 644 4226 τῶν
676 4163 771 4227 θεῶν
801 4164 1012 4242 κειμένους
1041 4163 1149 4243 νόμους
1180 4176 1213 4235 et
1237 4176 1327 4250 τοὺς

146 4268 211 4335 ὑπ’
232 4267 439 4351 ἀνθρώπων
475 4267 689 4346 κειμένους
709 4267 816 4347 νόμους
841 4267 908 4335 ἔνιοι
930 4271 1176 4351 σοροβοθνονιες
1199 4277 1328 4363 draps-42
