2940 5010
675 304 737 365 227

138 472 226 557 ῖξννιν
246 474 294 566 (et
313 476 388 563 quis
406 476 509 543 ueseit
532 494 629 562 quam
651 494 746 562 saepe
767 472 865 553 δεῖξιν
887 482 918 543 et
941 473 1027 553 δόξαν
1053 474 1136 541 male
1158 474 1291 543 eonluo·

137 580 259 671 flatui)
293 589 327 649 et
359 581 471 649 statim
503 579 588 647 ultro
620 579 768 647 excident
800 579 989 666 interpolata
1024 580 1118 648 verba
1150 580 1210 648 οὐδ’
1248 581 1290 648 ἂν

136 688 339 771 miratae.
385 685 470 769 Quid
492 687 536 752 sit
565 687 628 754 οὐδ’
656 684 696 752 ἂν
718 682 839 763 δόξειαν
865 690 1031 762 κεκτῆσθαι
1054 694 1087 752 et
1118 683 1291 773 locupletes

136 792 197 861 ait·
214 790 277 859 illia
308 792 507 881 temporibus
531 790 636 859 oelare
666 810 741 877 opes
769 800 801 858 et
828 790 1029 858 dissimulare
1063 790 1173 858 solitos
1196 810 1291 859 uento

135 898 241 987 bnt.
286 896 443 981 Queritur
472 897 629 965 Isocrates
660 895 693 962 in
725 896 948 983 Areopagitica
970 903 988 984 ς
1011 902 1053 964 55
1085 898 1290 984 praeteriisse

135 1000 174 1071 1
187 1010 326 1091 tempera
344 1000 391 1069 dr*
411 1003 508 1077 οὐδεὶς
531 1001 749 1083 ἐπεκρύπτετο
773 1002 828 1076 riv
845 1003 968 1079 σιἰσίσιν,
998 1011 1031 1069 et
1052 1002 1174 1070 dudunt
1194 1011 1289 1069 atttea

135 1108 297 1197 panium
330 1106 425 1174 bomo
458 1108 492 1172 in
527 1105 751 1193 Aristophanis
783 1107 882 1173 Ranis
919 1106 1032 1189 ῥνιιιῖνις
1072 1107 1288 1189 reperiemur

136 1208 199 1281 uta
215 1214 270 1281 eal
288 1218 370 1297 φησι
392 1213 546 1280 reuertar.
594 1211 900 1278 luculentissimum
923 1218 1032 1279 autem
1059 1219 1109 1279 est
1131 1211 1171 1279 de
1193 1234 1231 1281 ea
1251 1216 1290 1281 're

136 1318 325 1386 hl'tttenlttut
345 1318 496 1385 Isocratis
516 1317 583 1401 περὶ
603 1316 800 1391 Ἀντιδόσεως
825 1320 935 1404 5159.
962 1316 1016 1383 ubi
1038 1326 1071 1383 et
1092 1316 1171 1385 haec
1192 1318 1289 1387 terlta

136 1420 279 1511 hutur,
313 1442 397 1511 quae
428 1443 503 1490 eum
538 1422 793 1490 Demostlrenieis
827 1420 1042 1508 comparanda
1074 1433 1171 1491 sunt:
1206 1427 1288 1493 roni

136 1524 349 1613 lipdauia’epou
371 1528 521 1604 νισσῖὲςννιε
544 1530 579 1595 τὸ
603 1530 725 1595 δοκεῖν
755 1530 930 1609 εὐπορεῖν
954 1528 972 1604 ἢ
996 1529 1031 1595 ri
1052 1532 1191 1611 Φανεριῖς
1222 1530 1287 1597 aidr-

116 1724 232 1827 leun
256 1736 339 1805 nibil
358 1756 428 1805 esse
446 1739 513 1805 seio
540 1737 653 1805 utilius
681 1758 778 1825 qnam
803 1736 987 1805 huiusmodi
1010 1758 1137 1807 errores
1158 1741 1209 1808 ἔνι’
1232 1742 1288 1807 σύ·

116 1836 229 1929 ἕψῃ
248 1842 463 1933 deprehensos
486 1842 605 1911 vidisse
627 1864 724 1931 quam
752 1843 908 1930 plurimos
931 1852 963 1911 et
986 1845 1033 1910 sie
1056 1832 1210 1911 latentem
1234 1845 1287 1912 ud-

116 1940 333 2029 thematem
363 1950 519 2018 librorum
542 1959 576 2017 et
600 1950 699 2016 certis
726 1949 870 2035 vestigiis
899 1948 1052 2035 indagare
1075 1948 1231 2016 discimus
1254 1959 1287 2017 et

116 2046 241 2123 *abuti
262 2056 463 2123 eorreetione
483 2075 619 2133 sanare,
641 2074 704 2121 non
729 2053 886 2141 gravabor
908 2073 1010 2141 puma
1041 2054 1139 2121 etium
1170 2053 1212 2121 do
1234 2075 1286 2141 ge·

134 2172 189 2227 tna
208 2158 266 2229 ltoo
294 2158 446 2231 adiioere.
493 2161 528 2227 ln
557 2161 648 2229 bion.
673 2158 773 2226 Halio.
799 2161 835 2226 A.
858 2159 895 2225 a.
917 2158 1000 2225 Vlll.
1028 2163 1079 2226 ta.
1111 2158 1285 2227 edebatur:

133 2262 154 2329 d
166 2266 300 2347 apsumi
321 2262 453 2349 ἐξῄεσαν
475 2266 527 2334 διὰ
553 2266 679 2350 ταχέων
702 2265 771 2346 πρὶν
801 2262 930 2334 istm
961 2264 1103 2344 γενέσθαι
1127 2266 1286 2346 Ῥωμαῖοις

132 2368 376 2453 denatura
398 2370 500 2448 δῖνιινι,
523 2380 651 2460 reperta
673 2379 723 2437 est
746 2371 779 2435 in
804 2368 957 2437 Urbinate
981 2389 1054 2437 vera
1079 2369 1193 2438 leotio:
1216 2371 1286 2453 νιρῖν.

131 2468 261 2549 lasura
281 2476 425 2557 wislae
447 2478 607 2557 Ῥωμαῖοις
627 2478 671 2544 rai
695 2476 915 2557 βουλεύμασιν.
948 2476 1109 2543 Tenemus
1131 2475 1286 2555 sciolum,

131 2580 283 2669 'iduum
304 2580 407 2653 ἔνισςνν
431 2582 545 2650 vitiose
561 2602 619 2671 pro
641 2581 764 2650 ῖκσνςνι
783 2590 867 2649 esset
886 2582 1045 2669 seriptum
1062 2583 1143 2659 δῆσινι
1164 2581 1203 2650 de
1226 2602 1284 2650 suo

129 2680 234 2757 Ἧι.
279 2686 406 2757 Similia
435 2686 537 2755 multa
560 2687 750 2775 ebionysio
777 2687 883 2771 colligi
908 2696 1057 2774 possunt,
1080 2687 1108 2753 si
1130 2688 1204 2774 quis
1224 2686 1285 2755 Sil·

129 2782 291 2881 balanam
312 2792 485 2861 editionem
509 2793 550 2861 ad
572 2792 699 2859 Codicis
720 2792 882 2859 Urbinatis
905 2792 1058 2860 lectiones
1080 2792 1210 2879 exigere
1233 2814 1284 2859 ro·

130 2888 167 2966 Ε
202 2898 328 2969 Similia
349 2906 383 2967 et
406 2900 438 2965 in
463 2900 532 2986 ipso
560 2898 712 2987 llionysio
734 2908 766 2964 et
791 2899 823 2963 in
846 2897 919 2964 aliis
946 2899 1064 2984 passim
1090 2898 1285 2986 nobisipsis

129 3002 300 3073 Edenda
321 3014 516 3091 supersunt,
545 3004 576 3069 in
601 3002 719 3090 quibus
741 3012 908 3091 postquam
941 3003 1011 3069 titii
1041 3000 1148 3069 sedem
1172 3000 1284 3069 odora·

130 3106 274 3179 tuturis
295 3118 329 3177 et
350 3127 458 3177 veram
487 3110 682 3195 scripturam
707 3118 874 3175 assecutus
898 3109 1006 3194 inepta
1031 3104 1283 3174 homuncionum

116 3210 291 3285 nttrnro
318 3214 404 3281 ultro
433 3213 596 3281 excidunt.
643 3214 743 3280 Cuius
766 3215 813 3281 rei
842 3234 905 3280 non
933 3212 1021 3279 aliud
1050 3230 1204 3298 umquam
1236 3233 1283 3280 re-

129 3318 178 3401 μί
193 3318 390 3389 lueulautius
411 3320 591 3407 exemplum
617 3339 712 3405 quam
735 3320 768 3384 in
798 3318 962 3405 Euripidis
990 3316 1170 3404 fragmento
1198 3318 1284 3406 apud

129 3416 308 3503 harabum
326 3424 366 3491 da
383 3426 456 3491 oud.
477 3433 558 3511 poet.
585 3445 614 3511 p.
634 3430 677 3491 ⁹20
702 3424 738 3491 [l.
765 3424 817 3489 ubi
842 3432 952 3510 poetae
977 3443 1108 3491 menum
1130 3422 1283 3491 latentem

128 3520 219 3600 blaa
238 3531 402 3618 scriptura
424 3531 634 3597 uetustissimi
663 3529 737 3596 libri
760 3530 930 3595 Marciani:
963 3530 996 3597 ri
1023 3531 1103 3607 δῆσα
1133 3528 1286 3598 oderrici

126 3636 421 3717 ινιισῖννννιῖμενννς
447 3634 530 3703 bane
553 3635 628 3701 olim
652 3656 721 3702 esse
745 3635 978 3701 demonstrari:

327 3742 359 3809 al
379 3742 460 3818 δνῑσσι
483 3742 561 3808 θύειν
583 3742 632 3808 δεῖ
652 3767 687 3807 σε
710 3740 973 3821 sarisberiensem

121 3842 218 3933 flua
234 3846 419 3915 Palamedes
438 3845 624 3933 respondet:

323 3948 459 4032 ἄμεινον.
481 3952 576 4026 οὐδεὶς
596 3952 741 4032 salome
763 3952 905 4030 εὐσεβεῖν
927 3950 1020 4023 θεούς.

116 4052 344 4149 flpoatquam
361 4066 491 4124 e'retN
511 4058 543 4122 in
565 4067 693 4125 OTCIN
722 4058 930 4145 depravatum
951 4064 998 4122 est
1018 4054 1073 4121 alii
1091 4054 1219 4135 κάμνειν
1238 4063 1281 4122 te·

116 4170 189 4234 *a
208 4160 425 4240 eddideruut,
455 4162 510 4228 alii
533 4164 696 4229 κνντῖνινεῑν
724 4163 983 4238 substituerunt,
1006 4159 1061 4227 alii
1085 4160 1147 4226 alia
1175 4160 1282 4229 turba·

116 4278 186 4341 ΙΙΙ.
231 4268 324 4337 lutat
357 4266 398 4335 ad
423 4266 505 4335 bano
530 4266 634 4333 luoenr
667 4269 807 4357 primum
835 4268 1005 4335 restituere
1034 4264 1170 4355 Philippi
1196 4267 1284 4353 regis

116 4374 221 4447 letum
244 4372 332 4463 uptttl
356 4370 443 4442 Stoi.
468 4372 576 4441 eterit.
595 4373 732 4442 llelll.
754 4379 807 4441 bl.
841 4376 993 4449 Φίλιππος
1019 4374 1112 4452 ἔλεγε
1141 4373 1203 4443 δεῖν
1231 4374 1283 4441 τὸν
