2940 5010
699 286 763 349 272

138 471 171 531 et
196 462 227 527 in
250 458 327 528 Oed.
360 459 438 548 Tyr.
458 464 537 527 345.

588 566 662 646 πρὸς
684 565 776 641 τύδ’,
799 566 825 630 εἰ
850 564 964 642 ύέλειο,

320 671 415 751 tuero
438 670 475 736 δι’
497 671 611 751 ὀργῆς,
633 670 699 749 ἥτις
721 668 913 752 οὶγριιοτούτη.

141 786 173 845 et
195 776 228 842 in
251 774 360 843 llodea
384 779 481 843 1558.

321 883 394 962 πρὸς
417 886 523 947 ταῦτα
546 880 598 947 καὶ
623 880 771 959 λέαιναν,
793 881 819 947 εἰ
842 881 974 961 βούλει,
998 880 1102 949 αύλει.

144 996 177 1055 et
206 986 278 1054 aliis
308 986 408 1064 loeis,
441 984 526 1053 unde
553 986 634 1053 satis
663 1004 817 1073 apparere
837 986 978 1053 arbitror
999 991 1074 1070 πρὸς
1097 993 1225 1069 ταῦτα,
1244 988 1296 1073 τρέε

143 1093 296 1162 τύδειοοη
320 1091 564 1158 accuratissime
587 1091 632 1159 ita
655 1091 809 1179 explicari
827 1092 953 1170 solere,
979 1094 1070 1178 quasi
1082 1103 1169 1162 esset
1188 1104 1296 1183 propte

145 1222 204 1276 οο,
229 1199 445 1287 ommonem,
476 1196 612 1278 idcirco,
641 1196 774 1285 proinde
799 1204 856 1263 aut
884 1197 990 1265 simile
1023 1197 1114 1286 quid.
1160 1198 1295 1287 Siguiled

145 1305 233 1373 enim
264 1307 303 1377 ὡς
331 1303 445 1369 τούτου
470 1300 563 1377 οὕτως
588 1302 741 1384 έχύυτοιι,
773 1304 812 1375 ate
839 1299 889 1368 ὧδ’
911 1302 1046 1385 έχύιτυυ
1075 1312 1110 1371 et
1134 1304 1183 1371 sle
1207 1304 1295 1394 [attin

146 1410 265 1497 legitur
288 1411 361 1490 πρὸς
380 1413 486 1474 ταῦτα
505 1408 637 1488 βούλευε
662 1405 789 1494 (aeson
815 1408 919 1473 Prom.
940 1408 1050 1497 1050.)
1074 1416 1108 1476 el
1127 1410 1202 1493 πρὸς
1221 1414 1295 1477 w‘rrt

146 1515 296 1598 βουλεύου
325 1511 344 1579 ύ
371 1538 402 1579 τι
428 1514 563 1590 ποιησειο
600 1510 694 1601 (tter.
724 1509 853 1579 Charm.
878 1517 942 1579 l'lll
971 1513 1041 1603 ll),
1063 1522 1097 1581 et
1117 1516 1191 1597 πρὸς
1220 1520 1295 1583 rein

147 1621 331 1704 βουλεύεσθε
355 1616 389 1686 εύ
421 1616 580 1707 (Thucyd.
600 1616 653 1683 lV.
678 1616 746 1705 87.)
770 1625 802 1684 el
828 1619 902 1700 πρὸς
930 1624 1037 1685 ταῦτα
1065 1619 1185 1703 Φρύζου
1219 1618 1295 1711 (Supl

148 1727 266 1795 Eleetr.
288 1721 378 1812 585.)
402 1731 434 1790 et
457 1723 575 1810 passim
600 1722 698 1799 alibi,
734 1722 788 1789 uhi
820 1724 873 1790 διὰ
905 1727 1011 1791 ταῦτα
1044 1727 1238 1793 senteutiam
1256 1742 1295 1793 ott

149 1836 325 1917 rumperet,
373 1827 551 1915 Utrumque
573 1829 609 1895 ἐκ
631 1831 835 1911 παραλλήλου
859 1829 966 1916 posuit
991 1829 1172 1920 Aeschylus
1194 1832 1228 1899 in
1253 1831 1295 1899 lu

150 1939 296 2004 sis170:

286 2040 358 2121 πρὸς
382 2039 452 2105 τύδ’
474 2042 513 2113 ὥς
534 2037 628 2113 οὕτως
652 2037 787 2122 έχύυτιου
809 2041 902 2107 τῶνδε
923 2039 1094 2121 σύμβουλοι
1116 2043 1215 2123 λύγου

286 2145 373 2211 τοῦδέ
396 2170 447 2224 μοι
471 2145 617 2224 γέυεσύε,
641 2145 778 2226 Πέρσαι,
804 2146 948 2228 γηραλέα
969 2145 1155 2227 τιτύραουτα.

154 2262 185 2321 et
209 2248 293 2339 quod
317 2249 401 2336 apud
422 2248 608 2335 Sophonlem
632 2257 681 2315 est
707 2250 740 2314 in
768 2250 864 2318 liare
887 2255 963 2317 981.

379 2357 419 2427 ὥς
442 2351 491 2420 ὧδ’
515 2353 649 2435 έχύυτοιυ
669 2352 677 2443 Ι
696 2354 784 2436 πούρα
806 2355 960 2439 τευοὲζειυ,

156 2463 266 2535 eodem
286 2479 382 2527 sensu
403 2458 467 2524 dici
488 2466 612 2545 poterat
631 2462 704 2541 πρὸς
727 2464 833 2527 ταῦτα
855 2460 943 2545 πύρα
964 2463 1113 2546 esteten.

202 2566 372 2654 Sequiores
405 2584 531 2651 quoquo
561 2564 734 2651 scriptores
761 2565 899 2633 eundem
934 2588 1029 2634 usum
1058 2569 1231 2638 uerborum
1264 2596 1294 2655 πη

157 2680 263 2742 ταῦτα
297 2671 524 2748 retinuerunt,
554 2668 637 2755 quod
665 2670 810 2759 Dionysii
846 2670 1137 2741 Halicarnassensis
1163 2696 1294 2745 causat

158 2797 295 2854 moneo,
326 2777 382 2861 qui
414 2775 462 2841 bis
498 2776 542 2841 ita
573 2773 700 2841 loeutus
732 2774 902 2863 utrobique
933 2798 952 2843 a
988 2778 1095 2845 sciolis
1130 2781 1294 2869 interpolat

158 2893 217 2953 est.
245 2882 279 2949 u.
303 2881 455 2949 Horatius
477 2879 587 2947 oonsul
612 2880 645 2945 in
667 2882 705 2946 λ.
725 2880 763 2947 ll.
782 2880 820 2947 X.
844 2886 897 2949 28.
922 2880 1144 2950 vehementem
1162 2888 1294 2955 oration

159 2989 212 3057 llis
245 2986 351 3054 verbis
381 2983 564 3052 concludit:
598 2988 672 3066 πρὸς
702 2992 808 3053 ταῦτα
846 2985 996 3075 [ὁρῶντες]
1031 2990 1258 3074 έιιιελησιὶζετε
1289 3020 1293 3061 :

159 3097 267 3177 νόμους
291 3092 450 3176 εύσφέρετε
475 3091 606 3165 καινούς.
655 3090 752 3158 Plane
777 3091 887 3159 eodem
912 3092 1005 3159 morlo
1036 3093 1187 3182 Scaptius
1208 3096 1293 3165 xtt

159 3203 235 3284 πρὸς
251 3204 357 3267 ταῦτα
383 3196 532 3286 [ύρῶυτες]
558 3197 602 3263 τοὶ
620 3198 723 3264 δίκαια
743 3196 796 3263 καὶ
819 3198 863 3263 τὰ
880 3198 990 3279 εύοριια
1006 3201 1203 3283 ψηφίσασθε.
1228 3202 1293 3287 Qut

161 3325 258 3395 quam
283 3303 392 3370 rhetor
417 3304 482 3389 ipse
504 3322 744 3388 nonnumquam
767 3301 966 3389 negligenter
988 3312 1020 3370 et
1038 3306 1151 3373 vitiose
1172 3309 1247 3389 δρᾶν
1265 3307 1293 3375 di

163 3430 221 3496 pro
242 3409 374 3488 βλέπειν
397 3415 431 3472 et
455 3408 649 3487 ἀποβλέπειν
676 3416 780 3475 tamen
802 3408 853 3474 luis
876 3407 954 3474 loois
976 3408 1071 3497 eulpa
1088 3420 1191 3479 vaeat.
1239 3412 1293 3483 llet

162 3513 399 3597 ludimagistris
422 3531 515 3578 suum
549 3513 671 3594 ὁρῶντες
695 3521 728 3579 et
747 3515 854 3578 omnia
886 3511 1049 3580 habebunt
1071 3517 1204 3603 optime.

210 3619 246 3685 ln
267 3615 433 3704 Euripidis
455 3616 523 3681 loco
543 3617 747 3702 perspicuum
776 3625 825 3683 est
843 3617 938 3684 verba
966 3618 1159 3689 Alcmenae:

389 3720 462 3803 πρὸς
485 3726 591 3789 ταῦτα
613 3724 668 3797 την
691 3725 833 3804 ύρασεΐαι
855 3721 919 3799 dcte
942 3725 981 3793 ἂν
1003 3727 1075 3811 ύέλη

388 3824 482 3903 λέξει.

164 3935 274 4005 eodem
292 3931 358 4000 lere
379 3933 487 3998 animo
509 3941 542 3998 et
561 3952 659 4000 sensu
681 3933 764 4006 dini.
790 3941 887 4020 atque
908 3933 1018 4002 lledea
1040 3935 1141 4004 dixit:

390 4038 463 4120 πρὸς
488 4039 668 4105 ταῦτακαὶ
692 4039 837 4113 λέαιυαι,
863 4042 889 4105 εἰ
912 4041 1040 4119 βούλει,
1064 4043 1167 4111 ιιοέλεο.

165 4154 198 4223 et
220 4144 359 4212 Tiresias
381 4141 422 4209 ού
445 4141 657 4229 Oedipodem:

344 4252 398 4317 ούιι
421 4247 460 4315 dv
484 4249 564 4330 τέρα
586 4249 754 4332 Φρύσαιμι.
778 4252 851 4332 τρὸ,-
874 4250 963 4327 reid,
988 4255 1014 4320 el
1037 4254 1158 4331 ύέλειι,
1281 4266 1287 4275 “

342 4356 436 4434 ύυμοῦ
459 4355 497 4420 δι’
521 4357 629 4435 ύργῆς,
654 4353 719 4431 ἥτις
742 4356 933 4438 ἀγριωτάτη.
