<?xml version="1.0" encoding="UTF-8"?>
<!DOCTYPE html PUBLIC "-//W3C//DTD XHTML 1.0 Transitional//EN"
    "http://www.w3.org/TR/xhtml1/DTD/xhtml1-transitional.dtd">
<html xmlns="http://www.w3.org/1999/xhtml" xml:lang="en" lang="en">
 <head>
  <title>
</title>
<meta http-equiv="Content-Type" content="text/html;charset=utf-8" />
  <meta name='ocr-system' content='tesseract 3.04.00' />
  <meta name='ocr-capabilities' content='ocr_page ocr_carea ocr_par ocr_line ocrx_word'/>
</head>
<body>
  <div class='ocr_page' id='page_1' title='image "./novaelectionesq00cobegoog/novaelectionesq00cobegoog_0467.png"; bbox 0 0 2940 5010; ppageno 0'>
   <div class='ocr_carea' id='block_1_1' title="bbox 695 252 759 315">
    <p class='ocr_par' dir='ltr' id='par_1_1' title="bbox 695 252 759 315">
     <span class='ocr_line' id='line_1_1' title="bbox 695 252 759 315; baseline -0.031 0"><span class='ocrx_word' id='word_1_1' title='bbox 695 252 759 315; x_wconf 70' lang='lat'>452</span> 
     </span>
    </p>
   </div>
   <div class='ocr_carea' id='block_1_2' title="bbox 137 424 1335 3552">
    <p class='ocr_par' dir='ltr' id='par_1_2' title="bbox 138 424 1334 832">
     <span class='ocr_line' id='line_1_2' title="bbox 141 424 1334 517; baseline -0.003 -19"><span class='ocrx_word' id='word_1_2' title='bbox 141 432 322 506; x_wconf 74' lang='grc' dir='ltr'><strong><em>τιινιιὲνιιεν,</em></strong></span> <span class='ocrx_word' id='word_1_3' title='bbox 354 428 541 506; x_wconf 73' lang='grc' dir='ltr'>ἡττηθέντων</span> <span class='ocrx_word' id='word_1_4' title='bbox 571 429 603 494; x_wconf 78' lang='grc' dir='ltr'>δὲ</span> <span class='ocrx_word' id='word_1_5' title='bbox 631 428 761 517; x_wconf 71' lang='grc' dir='ltr'>[αὐτῶν]</span> <span class='ocrx_word' id='word_1_6' title='bbox 785 425 880 499; x_wconf 72' lang='grc' dir='ltr'>οὐδεὶς</span> <span class='ocrx_word' id='word_1_7' title='bbox 904 424 943 490; x_wconf 76' lang='grc' dir='ltr'>ἂν</span> <span class='ocrx_word' id='word_1_8' title='bbox 966 425 1128 509; x_wconf 68' lang='grc' dir='ltr'><strong><em>λειφθείη,</em></strong></span> <span class='ocrx_word' id='word_1_9' title='bbox 1153 444 1250 491; x_wconf 82' lang='lat' dir='ltr'>nemo</span> <span class='ocrx_word' id='word_1_10' title='bbox 1275 427 1334 495; x_wconf 83' lang='lat' dir='ltr'>Ve-</span> 
     </span>
     <span class='ocr_line' id='line_1_3' title="bbox 141 528 1332 621; baseline -0.003 -19"><span class='ocrx_word' id='word_1_11' title='bbox 141 547 246 603; x_wconf 87' lang='lat' dir='ltr'>terum</span> <span class='ocrx_word' id='word_1_12' title='bbox 272 536 304 601; x_wconf 90' lang='lat' dir='ltr'>in</span> <span class='ocrx_word' id='word_1_13' title='bbox 326 532 510 601; x_wconf 87' lang='lat' dir='ltr'>huiusmodi</span> <span class='ocrx_word' id='word_1_14' title='bbox 530 533 727 621; x_wconf 86' lang='lat' dir='ltr'>oppositione</span> <span class='ocrx_word' id='word_1_15' title='bbox 747 550 921 619; x_wconf 78' lang='lat' dir='ltr'><strong>pronomen</strong></span> <span class='ocrx_word' id='word_1_16' title='bbox 942 528 1051 608; x_wconf 82' lang='lat' dir='ltr'>addit,</span> <span class='ocrx_word' id='word_1_17' title='bbox 1073 529 1130 597; x_wconf 87' lang='lat' dir='ltr'>sod</span> <span class='ocrx_word' id='word_1_18' title='bbox 1154 532 1332 616; x_wconf 75' lang='lat' dir='ltr'>magistelli</span> 
     </span>
     <span class='ocr_line' id='line_1_4' title="bbox 138 634 1331 724; baseline -0.003 -17"><span class='ocrx_word' id='word_1_19' title='bbox 138 662 212 707; x_wconf 84' lang='lat' dir='ltr'>raro</span> <span class='ocrx_word' id='word_1_20' title='bbox 233 641 400 706; x_wconf 74' lang='lat' dir='ltr'>continent</span> <span class='ocrx_word' id='word_1_21' title='bbox 428 659 498 705; x_wconf 86' lang='lat' dir='ltr'>sese</span> <span class='ocrx_word' id='word_1_22' title='bbox 519 657 582 724; x_wconf 83' lang='lat' dir='ltr'>quo</span> <span class='ocrx_word' id='word_1_23' title='bbox 606 638 716 704; x_wconf 90' lang='lat' dir='ltr'>minus</span> <span class='ocrx_word' id='word_1_24' title='bbox 738 635 923 704; x_wconf 78' lang='lat' dir='ltr'>adscribant</span> <span class='ocrx_word' id='word_1_25' title='bbox 943 635 983 703; x_wconf 90' lang='lat' dir='ltr'>de</span> <span class='ocrx_word' id='word_1_26' title='bbox 1005 656 1075 703; x_wconf 89' lang='lat' dir='ltr'>suo.</span> <span class='ocrx_word' id='word_1_27' title='bbox 1122 634 1262 723; x_wconf 82' lang='lat' dir='ltr'>Saepius</span> <span class='ocrx_word' id='word_1_28' title='bbox 1284 648 1331 705; x_wconf 84' lang='lat' dir='ltr'>ta·</span> 
     </span>
     <span class='ocr_line' id='line_1_5' title="bbox 139 744 685 832; baseline -0.007 -20"><span class='ocrx_word' id='word_1_29' title='bbox 139 746 181 812; x_wconf 89' lang='lat' dir='ltr'>lia</span> <span class='ocrx_word' id='word_1_30' title='bbox 207 747 239 811; x_wconf 93' lang='lat' dir='ltr'>in</span> <span class='ocrx_word' id='word_1_31' title='bbox 266 745 474 832; x_wconf 78' lang='lat' dir='ltr'>Xenophonte</span> <span class='ocrx_word' id='word_1_32' title='bbox 496 744 685 810; x_wconf 84' lang='lat' dir='ltr'>notavimus.</span> 
     </span>
    </p>

    <p class='ocr_par' dir='ltr' id='par_1_3' title="bbox 137 845 1335 3552">
     <span class='ocr_line' id='line_1_6' title="bbox 183 845 1333 935; baseline 0 -18"><span class='ocrx_word' id='word_1_33' title='bbox 183 851 263 918; x_wconf 87' lang='lat' dir='ltr'>lbid.</span> <span class='ocrx_word' id='word_1_34' title='bbox 288 849 354 929; x_wconf 72' lang='lat' dir='ltr'>§il</span> <span class='ocrx_word' id='word_1_35' title='bbox 378 847 447 917; x_wconf 82' lang='grc' dir='ltr'><strong><em>εἶτε</em></strong></span> <span class='ocrx_word' id='word_1_36' title='bbox 471 851 503 916; x_wconf 76' lang='grc' dir='ltr'>δὲ</span> <span class='ocrx_word' id='word_1_37' title='bbox 524 845 544 914; x_wconf 74' lang='grc' dir='ltr'><em>ὅ</em></span> <span class='ocrx_word' id='word_1_38' title='bbox 548 874 605 927; x_wconf 91' lang='grc' dir='ltr'>τι,</span> <span class='ocrx_word' id='word_1_39' title='bbox 627 848 752 916; x_wconf 64' lang='lat' dir='ltr'>tractio</span> <span class='ocrx_word' id='word_1_40' title='bbox 774 847 899 930; x_wconf 76' lang='lat' dir='ltr'>rdxtsat</span> <span class='ocrx_word' id='word_1_41' title='bbox 922 852 940 926; x_wconf 78' lang='lat' dir='ltr'>ti</span> <span class='ocrx_word' id='word_1_42' title='bbox 961 849 1092 930; x_wconf 69' lang='lat' dir='ltr'>socrate</span> <span class='ocrx_word' id='word_1_43' title='bbox 1116 847 1217 935; x_wconf 58' lang='grc' dir='ltr'><strong><em>λήξῃ,</em></strong></span> <span class='ocrx_word' id='word_1_44' title='bbox 1239 852 1333 924; x_wconf 69' lang='grc' dir='ltr'><strong><em>εὐθὺς</em></strong></span> 
     </span>
     <span class='ocr_line' id='line_1_7' title="bbox 137 952 1334 1037; baseline -0.003 -12"><span class='ocrx_word' id='word_1_45' title='bbox 137 956 402 1037; x_wconf 72' lang='grc' dir='ltr'><strong><em>ἀποπέμψειν</em></strong></span> <span class='ocrx_word' id='word_1_46' title='bbox 433 955 550 1029; x_wconf 70' lang='grc' dir='ltr'><strong><em>αὐτόν,</em></strong></span> <span class='ocrx_word' id='word_1_47' title='bbox 585 952 766 1020; x_wconf 85' lang='lat' dir='ltr'>abutuntur</span> <span class='ocrx_word' id='word_1_48' title='bbox 797 954 857 1019; x_wconf 85' lang='lat' dir='ltr'>viri</span> <span class='ocrx_word' id='word_1_49' title='bbox 882 953 967 1019; x_wconf 91' lang='lat' dir='ltr'>docti</span> <span class='ocrx_word' id='word_1_50' title='bbox 1004 953 1117 1022; x_wconf 87' lang='lat' dir='ltr'>multis</span> <span class='ocrx_word' id='word_1_51' title='bbox 1148 954 1334 1023; x_wconf 88' lang='lat' dir='ltr'>multorum</span> 
     </span>
     <span class='ocr_line' id='line_1_8' title="bbox 140 1055 1332 1142; baseline -0.003 -12"><span class='ocrx_word' id='word_1_52' title='bbox 140 1064 217 1130; x_wconf 90' lang='lat' dir='ltr'>locis</span> <span class='ocrx_word' id='word_1_53' title='bbox 240 1059 279 1127; x_wconf 88' lang='lat' dir='ltr'>ad</span> <span class='ocrx_word' id='word_1_54' title='bbox 301 1059 607 1127; x_wconf 87' lang='lat' dir='ltr'>demonstrandum:</span> <span class='ocrx_word' id='word_1_55' title='bbox 632 1055 717 1126; x_wconf 75' lang='grc' dir='ltr'><strong><em>εἶτεν</em></strong></span> <span class='ocrx_word' id='word_1_56' title='bbox 737 1056 797 1126; x_wconf 72' lang='grc' dir='ltr'>ὅτι</span> <span class='ocrx_word' id='word_1_57' title='bbox 822 1060 1092 1142; x_wconf 64' lang='grc' dir='ltr'><strong><em>ἐπιπέμψειν</em></strong></span> <span class='ocrx_word' id='word_1_58' title='bbox 1123 1058 1205 1125; x_wconf 90' lang='lat' dir='ltr'>nibil</span> <span class='ocrx_word' id='word_1_59' title='bbox 1229 1056 1332 1129; x_wconf 81' lang='lat' dir='ltr'>olion·</span> 
     </span>
     <span class='ocr_line' id='line_1_9' title="bbox 137 1164 1335 1251; baseline -0.002 -16"><span class='ocrx_word' id='word_1_60' title='bbox 137 1169 237 1235; x_wconf 88' lang='lat' dir='ltr'>sionis</span> <span class='ocrx_word' id='word_1_61' title='bbox 259 1166 386 1233; x_wconf 91' lang='lat' dir='ltr'>habere.</span> <span class='ocrx_word' id='word_1_62' title='bbox 423 1167 559 1231; x_wconf 77' lang='lat' dir='ltr'>acervos</span> <span class='ocrx_word' id='word_1_63' title='bbox 583 1165 825 1231; x_wconf 77' lang='lat' dir='ltr'>annotationum</span> <span class='ocrx_word' id='word_1_64' title='bbox 852 1164 1020 1232; x_wconf 86' lang='lat' dir='ltr'>cumulant</span> <span class='ocrx_word' id='word_1_65' title='bbox 1044 1164 1099 1233; x_wconf 91' lang='lat' dir='ltr'>ubi</span> <span class='ocrx_word' id='word_1_66' title='bbox 1125 1164 1335 1251; x_wconf 77' lang='lat' dir='ltr'>-plenissime</span> 
     </span>
     <span class='ocr_line' id='line_1_10' title="bbox 138 1269 1333 1359; baseline -0.002 -20"><span class='ocrx_word' id='word_1_67' title='bbox 138 1276 176 1341; x_wconf 86' lang='lat' dir='ltr'>do</span> <span class='ocrx_word' id='word_1_68' title='bbox 198 1272 244 1340; x_wconf 72' lang='lat' dir='ltr'>ira</span> <span class='ocrx_word' id='word_1_69' title='bbox 266 1272 458 1359; x_wconf 75' lang='lat' dir='ltr'>infinitivam</span> <span class='ocrx_word' id='word_1_70' title='bbox 479 1282 604 1358; x_wconf 77' lang='lat' dir='ltr'>repente</span> <span class='ocrx_word' id='word_1_71' title='bbox 621 1280 727 1337; x_wconf 83' lang='lat' dir='ltr'>actum</span> <span class='ocrx_word' id='word_1_72' title='bbox 746 1271 843 1336; x_wconf 84' lang='lat' dir='ltr'>ecse”</span> <span class='ocrx_word' id='word_1_73' title='bbox 867 1269 1040 1337; x_wconf 85' lang='lat' dir='ltr'>affirmant.</span> <span class='ocrx_word' id='word_1_74' title='bbox 1089 1269 1124 1337; x_wconf 91' lang='lat' dir='ltr'>Si</span> <span class='ocrx_word' id='word_1_75' title='bbox 1144 1288 1198 1337; x_wconf 88' lang='lat' dir='ltr'>res</span> <span class='ocrx_word' id='word_1_76' title='bbox 1218 1278 1333 1339; x_wconf 78' lang='lat' dir='ltr'>auclo-</span> 
     </span>
     <span class='ocr_line' id='line_1_11' title="bbox 139 1373 1334 1463; baseline 0 -19"><span class='ocrx_word' id='word_1_77' title='bbox 139 1377 291 1445; x_wconf 86' lang='lat' dir='ltr'>ritatibus</span> <span class='ocrx_word' id='word_1_78' title='bbox 316 1376 571 1463; x_wconf 82' lang='lat' dir='ltr'>testimoniisque</span> <span class='ocrx_word' id='word_1_79' title='bbox 603 1374 802 1443; x_wconf 87' lang='lat' dir='ltr'>conficienda</span> <span class='ocrx_word' id='word_1_80' title='bbox 825 1385 912 1442; x_wconf 91' lang='lat' dir='ltr'>esset</span> <span class='ocrx_word' id='word_1_81' title='bbox 942 1376 1091 1462; x_wconf 89' lang='lat' dir='ltr'>iniquum</span> <span class='ocrx_word' id='word_1_82' title='bbox 1119 1373 1200 1442; x_wconf 85' lang='lat' dir='ltr'>milti</span> <span class='ocrx_word' id='word_1_83' title='bbox 1225 1384 1334 1444; x_wconf 77' lang='lat' dir='ltr'>certa·</span> 
     </span>
     <span class='ocr_line' id='line_1_12' title="bbox 140 1479 1334 1568; baseline -0.003 -17"><span class='ocrx_word' id='word_1_84' title='bbox 140 1503 212 1551; x_wconf 83' lang='lat' dir='ltr'>men</span> <span class='ocrx_word' id='word_1_85' title='bbox 248 1481 346 1561; x_wconf 82' lang='lat' dir='ltr'>locet,</span> <span class='ocrx_word' id='word_1_86' title='bbox 379 1502 518 1568; x_wconf 89' lang='lat' dir='ltr'>namque</span> <span class='ocrx_word' id='word_1_87' title='bbox 542 1500 637 1547; x_wconf 91' lang='lat' dir='ltr'>nemo</span> <span class='ocrx_word' id='word_1_88' title='bbox 667 1480 748 1547; x_wconf 91' lang='lat' dir='ltr'>mihi</span> <span class='ocrx_word' id='word_1_89' title='bbox 772 1479 891 1547; x_wconf 88' lang='lat' dir='ltr'>auxilio</span> <span class='ocrx_word' id='word_1_90' title='bbox 917 1490 988 1559; x_wconf 90' lang='lat' dir='ltr'>est,</span> <span class='ocrx_word' id='word_1_91' title='bbox 1019 1489 1051 1547; x_wconf 90' lang='lat' dir='ltr'>et</span> <span class='ocrx_word' id='word_1_92' title='bbox 1074 1500 1150 1547; x_wconf 88' lang='lat' dir='ltr'>cum</span> <span class='ocrx_word' id='word_1_93' title='bbox 1177 1480 1334 1549; x_wconf 87' lang='lat' dir='ltr'>omuibus</span> 
     </span>
     <span class='ocr_line' id='line_1_13' title="bbox 140 1584 1333 1674; baseline -0.001 -19"><span class='ocrx_word' id='word_1_94' title='bbox 140 1590 237 1655; x_wconf 90' lang='lat' dir='ltr'>ctiam</span> <span class='ocrx_word' id='word_1_95' title='bbox 263 1607 338 1653; x_wconf 88' lang='lat' dir='ltr'>oum</span> <span class='ocrx_word' id='word_1_96' title='bbox 361 1586 601 1654; x_wconf 86' lang='lat' dir='ltr'>Valchenaeriis</span> <span class='ocrx_word' id='word_1_97' title='bbox 625 1585 905 1672; x_wconf 83' lang='lat' dir='ltr'>Heindorliisque,</span> <span class='ocrx_word' id='word_1_98' title='bbox 927 1585 1046 1673; x_wconf 89' lang='lat' dir='ltr'>quibus</span> <span class='ocrx_word' id='word_1_99' title='bbox 1064 1606 1124 1673; x_wconf 79' lang='lat' dir='ltr'>ego</span> <span class='ocrx_word' id='word_1_100' title='bbox 1148 1584 1333 1674; x_wconf 84' lang='lat' dir='ltr'>plurimum</span> 
     </span>
     <span class='ocr_line' id='line_1_14' title="bbox 143 1689 1333 1780; baseline -0.001 -19"><span class='ocrx_word' id='word_1_101' title='bbox 143 1692 270 1771; x_wconf 87' lang='lat' dir='ltr'>tribuo,</span> <span class='ocrx_word' id='word_1_102' title='bbox 293 1692 384 1759; x_wconf 79' lang='lat' dir='ltr'>rideo</span> <span class='ocrx_word' id='word_1_103' title='bbox 408 1692 489 1758; x_wconf 91' lang='lat' dir='ltr'>mibi</span> <span class='ocrx_word' id='word_1_104' title='bbox 513 1712 584 1759; x_wconf 88' lang='lat' dir='ltr'>esse</span> <span class='ocrx_word' id='word_1_105' title='bbox 615 1691 835 1780; x_wconf 79' lang='lat' dir='ltr'>pugnandum.</span> <span class='ocrx_word' id='word_1_106' title='bbox 884 1689 946 1758; x_wconf 88' lang='lat' dir='ltr'>Sed</span> <span class='ocrx_word' id='word_1_107' title='bbox 977 1692 1005 1757; x_wconf 88' lang='lat' dir='ltr'>si</span> <span class='ocrx_word' id='word_1_108' title='bbox 1029 1710 1106 1759; x_wconf 85' lang='lat' dir='ltr'>sana</span> <span class='ocrx_word' id='word_1_109' title='bbox 1140 1693 1270 1760; x_wconf 87' lang='lat' dir='ltr'>ratione</span> <span class='ocrx_word' id='word_1_110' title='bbox 1299 1700 1333 1760; x_wconf 82' lang='lat' dir='ltr'>ct</span> 
     </span>
     <span class='ocr_line' id='line_1_15' title="bbox 143 1795 1333 1887; baseline 0.001 -22"><span class='ocrx_word' id='word_1_111' title='bbox 143 1798 261 1865; x_wconf 91' lang='lat' dir='ltr'>iudicio</span> <span class='ocrx_word' id='word_1_112' title='bbox 280 1796 538 1865; x_wconf 87' lang='lat' dir='ltr'>contendendum</span> <span class='ocrx_word' id='word_1_113' title='bbox 560 1806 609 1864; x_wconf 89' lang='lat' dir='ltr'>cst</span> <span class='ocrx_word' id='word_1_114' title='bbox 638 1795 826 1864; x_wconf 81' lang='lat' dir='ltr'>secernendi</span> <span class='ocrx_word' id='word_1_115' title='bbox 850 1798 990 1883; x_wconf 88' lang='lat' dir='ltr'>primum</span> <span class='ocrx_word' id='word_1_116' title='bbox 1014 1806 1112 1864; x_wconf 84' lang='lat' dir='ltr'>erunt</span> <span class='ocrx_word' id='word_1_117' title='bbox 1137 1796 1200 1864; x_wconf 90' lang='lat' dir='ltr'>loci</span> <span class='ocrx_word' id='word_1_118' title='bbox 1231 1798 1333 1887; x_wconf 83' lang='lat' dir='ltr'>scrip</span> 
     </span>
     <span class='ocr_line' id='line_1_16' title="bbox 141 1901 1331 1990; baseline 0 -19"><span class='ocrx_word' id='word_1_119' title='bbox 141 1915 248 1971; x_wconf 90' lang='lat' dir='ltr'>torum</span> <span class='ocrx_word' id='word_1_120' title='bbox 271 1903 397 1970; x_wconf 85' lang='lat' dir='ltr'>minimi</span> <span class='ocrx_word' id='word_1_121' title='bbox 422 1903 518 1990; x_wconf 90' lang='lat' dir='ltr'>pretii</span> <span class='ocrx_word' id='word_1_122' title='bbox 543 1911 576 1969; x_wconf 89' lang='lat' dir='ltr'>ct</span> <span class='ocrx_word' id='word_1_123' title='bbox 599 1901 675 1969; x_wconf 90' lang='lat' dir='ltr'>solis</span> <span class='ocrx_word' id='word_1_124' title='bbox 698 1902 844 1969; x_wconf 83' lang='lat' dir='ltr'>classicis</span> <span class='ocrx_word' id='word_1_125' title='bbox 867 1902 1121 1989; x_wconf 88' lang='lat' dir='ltr'>permittendum</span> <span class='ocrx_word' id='word_1_126' title='bbox 1143 1904 1331 1971; x_wconf 81' lang='lat' dir='ltr'>testimonis</span> 
     </span>
     <span class='ocr_line' id='line_1_17' title="bbox 141 2006 1331 2094; baseline 0 -18"><span class='ocrx_word' id='word_1_127' title='bbox 141 2011 258 2078; x_wconf 90' lang='lat' dir='ltr'>dicere.</span> <span class='ocrx_word' id='word_1_128' title='bbox 306 2006 397 2091; x_wconf 88' lang='lat' dir='ltr'>Quod</span> <span class='ocrx_word' id='word_1_129' title='bbox 425 2006 480 2074; x_wconf 89' lang='lat' dir='ltr'>ubi</span> <span class='ocrx_word' id='word_1_130' title='bbox 501 2006 616 2075; x_wconf 84' lang='lat' dir='ltr'>leceris</span> <span class='ocrx_word' id='word_1_131' title='bbox 641 2014 673 2075; x_wconf 88' lang='lat' dir='ltr'>et</span> <span class='ocrx_word' id='word_1_132' title='bbox 696 2007 840 2093; x_wconf 82' lang='lat' dir='ltr'>singulos</span> <span class='ocrx_word' id='word_1_133' title='bbox 864 2006 949 2073; x_wconf 89' lang='lat' dir='ltr'>locos</span> <span class='ocrx_word' id='word_1_134' title='bbox 975 2006 1196 2094; x_wconf 84' lang='lat' dir='ltr'>probatissimi</span> <span class='ocrx_word' id='word_1_135' title='bbox 1220 2010 1331 2076; x_wconf 86' lang='lat' dir='ltr'>cuins·</span> 
     </span>
     <span class='ocr_line' id='line_1_18' title="bbox 143 2111 1331 2204; baseline -0.001 -21"><span class='ocrx_word' id='word_1_136' title='bbox 143 2137 205 2204; x_wconf 86' lang='lat' dir='ltr'>que</span> <span class='ocrx_word' id='word_1_137' title='bbox 236 2113 404 2202; x_wconf 87' lang='lat' dir='ltr'>scriptoris</span> <span class='ocrx_word' id='word_1_138' title='bbox 432 2111 604 2199; x_wconf 75' lang='lat' dir='ltr'>diligenter</span> <span class='ocrx_word' id='word_1_139' title='bbox 633 2114 813 2181; x_wconf 85' lang='lat' dir='ltr'>excusseris</span> <span class='ocrx_word' id='word_1_140' title='bbox 844 2111 959 2179; x_wconf 90' lang='lat' dir='ltr'>bonam</span> <span class='ocrx_word' id='word_1_141' title='bbox 982 2122 1108 2200; x_wconf 88' lang='lat' dir='ltr'>portem</span> <span class='ocrx_word' id='word_1_142' title='bbox 1131 2114 1222 2180; x_wconf 83' lang='lat' dir='ltr'>vitiis</span> <span class='ocrx_word' id='word_1_143' title='bbox 1245 2134 1331 2183; x_wconf 80' lang='lat' dir='ltr'>meu·</span> 
     </span>
     <span class='ocr_line' id='line_1_19' title="bbox 141 2218 1331 2308; baseline 0 -21"><span class='ocrx_word' id='word_1_144' title='bbox 141 2221 255 2308; x_wconf 88' lang='lat' dir='ltr'>disque</span> <span class='ocrx_word' id='word_1_145' title='bbox 268 2219 418 2287; x_wconf 88' lang='lat' dir='ltr'>inlectam</span> <span class='ocrx_word' id='word_1_146' title='bbox 439 2237 508 2285; x_wconf 85' lang='lat' dir='ltr'>esse</span> <span class='ocrx_word' id='word_1_147' title='bbox 529 2219 723 2306; x_wconf 81' lang='lat' dir='ltr'>comperies,</span> <span class='ocrx_word' id='word_1_148' title='bbox 744 2225 951 2305; x_wconf 88' lang='lat' dir='ltr'>caeterosque</span> <span class='ocrx_word' id='word_1_149' title='bbox 970 2227 1026 2285; x_wconf 88' lang='lat' dir='ltr'>aut</span> <span class='ocrx_word' id='word_1_150' title='bbox 1044 2238 1102 2305; x_wconf 90' lang='lat' dir='ltr'>per</span> <span class='ocrx_word' id='word_1_151' title='bbox 1121 2218 1246 2287; x_wconf 83' lang='lat' dir='ltr'>multas</span> <span class='ocrx_word' id='word_1_152' title='bbox 1266 2240 1331 2287; x_wconf 82' lang='lat' dir='ltr'>am·</span> 
     </span>
     <span class='ocr_line' id='line_1_20' title="bbox 142 2322 1331 2412; baseline 0.003 -21"><span class='ocrx_word' id='word_1_153' title='bbox 142 2325 239 2412; x_wconf 80' lang='lat' dir='ltr'>bages</span> <span class='ocrx_word' id='word_1_154' title='bbox 263 2325 390 2410; x_wconf 77' lang='lat' dir='ltr'>longius</span> <span class='ocrx_word' id='word_1_155' title='bbox 418 2332 578 2390; x_wconf 85' lang='lat' dir='ltr'>extractos</span> <span class='ocrx_word' id='word_1_156' title='bbox 610 2323 863 2410; x_wconf 88' lang='lat' dir='ltr'>intricatosque,</span> <span class='ocrx_word' id='word_1_157' title='bbox 892 2334 949 2389; x_wconf 89' lang='lat' dir='ltr'>aut</span> <span class='ocrx_word' id='word_1_158' title='bbox 979 2322 1154 2391; x_wconf 84' lang='lat' dir='ltr'>artificiose</span> <span class='ocrx_word' id='word_1_159' title='bbox 1183 2333 1219 2393; x_wconf 86' lang='lat' dir='ltr'>ot</span> <span class='ocrx_word' id='word_1_160' title='bbox 1248 2324 1331 2393; x_wconf 81' lang='lat' dir='ltr'>labo·</span> 
     </span>
     <span class='ocr_line' id='line_1_21' title="bbox 143 2428 1331 2517; baseline 0 -20"><span class='ocrx_word' id='word_1_161' title='bbox 143 2433 226 2497; x_wconf 88' lang='lat' dir='ltr'>riose</span> <span class='ocrx_word' id='word_1_162' title='bbox 255 2429 468 2517; x_wconf 87' lang='lat' dir='ltr'>compositos,</span> <span class='ocrx_word' id='word_1_163' title='bbox 502 2428 623 2515; x_wconf 89' lang='lat' dir='ltr'>inquo</span> <span class='ocrx_word' id='word_1_164' title='bbox 653 2447 769 2514; x_wconf 82' lang='lat' dir='ltr'>genere</span> <span class='ocrx_word' id='word_1_165' title='bbox 800 2429 844 2495; x_wconf 83' lang='grc' dir='ltr'>τιὶ</span> <span class='ocrx_word' id='word_1_166' title='bbox 877 2428 1071 2495; x_wconf 70' lang='grc' dir='ltr'>ἀνακόλουθα</span> <span class='ocrx_word' id='word_1_167' title='bbox 1106 2428 1271 2515; x_wconf 86' lang='lat' dir='ltr'>pullulant</span> <span class='ocrx_word' id='word_1_168' title='bbox 1299 2438 1331 2499; x_wconf 83' lang='lat' dir='ltr'>et</span> 
     </span>
     <span class='ocr_line' id='line_1_22' title="bbox 143 2533 1331 2622; baseline 0.002 -20"><span class='ocrx_word' id='word_1_169' title='bbox 143 2535 296 2622; x_wconf 85' lang='lat' dir='ltr'>amphora</span> <span class='ocrx_word' id='word_1_170' title='bbox 319 2533 423 2622; x_wconf 89' lang='lat' dir='ltr'>coepit</span> <span class='ocrx_word' id='word_1_171' title='bbox 448 2534 574 2600; x_wconf 89' lang='lat' dir='ltr'>institui</span> <span class='ocrx_word' id='word_1_172' title='bbox 605 2541 756 2601; x_wconf 90' lang='lat' dir='ltr'>currente</span> <span class='ocrx_word' id='word_1_173' title='bbox 780 2541 849 2600; x_wconf 91' lang='lat' dir='ltr'>rota</span> <span class='ocrx_word' id='word_1_174' title='bbox 873 2534 951 2600; x_wconf 85' lang='lat' dir='ltr'>exiit</span> <span class='ocrx_word' id='word_1_175' title='bbox 973 2553 1113 2613; x_wconf 90' lang='lat' dir='ltr'>urceus,</span> <span class='ocrx_word' id='word_1_176' title='bbox 1137 2534 1170 2601; x_wconf 88' lang='lat' dir='ltr'>id</span> <span class='ocrx_word' id='word_1_177' title='bbox 1195 2546 1248 2603; x_wconf 88' lang='lat' dir='ltr'>est</span> <span class='ocrx_word' id='word_1_178' title='bbox 1270 2534 1331 2604; x_wconf 82' lang='lat' dir='ltr'>olis</span> 
     </span>
     <span class='ocr_line' id='line_1_23' title="bbox 145 2639 1328 2728; baseline 0.003 -22"><span class='ocrx_word' id='word_1_179' title='bbox 145 2640 245 2706; x_wconf 83' lang='lat' dir='ltr'>lorma</span> <span class='ocrx_word' id='word_1_180' title='bbox 270 2640 421 2706; x_wconf 88' lang='lat' dir='ltr'>instituta</span> <span class='ocrx_word' id='word_1_181' title='bbox 447 2639 550 2705; x_wconf 87' lang='lat' dir='ltr'>oratio</span> <span class='ocrx_word' id='word_1_182' title='bbox 578 2639 640 2706; x_wconf 89' lang='lat' dir='ltr'>alia</span> <span class='ocrx_word' id='word_1_183' title='bbox 670 2650 740 2728; x_wconf 90' lang='lat' dir='ltr'>post</span> <span class='ocrx_word' id='word_1_184' title='bbox 768 2641 944 2726; x_wconf 79' lang='lat' dir='ltr'>longiorem</span> <span class='ocrx_word' id='word_1_185' title='bbox 974 2640 1145 2707; x_wconf 78' lang='lat' dir='ltr'>verborum</span> <span class='ocrx_word' id='word_1_186' title='bbox 1170 2640 1328 2711; x_wconf 87' lang='lat' dir='ltr'>ambitum</span> 
     </span>
     <span class='ocr_line' id='line_1_24' title="bbox 143 2743 1330 2832; baseline 0.002 -21"><span class='ocrx_word' id='word_1_187' title='bbox 143 2745 288 2812; x_wconf 87' lang='lat' dir='ltr'>absoluta</span> <span class='ocrx_word' id='word_1_188' title='bbox 312 2753 371 2811; x_wconf 90' lang='lat' dir='ltr'>cst.</span> <span class='ocrx_word' id='word_1_189' title='bbox 419 2743 480 2810; x_wconf 90' lang='lat' dir='ltr'>Sed</span> <span class='ocrx_word' id='word_1_190' title='bbox 505 2746 538 2810; x_wconf 90' lang='lat' dir='ltr'>in</span> <span class='ocrx_word' id='word_1_191' title='bbox 562 2744 614 2810; x_wconf 88' lang='lat' dir='ltr'>his</span> <span class='ocrx_word' id='word_1_192' title='bbox 636 2746 766 2832; x_wconf 86' lang='lat' dir='ltr'>quidem</span> <span class='ocrx_word' id='word_1_193' title='bbox 794 2745 872 2811; x_wconf 92' lang='lat' dir='ltr'>nihil</span> <span class='ocrx_word' id='word_1_194' title='bbox 894 2753 944 2812; x_wconf 87' lang='lat' dir='ltr'>est</span> <span class='ocrx_word' id='word_1_195' title='bbox 965 2745 1050 2832; x_wconf 90' lang='lat' dir='ltr'>quod</span> <span class='ocrx_word' id='word_1_196' title='bbox 1070 2746 1246 2832; x_wconf 88' lang='lat' dir='ltr'>quisquam</span> <span class='ocrx_word' id='word_1_197' title='bbox 1270 2747 1330 2813; x_wconf 84' lang='lat' dir='ltr'>mi·</span> 
     </span>
     <span class='ocr_line' id='line_1_25' title="bbox 145 2849 1329 2938; baseline 0 -21"><span class='ocrx_word' id='word_1_198' title='bbox 145 2860 245 2918; x_wconf 87' lang='lat' dir='ltr'>retur.</span> <span class='ocrx_word' id='word_1_199' title='bbox 294 2850 359 2916; x_wconf 87' lang='lat' dir='ltr'>lloc</span> <span class='ocrx_word' id='word_1_200' title='bbox 375 2859 422 2916; x_wconf 92' lang='lat' dir='ltr'>cst</span> <span class='ocrx_word' id='word_1_201' title='bbox 441 2849 587 2917; x_wconf 88' lang='lat' dir='ltr'>mirabile</span> <span class='ocrx_word' id='word_1_202' title='bbox 610 2859 643 2917; x_wconf 90' lang='lat' dir='ltr'>et</span> <span class='ocrx_word' id='word_1_203' title='bbox 666 2852 804 2938; x_wconf 89' lang='lat' dir='ltr'>portenti</span> <span class='ocrx_word' id='word_1_204' title='bbox 827 2852 945 2927; x_wconf 87' lang='lat' dir='ltr'>instar,</span> <span class='ocrx_word' id='word_1_205' title='bbox 970 2851 996 2916; x_wconf 92' lang='lat' dir='ltr'>si</span> <span class='ocrx_word' id='word_1_206' title='bbox 1017 2851 1091 2937; x_wconf 88' lang='lat' dir='ltr'>quis</span> <span class='ocrx_word' id='word_1_207' title='bbox 1112 2851 1196 2917; x_wconf 87' lang='lat' dir='ltr'>serio</span> <span class='ocrx_word' id='word_1_208' title='bbox 1221 2850 1329 2919; x_wconf 88' lang='lat' dir='ltr'>credet</span> 
     </span>
     <span class='ocr_line' id='line_1_26' title="bbox 144 2954 1330 3041; baseline 0.001 -19"><span class='ocrx_word' id='word_1_209' title='bbox 144 2966 232 3024; x_wconf 84' lang='lat' dir='ltr'>recle</span> <span class='ocrx_word' id='word_1_210' title='bbox 255 2956 377 3023; x_wconf 84' lang='lat' dir='ltr'>dictum</span> <span class='ocrx_word' id='word_1_211' title='bbox 409 2976 498 3023; x_wconf 87' lang='lat' dir='ltr'>esse:</span> <span class='ocrx_word' id='word_1_212' title='bbox 522 2954 608 3024; x_wconf 80' lang='grc' dir='ltr'><strong><em>εἶτεν</em></strong></span> <span class='ocrx_word' id='word_1_213' title='bbox 639 2954 713 3035; x_wconf 76' lang='grc' dir='ltr'><strong><em>ὅτι,</em></strong></span> <span class='ocrx_word' id='word_1_214' title='bbox 736 2957 862 3024; x_wconf 75' lang='grc' dir='ltr'><strong><em>ἐπειδὰν</em></strong></span> <span class='ocrx_word' id='word_1_215' title='bbox 883 2955 1008 3038; x_wconf 70' lang='grc' dir='ltr'><strong><em>τάχιςιι</em></strong></span> <span class='ocrx_word' id='word_1_216' title='bbox 1035 2959 1053 3033; x_wconf 76' lang='lat' dir='ltr'>d</span> <span class='ocrx_word' id='word_1_217' title='bbox 1078 2957 1210 3039; x_wconf 63' lang='lat' dir='ltr'>stavela</span> <span class='ocrx_word' id='word_1_218' title='bbox 1230 2954 1330 3041; x_wconf 63' lang='grc' dir='ltr'><strong><em>λήξῃ,</em></strong></span> 
     </span>
     <span class='ocr_line' id='line_1_27' title="bbox 144 3060 1330 3150; baseline 0.002 -23"><span class='ocrx_word' id='word_1_219' title='bbox 144 3063 230 3136; x_wconf 77' lang='grc' dir='ltr'><em>εὐθὺς</em></span> <span class='ocrx_word' id='word_1_220' title='bbox 258 3062 521 3145; x_wconf 66' lang='grc' dir='ltr'><strong><em>ἀποπέμψειν</em></strong></span> <span class='ocrx_word' id='word_1_221' title='bbox 550 3063 666 3136; x_wconf 72' lang='grc' dir='ltr'><strong><em>αὐτόν,</em></strong></span> <span class='ocrx_word' id='word_1_222' title='bbox 699 3061 806 3129; x_wconf 86' lang='lat' dir='ltr'>idest</span> <span class='ocrx_word' id='word_1_223' title='bbox 839 3062 872 3127; x_wconf 91' lang='lat' dir='ltr'>in</span> <span class='ocrx_word' id='word_1_224' title='bbox 905 3071 971 3127; x_wconf 83' lang='lat' dir='ltr'>lam</span> <span class='ocrx_word' id='word_1_225' title='bbox 1001 3061 1144 3148; x_wconf 85' lang='lat' dir='ltr'>simplici</span> <span class='ocrx_word' id='word_1_226' title='bbox 1175 3060 1330 3150; x_wconf 77' lang='lat' dir='ltr'>brevique</span> 
     </span>
     <span class='ocr_line' id='line_1_28' title="bbox 144 3164 1330 3252; baseline 0.002 -19"><span class='ocrx_word' id='word_1_227' title='bbox 144 3169 321 3246; x_wconf 88' lang='lat' dir='ltr'>sententia,</span> <span class='ocrx_word' id='word_1_228' title='bbox 347 3166 400 3233; x_wconf 87' lang='lat' dir='ltr'>ubi</span> <span class='ocrx_word' id='word_1_229' title='bbox 420 3167 529 3234; x_wconf 93' lang='lat' dir='ltr'>nullus</span> <span class='ocrx_word' id='word_1_230' title='bbox 550 3168 591 3235; x_wconf 90' lang='lat' dir='ltr'>sit</span> <span class='ocrx_word' id='word_1_231' title='bbox 605 3170 808 3252; x_wconf 71' lang='lat' dir='ltr'>dvamtoodlp</span> <span class='ocrx_word' id='word_1_232' title='bbox 828 3167 931 3244; x_wconf 87' lang='lat' dir='ltr'>locus,</span> <span class='ocrx_word' id='word_1_233' title='bbox 952 3167 1048 3232; x_wconf 89' lang='lat' dir='ltr'>istam</span> <span class='ocrx_word' id='word_1_234' title='bbox 1072 3167 1232 3234; x_wconf 84' lang='lat' dir='ltr'>rationem</span> <span class='ocrx_word' id='word_1_235' title='bbox 1254 3164 1330 3235; x_wconf 75' lang='lat' dir='ltr'>torn</span> 
     </span>
     <span class='ocr_line' id='line_1_29' title="bbox 145 3271 1331 3359; baseline 0.001 -21"><span class='ocrx_word' id='word_1_236' title='bbox 145 3293 246 3359; x_wconf 87' lang='lat' dir='ltr'>posse.</span> <span class='ocrx_word' id='word_1_237' title='bbox 295 3272 356 3354; x_wconf 83' lang='lat' dir='ltr'>Qui</span> <span class='ocrx_word' id='word_1_238' title='bbox 380 3272 464 3340; x_wconf 92' lang='lat' dir='ltr'>locos</span> <span class='ocrx_word' id='word_1_239' title='bbox 488 3294 505 3340; x_wconf 88' lang='lat' dir='ltr'>a</span> <span class='ocrx_word' id='word_1_240' title='bbox 527 3275 606 3340; x_wconf 87' lang='lat' dir='ltr'>viris</span> <span class='ocrx_word' id='word_1_241' title='bbox 638 3273 741 3340; x_wconf 90' lang='lat' dir='ltr'>doctis</span> <span class='ocrx_word' id='word_1_242' title='bbox 773 3272 930 3339; x_wconf 90' lang='lat' dir='ltr'>indicatos</span> <span class='ocrx_word' id='word_1_243' title='bbox 958 3271 1102 3357; x_wconf 82' lang='lat' dir='ltr'>singulos</span> <span class='ocrx_word' id='word_1_244' title='bbox 1135 3271 1331 3340; x_wconf 79' lang='lat' dir='ltr'>examinabit</span> 
     </span>
     <span class='ocr_line' id='line_1_30' title="bbox 144 3375 1328 3465; baseline 0.003 -22"><span class='ocrx_word' id='word_1_245' title='bbox 144 3375 360 3465; x_wconf 90' lang='lat' dir='ltr'>deprehendet</span> <span class='ocrx_word' id='word_1_246' title='bbox 399 3378 514 3445; x_wconf 87' lang='lat' dir='ltr'>vitium</span> <span class='ocrx_word' id='word_1_247' title='bbox 553 3377 748 3465; x_wconf 90' lang='lat' dir='ltr'>ubicumque</span> <span class='ocrx_word' id='word_1_248' title='bbox 779 3397 841 3444; x_wconf 91' lang='lat' dir='ltr'>noo</span> <span class='ocrx_word' id='word_1_249' title='bbox 876 3386 923 3444; x_wconf 88' lang='lat' dir='ltr'>est</span> <span class='ocrx_word' id='word_1_250' title='bbox 959 3375 1088 3463; x_wconf 85' lang='lat' dir='ltr'>aliquod</span> <span class='ocrx_word' id='word_1_251' title='bbox 1116 3378 1328 3446; x_wconf 70' lang='grc' dir='ltr'><strong><em>ἁνιινιόιιννινν.</em></strong></span> 
     </span>
     <span class='ocr_line' id='line_1_31' title="bbox 146 3481 1328 3552; baseline 0 -6"><span class='ocrx_word' id='word_1_252' title='bbox 146 3482 395 3549; x_wconf 86' lang='lat' dir='ltr'>Valcleoaerios</span> <span class='ocrx_word' id='word_1_253' title='bbox 425 3482 519 3549; x_wconf 79' lang='lat' dir='ltr'>affert</span> <span class='ocrx_word' id='word_1_254' title='bbox 550 3483 629 3549; x_wconf 89' lang='lat' dir='ltr'>duos</span> <span class='ocrx_word' id='word_1_255' title='bbox 664 3483 749 3549; x_wconf 89' lang='lat' dir='ltr'>locos</span> <span class='ocrx_word' id='word_1_256' title='bbox 781 3503 819 3549; x_wconf 83' lang='lat' dir='ltr'>ex</span> <span class='ocrx_word' id='word_1_257' title='bbox 851 3481 1022 3549; x_wconf 87' lang='lat' dir='ltr'>Hellenicis</span> <span class='ocrx_word' id='word_1_258' title='bbox 1044 3482 1083 3548; x_wconf 92' lang='lat' dir='ltr'>ll.</span> <span class='ocrx_word' id='word_1_259' title='bbox 1108 3502 1142 3548; x_wconf 90' lang='lat' dir='ltr'>n.</span> <span class='ocrx_word' id='word_1_260' title='bbox 1167 3487 1199 3550; x_wconf 77' lang='lat'>2.</span> <span class='ocrx_word' id='word_1_261' title='bbox 1232 3494 1266 3552; x_wconf 88' lang='lat' dir='ltr'>et</span> <span class='ocrx_word' id='word_1_262' title='bbox 1292 3482 1328 3547; x_wconf 84' lang='lat' dir='ltr'>V.</span> 
     </span>
    </p>
   </div>
   <div class='ocr_carea' id='block_1_3' title="bbox 142 3583 1329 4098">
    <p class='ocr_par' dir='ltr' id='par_1_4' title="bbox 142 3583 1329 4098">
     <span class='ocr_line' id='line_1_32' title="bbox 144 3583 1329 3674; baseline 0.002 -20"><span class='ocrx_word' id='word_1_263' title='bbox 144 3605 187 3654; x_wconf 83' lang='lat' dir='ltr'>tv.</span> <span class='ocrx_word' id='word_1_264' title='bbox 213 3592 265 3653; x_wconf 78' lang='lat'>55.</span> <span class='ocrx_word' id='word_1_265' title='bbox 313 3585 349 3650; x_wconf 88' lang='lat' dir='ltr'>ln</span> <span class='ocrx_word' id='word_1_266' title='bbox 370 3584 429 3652; x_wconf 87' lang='lat' dir='ltr'>hoc</span> <span class='ocrx_word' id='word_1_267' title='bbox 458 3587 614 3674; x_wconf 79' lang='lat' dir='ltr'>legitttrl</span> <span class='ocrx_word' id='word_1_268' title='bbox 641 3589 672 3654; x_wconf 74' lang='grc' dir='ltr'>δὲ</span> <span class='ocrx_word' id='word_1_269' title='bbox 697 3590 787 3654; x_wconf 77' lang='grc' dir='ltr'><strong><em>εἰπὼν</em></strong></span> <span class='ocrx_word' id='word_1_270' title='bbox 807 3586 852 3654; x_wconf 75' lang='grc' dir='ltr'>ὅτι</span> <span class='ocrx_word' id='word_1_271' title='bbox 876 3589 959 3655; x_wconf 76' lang='grc' dir='ltr'><strong><em>οὐδὲν</em></strong></span> <span class='ocrx_word' id='word_1_272' title='bbox 984 3588 1045 3663; x_wconf 71' lang='grc' dir='ltr'>ἂν,</span> <span class='ocrx_word' id='word_1_273' title='bbox 1070 3583 1086 3653; x_wconf 73' lang='grc' dir='ltr'>ὃ</span> <span class='ocrx_word' id='word_1_274' title='bbox 1107 3598 1147 3671; x_wconf 74' lang='grc' dir='ltr'>τῇ</span> <span class='ocrx_word' id='word_1_275' title='bbox 1176 3588 1268 3655; x_wconf 72' lang='grc' dir='ltr'><strong><em>πόλει</em></strong></span> <span class='ocrx_word' id='word_1_276' title='bbox 1284 3588 1329 3655; x_wconf 68' lang='grc' dir='ltr'>ὃν·</span> 
     </span>
     <span class='ocr_line' id='line_1_33' title="bbox 144 3692 1327 3781; baseline 0.002 -22"><span class='ocrx_word' id='word_1_277' title='bbox 144 3692 226 3769; x_wconf 76' lang='lat' dir='ltr'>nola,</span> <span class='ocrx_word' id='word_1_278' title='bbox 255 3693 412 3759; x_wconf 70' lang='grc' dir='ltr'><strong><em>ἀντειπεῖν</em></strong></span> <span class='ocrx_word' id='word_1_279' title='bbox 437 3693 686 3776; x_wconf 76' lang='grc' dir='ltr'><strong><em>παρεσκευάζετο</em></strong></span> <span class='ocrx_word' id='word_1_280' title='bbox 709 3697 752 3768; x_wconf 76' lang='grc' dir='ltr'>εἷς</span> <span class='ocrx_word' id='word_1_281' title='bbox 780 3697 834 3770; x_wconf 66' lang='grc' dir='ltr'>τὴν</span> <span class='ocrx_word' id='word_1_282' title='bbox 860 3693 977 3771; x_wconf 76' lang='grc' dir='ltr'>ἔξοδον,</span> <span class='ocrx_word' id='word_1_283' title='bbox 1011 3692 1240 3781; x_wconf 78' lang='lat' dir='ltr'>conmendium</span> <span class='ocrx_word' id='word_1_284' title='bbox 1265 3714 1327 3761; x_wconf 79' lang='lat' dir='ltr'>noo</span> 
     </span>
     <span class='ocr_line' id='line_1_34' title="bbox 144 3797 1327 3887; baseline 0.001 -22"><span class='ocrx_word' id='word_1_285' title='bbox 144 3797 342 3865; x_wconf 87' lang='lat' dir='ltr'>intellectum</span> <span class='ocrx_word' id='word_1_286' title='bbox 366 3799 488 3886; x_wconf 85' lang='lat' dir='ltr'>peperit</span> <span class='ocrx_word' id='word_1_287' title='bbox 519 3799 692 3866; x_wconf 83' lang='lat' dir='ltr'>absurdam</span> <span class='ocrx_word' id='word_1_288' title='bbox 721 3800 928 3887; x_wconf 86' lang='lat' dir='ltr'>scripturam.</span> <span class='ocrx_word' id='word_1_289' title='bbox 976 3799 1170 3879; x_wconf 69' lang='grc' dir='ltr'><strong><em>Ἀντιιιέγειν</em></strong></span> <span class='ocrx_word' id='word_1_290' title='bbox 1194 3800 1268 3883; x_wconf 63' lang='lat' dir='ltr'>rste</span> <span class='ocrx_word' id='word_1_291' title='bbox 1297 3824 1327 3867; x_wconf 92' lang='grc' dir='ltr'>τι</span> 
     </span>
     <span class='ocr_line' id='line_1_35' title="bbox 142 3902 1327 3991; baseline 0.002 -20"><span class='ocrx_word' id='word_1_292' title='bbox 142 3905 263 3971; x_wconf 87' lang='lat' dir='ltr'>dicitur</span> <span class='ocrx_word' id='word_1_293' title='bbox 279 3902 319 3969; x_wconf 89' lang='lat' dir='ltr'>de</span> <span class='ocrx_word' id='word_1_294' title='bbox 337 3923 391 3983; x_wconf 86' lang='lat' dir='ltr'>eo,</span> <span class='ocrx_word' id='word_1_295' title='bbox 414 3905 469 3991; x_wconf 79' lang='lat' dir='ltr'>qai</span> <span class='ocrx_word' id='word_1_296' title='bbox 489 3928 548 3970; x_wconf 82' lang='lat' dir='ltr'>aton</span> <span class='ocrx_word' id='word_1_297' title='bbox 561 3915 606 3970; x_wconf 85' lang='lat' dir='ltr'>est</span> <span class='ocrx_word' id='word_1_298' title='bbox 625 3905 705 3971; x_wconf 83' lang='lat' dir='ltr'>dicto</span> <span class='ocrx_word' id='word_1_299' title='bbox 725 3905 869 3983; x_wconf 82' lang='lat' dir='ltr'>audiens,</span> <span class='ocrx_word' id='word_1_300' title='bbox 885 3913 918 3971; x_wconf 88' lang='lat' dir='ltr'>et</span> <span class='ocrx_word' id='word_1_301' title='bbox 936 3906 1008 3987; x_wconf 75' lang='grc' dir='ltr'>πρὸς</span> <span class='ocrx_word' id='word_1_302' title='bbox 1029 3906 1112 3972; x_wconf 75' lang='grc' dir='ltr'><strong><em>οὐδὲν</em></strong></span> <span class='ocrx_word' id='word_1_303' title='bbox 1133 3906 1327 3986; x_wconf 62' lang='grc' dir='ltr'><strong><em>ιὶντιλὲγειν.</em></strong></span> 
     </span>
     <span class='ocr_line' id='line_1_36' title="bbox 143 4009 1328 4098; baseline 0.002 -23"><span class='ocrx_word' id='word_1_304' title='bbox 143 4011 170 4075; x_wconf 91' lang='lat' dir='ltr'>si</span> <span class='ocrx_word' id='word_1_305' title='bbox 194 4010 267 4097; x_wconf 88' lang='lat' dir='ltr'>qnis</span> <span class='ocrx_word' id='word_1_306' title='bbox 284 4030 343 4095; x_wconf 84' lang='lat' dir='ltr'>per</span> <span class='ocrx_word' id='word_1_307' title='bbox 365 4010 468 4076; x_wconf 79' lang='lat' dir='ltr'>ornnio</span> <span class='ocrx_word' id='word_1_308' title='bbox 498 4011 674 4098; x_wconf 82' lang='lat' dir='ltr'>obsequitur</span> <span class='ocrx_word' id='word_1_309' title='bbox 696 4019 727 4077; x_wconf 90' lang='lat' dir='ltr'>ot</span> <span class='ocrx_word' id='word_1_310' title='bbox 749 4010 959 4096; x_wconf 85' lang='lat' dir='ltr'>obtemperat,</span> <span class='ocrx_word' id='word_1_311' title='bbox 981 4009 1039 4078; x_wconf 89' lang='lat' dir='ltr'>sed</span> <span class='ocrx_word' id='word_1_312' title='bbox 1065 4011 1149 4077; x_wconf 76' lang='grc' dir='ltr'><strong><em>οὐδὲν</em></strong></span> <span class='ocrx_word' id='word_1_313' title='bbox 1171 4013 1328 4079; x_wconf 68' lang='grc' dir='ltr'><strong><em>ἀντειπεῖν</em></strong></span> 
     </span>
    </p>
   </div>
   <div class='ocr_carea' id='block_1_4' title="bbox 80 4114 1329 4402">
    <p class='ocr_par' dir='ltr' id='par_1_5' title="bbox 80 4114 1329 4402">
     <span class='ocr_line' id='line_1_37' title="bbox 141 4114 1329 4203; baseline 0.003 -24"><span class='ocrx_word' id='word_1_314' title='bbox 141 4114 261 4180; x_wconf 88' lang='lat' dir='ltr'>dicitur</span> <span class='ocrx_word' id='word_1_315' title='bbox 293 4116 342 4194; x_wconf 88' lang='lat' dir='ltr'>is,</span> <span class='ocrx_word' id='word_1_316' title='bbox 374 4117 429 4203; x_wconf 87' lang='lat' dir='ltr'>qui</span> <span class='ocrx_word' id='word_1_317' title='bbox 462 4116 501 4183; x_wconf 90' lang='lat' dir='ltr'>ad</span> <span class='ocrx_word' id='word_1_318' title='bbox 525 4136 562 4184; x_wconf 90' lang='lat' dir='ltr'>ea</span> <span class='ocrx_word' id='word_1_319' title='bbox 587 4135 669 4202; x_wconf 90' lang='lat' dir='ltr'>quae</span> <span class='ocrx_word' id='word_1_320' title='bbox 698 4114 820 4183; x_wconf 88' lang='lat' dir='ltr'>audivit</span> <span class='ocrx_word' id='word_1_321' title='bbox 854 4133 1060 4202; x_wconf 84' lang='lat' dir='ltr'>quacumque</span> <span class='ocrx_word' id='word_1_322' title='bbox 1085 4115 1125 4183; x_wconf 92' lang='lat' dir='ltr'>de</span> <span class='ocrx_word' id='word_1_323' title='bbox 1152 4136 1253 4185; x_wconf 85' lang='lat' dir='ltr'>causa</span> <span class='ocrx_word' id='word_1_324' title='bbox 1284 4128 1329 4183; x_wconf 85' lang='lat' dir='ltr'>to·</span> 
     </span>
     <span class='ocr_line' id='line_1_38' title="bbox 80 4218 1329 4309; baseline 0.005 -25"><span class='ocrx_word' id='word_1_325' title='bbox 80 4280 82 4284; x_wconf 87' lang='lat'>.</span> <span class='ocrx_word' id='word_1_326' title='bbox 141 4222 212 4285; x_wconf 82' lang='lat' dir='ltr'>coit.</span> <span class='ocrx_word' id='word_1_327' title='bbox 260 4219 373 4307; x_wconf 82' lang='lat' dir='ltr'>ltaque</span> <span class='ocrx_word' id='word_1_328' title='bbox 397 4220 492 4288; x_wconf 84' lang='lat' dir='ltr'>redde</span> <span class='ocrx_word' id='word_1_329' title='bbox 517 4222 740 4309; x_wconf 79' lang='lat' dir='ltr'>Xenophonti:</span> <span class='ocrx_word' id='word_1_330' title='bbox 765 4223 778 4286; x_wconf 82' lang='grc' dir='ltr'><strong><em>ὁ</em></strong></span> <span class='ocrx_word' id='word_1_331' title='bbox 799 4221 829 4287; x_wconf 74' lang='grc' dir='ltr'>δὲ</span> <span class='ocrx_word' id='word_1_332' title='bbox 851 4221 941 4287; x_wconf 77' lang='grc' dir='ltr'><strong><em>εἰπὼν</em></strong></span> <span class='ocrx_word' id='word_1_333' title='bbox 966 4225 1039 4303; x_wconf 80' lang='grc' dir='ltr'>πρὸς</span> <span class='ocrx_word' id='word_1_334' title='bbox 1061 4222 1145 4289; x_wconf 75' lang='grc' dir='ltr'><strong><em>οὐδὲν</em></strong></span> <span class='ocrx_word' id='word_1_335' title='bbox 1168 4222 1231 4299; x_wconf 73' lang='grc' dir='ltr'>ἂν,</span> <span class='ocrx_word' id='word_1_336' title='bbox 1255 4218 1270 4289; x_wconf 74' lang='grc' dir='ltr'><strong>ὃ</strong></span> <span class='ocrx_word' id='word_1_337' title='bbox 1290 4232 1329 4303; x_wconf 75' lang='grc' dir='ltr'>τῇ</span> 
     </span>
     <span class='ocr_line' id='line_1_39' title="bbox 139 4327 562 4402; baseline 0.009 -12"><span class='ocrx_word' id='word_1_338' title='bbox 139 4328 227 4391; x_wconf 64' lang='grc' dir='ltr'><strong><em>πόλει</em></strong></span> <span class='ocrx_word' id='word_1_339' title='bbox 251 4327 368 4402; x_wconf 71' lang='lat' dir='ltr'>hoscola,</span> <span class='ocrx_word' id='word_1_340' title='bbox 394 4330 562 4397; x_wconf 78' lang='grc' dir='ltr'><strong><em>ιὶντειτεῖν.</em></strong></span> 
     </span>
    </p>
   </div>
   <div class='ocr_carea' id='block_1_5' title="bbox 0 0 1476 5010">
    <p class='ocr_par' dir='ltr' id='par_1_6' title="bbox 0 0 1476 5010">
     <span class='ocr_line' id='line_1_40' title="bbox 0 0 1476 5010; baseline 0 0"><span class='ocrx_word' id='word_1_341' title='bbox 0 0 1476 5010; x_wconf 95' lang='lat' dir='ltr'> </span> 
     </span>
    </p>
   </div>
  </div>
 </body>
</html>
