2940 5010
710 276 772 340 tsi

145 448 237 519 lxv.
271 470 301 538 p.
325 453 387 515 601
414 447 454 514 ll.
491 445 545 512 ubi
572 446 745 536 Eruperius
769 445 870 515 edidit
899 444 939 514 de
969 446 1110 535 Plluglrii
1142 447 1329 517 coniectura

145 557 192 628 ἔτι
215 557 246 623 ll
269 554 402 621 ἀποτον·
437 555 532 628 siric
562 556 621 634 μὲν
650 552 760 629 issem
791 556 824 621 mi
856 553 985 620 δυ’νοιτιιι
1009 552 1113 638 φέρειν
1144 554 1240 631 ἐνόους
1267 562 1329 623 τῶν

144 661 355 743 εὐτυχούντων
378 697 423 708 -
445 661 500 734 τὴν
523 659 555 725 δὲ
578 660 680 744 τθχινν
708 661 772 727 θεόν
803 656 895 726 οὗτοιν
917 657 1002 736 ἀξιοῖ
1026 666 1092 734 τοῖς
1123 663 1232 736 circle
1261 661 1331 728 τοθ·

144 791 206 841 τοις
228 765 321 848 ουζθν
350 762 426 847 ἀχρι
457 763 585 839 ποιντός.
633 765 719 832 Libri
742 764 893 832 exhibent
915 763 1031 832 ἀτοπον
1054 765 1084 830 si
1104 789 1153 840 τις
1175 766 1236 846 μὲν
1258 762 1332 833 lsa-

143 895 194 946 τος
222 873 256 938 ιθ
287 871 415 937 livam
439 870 559 953 φέρειν,
593 869 646 937 ubi
667 881 742 937 ΤΙΣ
765 889 804 938 ex
827 879 899 936 ΕΙΣ
924 877 1036 937 natum
1060 878 1131 949 est,
1164 890 1242 939 nam
1270 871 1333 940 bio

145 978 339 1065 scripserat:
362 974 408 1044 ἔτι
429 974 461 1040 δὲ
484 973 599 1042 ἀτοπον
629 978 656 1043 εἰ
688 973 746 1051 εἷς
776 977 834 1055 μὲν
857 972 968 1050 lassae
991 978 1024 1042 οὐ
1047 976 1178 1045 δυ’νοιτιοι
1211 976 1331 1062 φέρειν.

144 1083 259 1150 Contra
289 1083 322 1146 in
354 1079 522 1147 Aeschinis
556 1080 747 1149 Timarchea
778 1084 895 1168 5164.
928 1080 1002 1162 ἀνὴρ
1030 1076 1089 1155 εἷς
1111 1085 1173 1149 τῶν
1194 1086 1334 1149 πολιτῶν

145 1189 192 1278 (τό
223 1189 250 1254 δ’
280 1185 374 1265 θνομοι
406 1189 440 1252 οὐ
469 1184 560 1274 λέξον)
585 1225 629 1237 -
652 1186 784 1268 λέγεται
814 1187 900 1253 κιιτόι
927 1187 1078 1264 ουνθιὶκιις
1110 1172 1311 1269 ἧτοιιρννιόνιιι
1323 1234 1334 1265 ,

142 1291 371 1361 Graeculorum
403 1299 450 1356 est
474 1286 517 1366 εός
542 1311 600 1377 pro
622 1318 669 1367 τις
693 1291 800 1359 dicere
830 1291 915 1382 (vide
939 1288 1118 1357 lccnbsium
1139 1291 1180 1358 ml
1204 1290 1332 1358 belian.

142 1399 183 1466 ‹lc
206 1399 276 1466 list.
310 1397 416 1464 Anim.
449 1415 480 1482 p.
506 1401 585 1474 im,
609 1397 665 1485 θ),
697 1406 731 1463 οι
762 1394 889 1464 Oratori
912 1393 1131 1463 reddendum:
1154 1398 1232 1479 ἀνήρ
1265 1420 1333 1471 τις

142 1511 201 1573 τῶν
232 1507 373 1571 πολιτῶν.
421 1499 529 1567 nerle
564 1501 667 1569 obiter
701 1501 838 1570 Ilindnru
873 1500 982 1568 Siculc
1006 1501 1045 1568 x.
1069 1520 1122 1567 xv.
1147 1506 1179 1569 5.
1214 1498 1260 1577 εἷς
1291 1502 1334 1583 yl

141 1636 188 1686 τις
213 1630 271 1697 pro
293 1603 337 1681 εἷς
359 1631 399 1686 γε
424 1606 456 1671 in
480 1605 586 1672 verbis
607 1607 660 1674 κοιὶ
691 1608 754 1691 γὰρ
786 1606 825 1674 ἀν
845 1609 891 1686 μὴ
922 1604 1062 1685 πάντες,
1097 1601 1153 1682 εἷς
1186 1607 1236 1686 st
1266 1630 1333 1682 τις

140 1723 199 1784 τῶν
222 1712 256 1781 εὖ
279 1712 469 1779 πεπονθότων
493 1749 537 1762 -
559 1714 700 1780 ἀπόθυκε
721 1712 825 1794 χάριν.
872 1710 964 1799 Apud
997 1710 1134 1778 eundem
1160 1711 1247 1778 Vlll.
1274 1716 1331 1782 20.

139 1821 274 1904 Φάοκειν
297 1817 383 1884 aare
406 1818 462 1894 risu
481 1817 657 1896 ἀποδημίαν
681 1821 694 1847 *
714 1819 803 1885 πόλιν
826 1819 985 1902 ἐλευθέραν
1007 1817 1169 1900 repastum
1191 1818 1248 1894 rin
1267 1820 1333 1887 τῶν

140 1926 322 2002 Μιλησίου,
348 1921 428 1988 nihil
452 1933 499 1988 est
533 1921 659 1988 lucilius
681 1943 778 2009 quam
803 1923 950 1990 lacunam
983 1923 1110 2012 expiere
1138 1925 1204 1989 sic:
1239 1924 1331 1991 κοιτά

140 2036 196 2109 τὴν
218 2029 395 2106 ἀποδνμόοον
427 2027 530 2115 (μόνον)
559 2028 649 2095 πόλιν
677 2030 845 2112 ἐλευθέριον.
894 2030 1016 2097 Passim
1047 2030 1102 2117 qui
1132 2036 1260 2097 releres
1293 2031 1331 2097 li·

140 2137 214 2204 bros
237 2133 419 2202 uncialibus
443 2132 560 2201 litteris
583 2145 730 2201 exaratus
763 2133 987 2202 describebant
1019 2134 1132 2202 literas
1162 2132 1213 2200 bis
1236 2154 1328 2225 repe-

139 2243 216 2308 titas
237 2238 324 2307 eliud
349 2248 480 2325 egentes
497 2238 710 2318 omittebant,
735 2250 771 2306 ut
791 2240 823 2305 in
844 2248 1238 2308 ΔΠΟΔΗΜΙΑΝΜΙΛΝ.
1290 2241 1327 2308 Ιιι

141 2355 266 2414 uetusto
289 2343 419 2410 oraculo
441 2344 526 2431 apud
550 2342 640 2411 Diod.
666 2343 729 2413 Sic.
752 2345 835 2411 Vlll.
859 2350 912 2412 25.

320 2449 457 2524 ἐλθόντες
482 2451 613 2526 Σικελὴν
643 2453 654 2480 ⁴
678 2448 776 2531 χθόνιι
801 2451 918 2518 νιιόεπον
940 2450 1062 2536 ἀμφι),

141 2566 176 2622 lu
197 2554 326 2641 supple:
350 2553 488 2630 ἐλθόντες
509 2557 641 2631 Σικελὴν
665 2555 788 2645 (κοιλόιν)
812 2557 921 2640 χθόνοι.
962 2556 1119 2623 Similiter
1138 2554 1226 2643 apud
1244 2574 1325 2623 eun·

138 2662 211 2728 dem
236 2659 303 2726 xil.
332 2665 382 2725 17.
414 2660 466 2726 τὸν
497 2662 554 2738 μὲν
585 2660 777 2744 ἀντεκκόψαι
808 2665 859 2729 τόν
892 2660 1050 2744 θράοοιντιι
1082 2661 1217 2728 ἓλιιττον
1249 2661 1324 2729 ἀπό·

138 2768 244 2847 λοιβε,
275 2774 342 2831 tres
375 2764 536 2831 litlerulue
566 2766 734 2852 perierunt
761 2785 800 2831 ex
834 2769 886 2833 τὸν
920 2769 976 2847 μὲν
1008 2778 1099 2835 ENA
1128 2767 1323 2850 ἀντεκκόψαι

138 2869 372 2958 legendumque
395 2871 446 2936 τόν
467 2871 525 2950 μὲν
543 2867 607 2935 iva
630 2870 842 2955 ἀντεκκόψαι,
865 2880 898 2938 et
920 2892 1037 2958 magna
1058 2873 1177 2962 passim
1203 2880 1254 2939 est
1276 2881 1322 2941 tc·

138 2978 217 3044 lium
242 2977 343 3063 copia.
389 2974 458 3041 Nun
491 2983 582 3041 teneo
607 2994 658 3041 mc
681 2976 761 3062 quin
785 2976 836 3043 his
861 2997 961 3045 unum
988 2977 1139 3045 adiiciam
1167 2980 1201 3044 in
1226 2978 1321 3045 Pseu·

139 3079 359 3149 dnl’luturclri
385 3079 489 3148 libello
512 3080 551 3146 de
569 3082 633 3146 uita
655 3091 684 3147 et
703 3083 791 3166 poesi
813 3081 943 3148 Homeri
969 3103 1000 3170 p.
1024 3088 1129 3160 1080,
1155 3083 1211 3150 ubi
1240 3084 1323 3150 Atti·

139 3208 251 3256 corum
273 3188 439 3274 proprium
470 3207 541 3253 csse
564 3185 678 3254 scribit
700 3189 735 3254 τό
758 3196 822 3263 τοῖς
853 3191 992 3264 θηλυκοῖς
1014 3190 1162 3271 ἀρσενικά
1183 3187 1281 3272 eppe
1304 3189 1322 3266 θ

138 3295 282 3375 μετοχὰς
307 3293 324 3369 ἣ
348 3293 476 3359 ότόθετιι
499 3293 701 3370 ουντάοπειν,
724 3295 763 3368 ὥς
797 3295 847 3359 τόν
877 3303 1012 3376 χεῖρε,
1043 3297 1091 3361 τόν
1120 3303 1322 3375 punctu,

139 3398 190 3464 κοιὶ
217 3398 303 3479 nepe
326 3397 471 3464 Πλάτυνι
495 3400 547 3474 δὲ,
578 3398 719 3478 ἀχοντε
749 3398 812 3464 sal
839 3399 1004 3483 φέροντο.
1052 3398 1087 3465 ln
1118 3400 1253 3488 antiquo
1286 3397 1323 3467 li·

138 3503 195 3569 bro
218 3501 324 3568 luerat
344 3504 500 3590 scripturn
521 3512 1007 3595 ΠΛΑΤΩΝΙΙΔΕΑΛΓΟΝΤΕ
1030 3502 1061 3580 irl
1086 3513 1136 3571 est
1157 3506 1211 3571 κοιὶ
1235 3506 1325 3589 πικρόν

139 3607 338 3675 Πλάτυνι·
363 3609 445 3675 tela
468 3607 618 3688 ἀγοντε
642 3608 695 3674 κοιὶ
719 3609 863 3692 φέροντεε
887 3610 1019 3697 respicit
1033 3611 1239 3676 nobissimum
1253 3609 1323 3678 Pla-

138 3712 221 3780 tonis
243 3710 349 3778 locum
375 3714 407 3779 in
432 3713 576 3781 Phaedro
599 3733 629 3802 p.
650 3718 714 3781 237
739 3715 775 3781 b.

183 3819 219 3884 ln
247 3816 328 3883 libro
344 3817 398 3884 Vl.
423 3840 463 3885 νι.
489 3825 518 3887 5.
550 3820 698 3886 vitiosum
720 3828 767 3887 est
790 3825 929 3900 κκτθγον
949 3822 982 3886 in
1005 3819 1112 3888 verbis
1133 3819 1186 3886 κκὶ
1210 3822 1237 3887 ol
1261 3844 1326 3889 ποι·

138 3923 322 4008 ροιπλόοντες
345 3922 474 4004 ἀπμενοι
496 3932 634 4005 κιιτῆχον
659 3933 691 3991 et
711 3925 940 4012 corrigendum
969 3935 1017 3993 est
1036 3927 1221 4004 κιιτιθχοντο.
1258 3936 1323 3994 Κοι·

138 4030 292 4110 τάγεοθοι
318 4031 405 4096 enim
427 4029 581 4097 dicuntur
611 4030 666 4116 qui
690 4030 855 4117 appellunt
882 4040 916 4098 et
938 4040 1068 4119 portum
1092 4029 1255 4108 subeunt,
1280 4032 1324 4098 si·

137 4136 204 4202 cuti
227 4132 399 4214 ἀνάνεοθοι
424 4136 480 4222 qui
503 4134 632 4202 solvunt
653 4156 692 4202 ex
712 4145 807 4223 pcrru
827 4145 859 4204 et
878 4137 979 4203 altum
1000 4143 1125 4223 petunt.
1172 4135 1323 4217 Ἀνάγειν

137 4240 257 4307 licitur
280 4239 308 4305 is
331 4241 387 4327 qui
407 4260 503 4307 naves
526 4260 565 4307 ex
593 4251 689 4329 pcrlu
719 4241 845 4322 educit,
875 4242 1029 4324 κκτάγειν
1053 4243 1108 4329 qui
1131 4241 1166 4307 in
1189 4249 1320 4328 portum

138 4346 288 4423 deducit,
319 4352 353 4412 et
382 4347 589 4415 tritissimum
613 4355 661 4416 est
684 4348 838 4428 κκτάνειν
869 4349 908 4416 de
934 4370 990 4430 co,
1023 4349 1077 4436 qui
1111 4365 1208 4414 naves
1231 4367 1321 4435 prue-
