2940 5010
724 294 783 352 :itt

148 464 238 531 καλὰ
268 466 322 531 nai
347 462 458 539 ι”ππονς
488 467 624 544 οὶνοούούς
650 504 683 513 -
716 467 883 543 βούλοντοιι
914 468 1076 548 δκπκνοῖν,
1111 479 1144 537 et
1168 475 1185 547 i
1210 476 1276 555 περὶ
1302 477 1337 541 πο

136 580 260 655 ,τοῖχος
280 571 403 646 δοιπύνη
428 572 460 635 in
485 570 606 637 Hellen.
634 571 688 637 Vi.
715 591 742 637 v.
767 578 797 638 e.

197 676 341 743 hiterius
358 676 570 743 (irumntetioi
590 676 708 743 indicio
729 697 844 744 ieiunus
862 678 1082 765 Xenophontis
1112 700 1337 769 nonnusquam
1360 706 1364 711 ·

148 782 281 849 reeiitui
304 782 442 869 petss'iss
465 780 548 847 (luae
568 792 645 847 sunt
667 781 845 849 locutiones
863 786 926 850 eve
948 785 1060 866 κρούτος
1077 795 1110 851 et
1125 788 1212 853 κοντοὶ
1229 788 1340 869 κρούπορ

150 906 171 953 a
197 886 316 955 sorihis
337 887 524 973 permisceri
548 886 678 966 solitae,
711 889 752 953 oh
776 890 855 976 ipsis
879 891 1092 977 scriptoribus
1116 902 1204 959 oerto
1228 893 1340 959 eliseri-

147 994 238 1059 mine
271 1003 426 1079 perpetuo
449 991 633 1058 distinctae.
688 996 767 1061 ’λνοὶ
798 995 907 1077 κρύτος
943 1004 991 1060 est
1024 997 1167 1063 ονιιιίύιιι
1201 1000 1341 1073 viribus,

147 1118 274 1163 summa
294 1120 366 1183 epe,
396 1099 557 1185 imprimis
580 1101 711 1182 φεύγειν
734 1111 765 1167 ei
790 1102 922 1175 διώκειν,
946 1121 1040 1188 saepe
1063 1105 1123 1169 ύεῑν
1147 1113 1179 1171 et
1202 1108 1340 1173 ἐλκύνειν

146 1202 211 1269 deri
242 1202 353 1284 κράνος
382 1204 466 1289 opud
499 1204 740 1291 Xenophontem
771 1206 901 1291 legitur.
954 1209 1048 1274 uere
1076 1209 1186 1291 κρύτος
1215 1218 1264 1277 est
1290 1213 1341 1287 vi,

144 1309 316 1395 ρωριιοκύο
336 1328 364 1373 ν.
378 1330 407 1374 o.
431 1310 540 1375 urbem
563 1332 673 1395 cepere
693 1312 783 1377 πόλιν
807 1314 902 1394 aipein
926 1314 1012 1379 κοινοὶ
1035 1315 1166 1395 κρύπος,
1189 1316 1243 1381 cui
1267 1336 1340 1382 oon-

146 1415 287 1481 tronum
317 1421 367 1481 esi
397 1417 466 1480 κού
496 1416 675 1494 ὃμολονΙονν.
731 1416 946 1484 Reddiiiitnus
978 1418 1180 1506 Xenophonti
1211 1421 1340 1488 ἑλόντων

147 1520 236 1587 κοινοὶ
254 1518 367 1601 κράτος
391 1522 425 1584 in
448 1520 548 1586 hiiah.
575 1521 641 1586 vn.
667 1543 719 1588 vn.
745 1529 778 1591 4.
834 1524 1013 1589 Seioiorum
1038 1523 1150 1591 froude
1175 1545 1212 1591 eo
1244 1527 1341 1593 rerhu

147 1626 352 1713 irrepserunt
385 1626 417 1689 io
443 1626 668 1693 Demosthenis
687 1630 863 1694 orationem
888 1630 928 1695 ilo
952 1629 987 1695 F.
1013 1629 1047 1696 h.
1075 1628 1099 1720 §
1113 1635 1152 1696 61
1177 1629 1341 1698 torretorre

146 1734 184 1799 τὸ
207 1732 366 1812 μηδεμίαν
389 1738 449 1796 τῶν
480 1734 598 1798 πόλεων
621 1741 680 1799 νῶν
706 1734 736 1799 ἐν
764 1741 917 1800 Φωκεῦσιν
939 1736 1057 1801 euenor
1081 1738 1240 1821 πολιορκίᾳ
1266 1738 1340 1817 μηδ’

146 1838 182 1905 ἐκ
204 1838 384 1919 προσβολῆς
411 1837 510 1924 [κοντοὶ
533 1837 683 1926 κρύτος],
715 1841 791 1904 ἀλλ’
815 1842 850 1905 ἐκ
873 1846 926 1906 πού
952 1843 1140 1907 οπείοοοούοιι
1166 1844 1232 1907 κτὲ.
1287 1842 1338 1908 Nii

146 1944 236 2011 e'nitu
250 1944 313 2009 nisi
327 1944 650 2029 interpretamentum
674 1953 724 2010 est
745 1943 932 2021 verhorum,
957 1966 1039 2031 quine
1059 1947 1277 2032 praecedunt,
1301 1951 1337 2015 ἐκ

146 2050 344 2133 προσβολῆς,
368 2057 403 2115 nt
428 2058 464 2113 tu
489 2048 589 2116 vides.
636 2050 704 2115 h'on
726 2059 859 2135 possunt
883 2051 984 2137 igitur
1007 2051 1086 2117 haee
1106 2054 1191 2117 inter
1210 2074 1245 2118 se
1266 2072 1339 2140 per·

146 2156 268 2223 mutari
291 2156 370 2241 quio
395 2155 505 2219 statim
527 2158 687 2221 sententia
708 2155 877 2221 verborum
902 2155 1043 2223 absurdo
1066 2156 1131 2223 [iot.
1167 2159 1280 2245 itaque
1303 2160 1336 2226 in

146 2260 249 2331 Anah.
273 2260 298 2327 1.
323 2281 388 2325 vni.
416 2266 430 2324 1
457 2268 544 2326 reete
568 2280 655 2325 nuno
680 2260 789 2326 editor
812 2281 850 2327 ex
873 2270 1013 2347 quotuor
1035 2263 1167 2348 optimis
1190 2264 1283 2331 iiheis
1304 2276 1337 2332 et

146 2366 249 2435 Suitia
279 2366 417 2433 ἐλοιύνων
439 2368 502 2431 airh
525 2366 636 2449 κρούτος
659 2368 785 2447 ἱδροῦντι
810 2369 853 2448 τῷ
873 2364 980 2449 ἵππῳ,
1016 2387 1071 2452 pro
1094 2370 1179 2435 κοινοὶ
1203 2370 1335 2452 κροὶτος,

145 2472 232 2562 quod
251 2470 402 2539 exhihent
422 2474 541 2539 coeteri
562 2493 685 2538 omnes.
734 2472 888 2539 Eiusdem
905 2469 1102 2539 contusionis
1121 2474 1213 2560 pluro
1229 2496 1336 2544 exem·

146 2578 197 2667 piu
222 2578 353 2662 oohegit
377 2576 594 2644 Sohoeieierus
618 2579 658 2643 mi
683 2578 796 2667 Creop.
822 2578 845 2643 1.
871 2596 911 2642 ιν.
935 2582 997 2656 15,
1021 2597 1085 2663 quo
1109 2580 1218 2646 minus
1244 2581 1335 2649 elohi·

147 2684 231 2751 iubis
259 2684 294 2749 in
323 2682 423 2750 Anah.
450 2683 473 2749 1.
499 2704 564 2748 vnn
592 2689 633 2748 19
664 2683 841 2750 rescribere
864 2684 983 2748 ἐδίωκον
1006 2685 1064 2761 μὲν
1088 2685 1151 2750 einai
1175 2686 1285 2767 κρούτος
1308 2693 1334 2756 ον’

143 2790 298 2866 Ἓλληνες
322 2808 379 2874 pro
399 2787 555 2853 librorum
581 2791 725 2855 omnium
750 2789 888 2856 lectione
908 2789 994 2854 uerri
1017 2788 1146 2868 κράτος,
1169 2792 1335 2859 similiter·

143 2897 264 2985 quein
288 2891 436 2978 Agesilao
459 2893 499 2958 ll.
524 2898 543 2959 5
573 2894 688 2961 διώκειν
710 2896 773 2961 einh
796 2895 918 2976 κράνος.
967 2893 1034 2959 lato
1058 2913 1134 2960 vero
1158 2896 1334 2985 Xenophon

142 3002 242 3071 etium
270 2999 383 3065 inilia
411 2998 573 3064 locutione
603 2999 745 3065 ionicam
775 3010 808 3065 et
836 3009 977 3066 ueterem
1001 2999 1173 3085 quomdam
1205 3001 1334 3069 dicendi

141 3106 282 3175 humum
305 3104 480 3171 retinuisse
504 3103 649 3181 videtur,
685 3107 780 3171 ouius
804 3105 850 3171 rei
876 3103 1032 3169 indicium
1059 3114 1184 3171 eertum
1208 3106 1333 3174 iaciunt

140 3211 301 3299 reliquiae
335 3217 478 3277 veterum
512 3207 641 3287 λέξεων,
677 3211 794 3296 quihus
824 3210 958 3274 ntimor.
1013 3210 1051 3274 In
1080 3212 1176 3277 nent.
1211 3213 1331 3280 hnecd.

141 3340 173 3407 p.
187 3320 273 3393 529,
300 3322 340 3382 111
371 3314 975 3399 19311111·’Λκροοτῶςὲλοούνονποον
1000 3323 1154 3400 Ξενοφῶν,
1183 3320 1254 3384 cirri
1276 3325 1332 3386 τοῦ

139 3424 226 3491 πάνυ
249 3422 436 3497 ἐλωύνοντω,
462 3421 725 3505 corruptissime:
750 3419 918 3486 emendate
940 3441 970 3506 p.
985 3427 1069 3500 537,
1090 3428 1131 3488 27
1165 3425 1332 3507 'Ampri-

137 3554 206 3603 πος
230 3528 384 3593 ἐλοούνω
418 3524 488 3593 εἷπε
512 3533 650 3609 Ξενοφῶν
674 3528 760 3592 κοντοὶ
788 3528 949 3604 σννκοπὶρν
971 3529 1040 3594 cirri
1063 3536 1117 3596 νοῦ
1142 3532 1218 3595 οὶνοὶ
1243 3532 1331 3613 κρού-

140 3656 226 3713 ποο,
249 3652 332 3720 quae
352 3641 461 3698 sumta
485 3641 562 3697 sunt
586 3654 604 3699 e
629 3631 849 3717 Xenophontis
875 3631 1089 3719 iiippurehieo
1113 3633 1194 3700 Vlli.
1222 3642 1263 3703 10
1287 3639 1335 3703 δεῖ

139 3742 194 3807 τὸν
216 3736 310 3805 ἵππον
334 3738 412 3803 eve
436 3735 585 3819 κρούπος
608 3739 830 3803 ε’λοιύνοντοο
853 3738 967 3820 ἔποχον
989 3734 1087 3819 εἶνοιι,
1121 3740 1172 3805 uhi
1197 3752 1330 3827 apparet

139 3844 219 3911 oiim
232 3844 266 3909 in
287 3841 379 3908 iihnis
398 3843 557 3923 οὶγκροέτος
571 3844 727 3929 seriptum
751 3843 870 3920 inisse,
890 3864 1025 3929 euinque
1049 3845 1152 3931 ipsum
1177 3865 1246 3911 esse
1270 3846 1330 3910 Xe·

141 3948 317 4037 nophontis
339 3968 471 4013 monium
495 3947 575 4013 mihi
597 3949 727 4034 quidem
751 3947 925 4014 odinodum
948 3949 1077 4015 videtur
1100 3949 1205 4015 simile
1228 3952 1306 4015 veri.

186 4053 373 4140 comparari
396 4061 500 4139 potest
521 4050 661 4132 ύγκκθεν
682 4055 766 4140 opud
789 4052 984 4141 hesehyium
1009 4074 1047 4119 ex
1069 4054 1216 4121 οένὲκοούεν
1241 4055 1331 4121 coili-

142 4180 237 4239 sum,
259 4158 346 4246 quod
371 4160 504 4224 immoni
531 4160 608 4225 vitio
632 4158 716 4244 opud
742 4158 938 4247 Hesychimn
964 4161 997 4225 in
1021 4168 1237 4226 anIAeEN
1260 4180 1330 4227 cor·

142 4274 276 4353 ruptum
293 4273 353 4331 est.
378 4264 558 4331 Entemlatn
577 4266 805 4351 scriptumest
827 4268 858 4331 in
876 4266 974 4332 heth.
992 4266 1110 4331 hneod.
1131 4286 1162 4353 p.
1177 4270 1255 4343 557,
1277 4270 1330 4333 hh.

187 4372 224 4439 ln
257 4370 394 4439 hohhus.
420 4371 443 4437 1.
468 4392 500 4437 n.
527 4374 568 4435 112
594 4380 724 4457 propter
748 4370 905 4438 librorum
927 4392 1121 4439 eorisensum
1146 4368 1331 4438 nitido-tius·
