<?xml version="1.0" encoding="UTF-8"?>
<!DOCTYPE html PUBLIC "-//W3C//DTD XHTML 1.0 Transitional//EN"
    "http://www.w3.org/TR/xhtml1/DTD/xhtml1-transitional.dtd">
<html xmlns="http://www.w3.org/1999/xhtml" xml:lang="en" lang="en">
 <head>
  <title>
</title>
<meta http-equiv="Content-Type" content="text/html;charset=utf-8" />
  <meta name='ocr-system' content='tesseract 3.04.00' />
  <meta name='ocr-capabilities' content='ocr_page ocr_carea ocr_par ocr_line ocrx_word'/>
</head>
<body>
  <div class='ocr_page' id='page_1' title='image "./novaelectionesq00cobegoog/novaelectionesq00cobegoog_0419.png"; bbox 0 0 2940 5010; ppageno 0'>
   <div class='ocr_carea' id='block_1_1' title="bbox 702 230 766 302">
    <p class='ocr_par' dir='ltr' id='par_1_1' title="bbox 702 230 766 302">
     <span class='ocr_line' id='line_1_1' title="bbox 702 230 766 302; baseline -0.016 0"><span class='ocrx_word' id='word_1_1' title='bbox 702 230 766 302; x_wconf 79' lang='lat'><strong>&#39;384</strong></span> 
     </span>
    </p>
   </div>
   <div class='ocr_carea' id='block_1_2' title="bbox 136 408 1327 1026">
    <p class='ocr_par' dir='ltr' id='par_1_2' title="bbox 136 408 1327 1026">
     <span class='ocr_line' id='line_1_2' title="bbox 140 408 1327 497; baseline -0.001 -13"><span class='ocrx_word' id='word_1_2' title='bbox 140 419 245 488; x_wconf 81' lang='grc' dir='ltr'><strong><em>κθποῖς</em></strong></span> <span class='ocrx_word' id='word_1_3' title='bbox 268 413 321 481; x_wconf 88' lang='grc' dir='ltr'><strong>κιιί</strong></span> <span class='ocrx_word' id='word_1_4' title='bbox 345 411 432 495; x_wconf 68' lang='lat' dir='ltr'><strong>rapit</strong></span> <span class='ocrx_word' id='word_1_5' title='bbox 455 420 519 488; x_wconf 76' lang='grc' dir='ltr'><strong><em>τοῖς</em></strong></span> <span class='ocrx_word' id='word_1_6' title='bbox 544 408 671 488; x_wconf 75' lang='grc' dir='ltr'><strong><em>ἄλλοις,</em></strong></span> <span class='ocrx_word' id='word_1_7' title='bbox 696 410 752 479; x_wconf 86' lang='lat' dir='ltr'><strong>sed</strong></span> <span class='ocrx_word' id='word_1_8' title='bbox 775 418 807 479; x_wconf 92' lang='lat' dir='ltr'><strong>et</strong></span> <span class='ocrx_word' id='word_1_9' title='bbox 828 428 881 477; x_wconf 86' lang='lat' dir='ltr'><strong>res</strong></span> <span class='ocrx_word' id='word_1_10' title='bbox 902 411 972 497; x_wconf 80' lang='lat' dir='ltr'><strong>ipre</strong></span> <span class='ocrx_word' id='word_1_11' title='bbox 992 418 1026 477; x_wconf 85' lang='lat' dir='ltr'><strong>et</strong></span> <span class='ocrx_word' id='word_1_12' title='bbox 1048 408 1198 480; x_wconf 86' lang='lat' dir='ltr'><strong>additum</strong></span> <span class='ocrx_word' id='word_1_13' title='bbox 1220 416 1327 483; x_wconf 80' lang='grc' dir='ltr'><strong><em>θνσιιῖν</em></strong></span> 
     </span>
     <span class='ocr_line' id='line_1_3' title="bbox 139 513 1326 607; baseline -0.001 -19"><span class='ocrx_word' id='word_1_14' title='bbox 139 520 361 588; x_wconf 86' lang='lat' dir='ltr'><strong>demonstrant</strong></span> <span class='ocrx_word' id='word_1_15' title='bbox 380 518 432 584; x_wconf 86' lang='grc' dir='ltr'><strong>κιοί</strong></span> <span class='ocrx_word' id='word_1_16' title='bbox 457 516 638 584; x_wconf 85' lang='grc' dir='ltr'><strong><em>ποιοίνον</em></strong></span> <span class='ocrx_word' id='word_1_17' title='bbox 660 516 797 595; x_wconf 71' lang='grc' dir='ltr'><strong><em>ἠξιοῦσθε</em></strong></span> <span class='ocrx_word' id='word_1_18' title='bbox 821 514 861 582; x_wconf 80' lang='lat' dir='ltr'><strong>ab</strong></span> <span class='ocrx_word' id='word_1_19' title='bbox 880 513 1014 583; x_wconf 77' lang='lat' dir='ltr'><strong>Oratore</strong></span> <span class='ocrx_word' id='word_1_20' title='bbox 1032 513 1132 586; x_wconf 83' lang='lat' dir='ltr'><strong>inisse</strong></span> <span class='ocrx_word' id='word_1_21' title='bbox 1152 518 1326 607; x_wconf 75' lang='lat' dir='ltr'><strong>seriptum.</strong></span> 
     </span>
     <span class='ocr_line' id='line_1_4' title="bbox 138 622 1325 712; baseline 0 -20"><span class='ocrx_word' id='word_1_22' title='bbox 138 625 222 710; x_wconf 83' lang='lat' dir='ltr'><strong>Quid</strong></span> <span class='ocrx_word' id='word_1_23' title='bbox 252 643 371 712; x_wconf 74' lang='lat' dir='ltr'><strong>quaeso</strong></span> <span class='ocrx_word' id='word_1_24' title='bbox 401 631 452 690; x_wconf 85' lang='lat' dir='ltr'><strong>est</strong></span> <span class='ocrx_word' id='word_1_25' title='bbox 482 624 614 690; x_wconf 84' lang='grc' dir='ltr'><strong><em>εἰιιιίνοον</em></strong></span> <span class='ocrx_word' id='word_1_26' title='bbox 645 622 780 701; x_wconf 82' lang='grc' dir='ltr'><strong><em>ιίξιοῦσθε</em></strong></span> <span class='ocrx_word' id='word_1_27' title='bbox 812 625 887 705; x_wconf 74' lang='grc' dir='ltr'><strong>παρ’</strong></span> <span class='ocrx_word' id='word_1_28' title='bbox 919 624 993 704; x_wconf 80' lang='grc' dir='ltr'><strong><em>ὑμῖν</em></strong></span> <span class='ocrx_word' id='word_1_29' title='bbox 1026 625 1134 697; x_wconf 72' lang='lat' dir='ltr'><strong>adroic</strong></span> <span class='ocrx_word' id='word_1_30' title='bbox 1158 624 1214 691; x_wconf 81' lang='grc' dir='ltr'><strong><em>ιιιιί</em></strong></span> <span class='ocrx_word' id='word_1_31' title='bbox 1238 626 1325 707; x_wconf 68' lang='grc' dir='ltr'><strong>παρὰ</strong></span> 
     </span>
     <span class='ocr_line' id='line_1_5' title="bbox 136 727 1326 817; baseline 0 -19"><span class='ocrx_word' id='word_1_32' title='bbox 136 739 200 805; x_wconf 79' lang='grc' dir='ltr'><strong><em>τοῖς</em></strong></span> <span class='ocrx_word' id='word_1_33' title='bbox 230 728 365 804; x_wconf 67' lang='lat' dir='ltr'><strong>derce?</strong></span> <span class='ocrx_word' id='word_1_34' title='bbox 399 728 480 795; x_wconf 87' lang='lat' dir='ltr'><strong>nihil</strong></span> <span class='ocrx_word' id='word_1_35' title='bbox 509 729 597 796; x_wconf 91' lang='lat' dir='ltr'><strong>enim</strong></span> <span class='ocrx_word' id='word_1_36' title='bbox 627 728 715 797; x_wconf 90' lang='lat' dir='ltr'><strong>aliud</strong></span> <span class='ocrx_word' id='word_1_37' title='bbox 742 728 822 796; x_wconf 88' lang='lat' dir='ltr'><strong>haec</strong></span> <span class='ocrx_word' id='word_1_38' title='bbox 853 728 948 796; x_wconf 85' lang='lat' dir='ltr'><strong>verba</strong></span> <span class='ocrx_word' id='word_1_39' title='bbox 981 727 1167 814; x_wconf 80' lang='lat' dir='ltr'><strong>significare</strong></span> <span class='ocrx_word' id='word_1_40' title='bbox 1188 737 1326 817; x_wconf 84' lang='lat' dir='ltr'><strong>possunt</strong></span> 
     </span>
     <span class='ocr_line' id='line_1_6' title="bbox 137 830 1324 925; baseline 0.002 -22"><span class='ocrx_word' id='word_1_41' title='bbox 137 854 234 924; x_wconf 86' lang='lat' dir='ltr'><strong>quam</strong></span> <span class='ocrx_word' id='word_1_42' title='bbox 257 837 414 920; x_wconf 64' lang='grc' dir='ltr'><strong><em>ἐποιεῖσθε</em></strong></span> <span class='ocrx_word' id='word_1_43' title='bbox 437 833 490 902; x_wconf 88' lang='grc' dir='ltr'><strong>κοιί</strong></span> <span class='ocrx_word' id='word_1_44' title='bbox 514 833 602 903; x_wconf 76' lang='lat' dir='ltr'><strong>adr-ol</strong></span> <span class='ocrx_word' id='word_1_45' title='bbox 627 835 683 918; x_wconf 81' lang='grc' dir='ltr'><strong>ὑφ’</strong></span> <span class='ocrx_word' id='word_1_46' title='bbox 707 836 808 902; x_wconf 81' lang='grc' dir='ltr'><strong><em>οιὺπῶν</em></strong></span> <span class='ocrx_word' id='word_1_47' title='bbox 830 834 883 901; x_wconf 85' lang='grc' dir='ltr'><strong>κιιί</strong></span> <span class='ocrx_word' id='word_1_48' title='bbox 909 834 968 901; x_wconf 70' lang='lat' dir='ltr'><strong>oct</strong></span> <span class='ocrx_word' id='word_1_49' title='bbox 990 839 1051 900; x_wconf 81' lang='grc' dir='ltr'><strong>τῶν</strong></span> <span class='ocrx_word' id='word_1_50' title='bbox 1072 830 1205 913; x_wconf 67' lang='grc' dir='ltr'><strong><em>ἄλλων,</em></strong></span> <span class='ocrx_word' id='word_1_51' title='bbox 1238 834 1324 925; x_wconf 77' lang='lat' dir='ltr'><strong>quod</strong></span> 
     </span>
     <span class='ocr_line' id='line_1_7' title="bbox 137 919 1325 1026; baseline 0.003 -20"><span class='ocrx_word' id='word_1_52' title='bbox 137 940 313 1008; x_wconf 88' lang='lat' dir='ltr'><strong>ridiculum</strong></span> <span class='ocrx_word' id='word_1_53' title='bbox 340 950 401 1008; x_wconf 84' lang='lat' dir='ltr'><strong>est.</strong></span> <span class='ocrx_word' id='word_1_54' title='bbox 448 939 518 1007; x_wconf 93' lang='lat' dir='ltr'><strong>lmo</strong></span> <span class='ocrx_word' id='word_1_55' title='bbox 541 959 617 1008; x_wconf 89' lang='lat' dir='ltr'><strong>vero</strong></span> <span class='ocrx_word' id='word_1_56' title='bbox 639 939 680 1006; x_wconf 90' lang='lat' dir='ltr'><strong>olr</strong></span> <span class='ocrx_word' id='word_1_57' title='bbox 712 959 781 1007; x_wconf 90' lang='lat' dir='ltr'><strong>rem</strong></span> <span class='ocrx_word' id='word_1_58' title='bbox 809 938 889 1007; x_wconf 81' lang='lat' dir='ltr'><strong>lteue</strong></span> <span class='ocrx_word' id='word_1_59' title='bbox 911 946 1034 1026; x_wconf 79' lang='lat' dir='ltr'><strong>gestam</strong></span> <span class='ocrx_word' id='word_1_60' title='bbox 1062 939 1164 1007; x_wconf 83' lang='grc' dir='ltr'><strong><em>θνσῖοιι</em></strong></span> <span class='ocrx_word' id='word_1_61' title='bbox 1180 919 1238 1009; x_wconf 56' lang='lat' dir='ltr'><strong>‘rr</strong></span> <span class='ocrx_word' id='word_1_62' title='bbox 1259 951 1325 1017; x_wconf 75' lang='grc' dir='ltr'><strong><em>σοῖο</em></strong></span> 
     </span>
    </p>
   </div>
   <div class='ocr_carea' id='block_1_3' title="bbox 136 1044 1336 4184">
    <p class='ocr_par' dir='ltr' id='par_1_3' title="bbox 136 1044 1324 1239">
     <span class='ocr_line' id='line_1_8' title="bbox 137 1044 1324 1130; baseline 0.003 -18"><span class='ocrx_word' id='word_1_63' title='bbox 137 1049 211 1122; x_wconf 79' lang='grc' dir='ltr'><strong><em>θεοῖς</em></strong></span> <span class='ocrx_word' id='word_1_64' title='bbox 241 1046 401 1126; x_wconf 74' lang='grc' dir='ltr'><strong><em>ε’γίγνονπο</em></strong></span> <span class='ocrx_word' id='word_1_65' title='bbox 424 1044 477 1111; x_wconf 77' lang='lat' dir='ltr'><strong>ccl</strong></span> <span class='ocrx_word' id='word_1_66' title='bbox 508 1049 640 1121; x_wconf 77' lang='grc' dir='ltr'><strong><em>ποιιοῖνες</em></strong></span> <span class='ocrx_word' id='word_1_67' title='bbox 662 1046 766 1130; x_wconf 61' lang='lat' dir='ltr'><strong>§lenm</strong></span> <span class='ocrx_word' id='word_1_68' title='bbox 786 1047 818 1111; x_wconf 78' lang='grc' dir='ltr'><strong>ἐν</strong></span> <span class='ocrx_word' id='word_1_69' title='bbox 840 1054 904 1121; x_wconf 81' lang='grc' dir='ltr'><strong><em>σοῖο</em></strong></span> <span class='ocrx_word' id='word_1_70' title='bbox 937 1044 1091 1119; x_wconf 68' lang='grc' dir='ltr'><strong><em>ἐπινικίοις</em></strong></span> <span class='ocrx_word' id='word_1_71' title='bbox 1103 1094 1114 1125; x_wconf 92' lang='grc'><strong><em>,</em></strong></span> <span class='ocrx_word' id='word_1_72' title='bbox 1144 1054 1180 1115; x_wconf 79' lang='lat' dir='ltr'><strong>el</strong></span> <span class='ocrx_word' id='word_1_73' title='bbox 1203 1044 1324 1115; x_wconf 80' lang='lat' dir='ltr'><strong>ilerum</strong></span> 
     </span>
     <span class='ocr_line' id='line_1_9' title="bbox 136 1149 1074 1239; baseline 0 -22"><span class='ocrx_word' id='word_1_74' title='bbox 136 1160 230 1219; x_wconf 84' lang='lat' dir='ltr'><strong>vetus</strong></span> <span class='ocrx_word' id='word_1_75' title='bbox 259 1149 355 1218; x_wconf 90' lang='lat' dir='ltr'><strong>lectio</strong></span> <span class='ocrx_word' id='word_1_76' title='bbox 374 1159 580 1218; x_wconf 80' lang='grc' dir='ltr'><strong>ΠΛΙΛΝΩΝ</strong></span> <span class='ocrx_word' id='word_1_77' title='bbox 604 1152 637 1217; x_wconf 92' lang='lat' dir='ltr'><strong>in</strong></span> <span class='ocrx_word' id='word_1_78' title='bbox 660 1151 792 1218; x_wconf 83' lang='grc' dir='ltr'><strong><em>θποίιον</em></strong></span> <span class='ocrx_word' id='word_1_79' title='bbox 821 1149 994 1239; x_wconf 84' lang='lat' dir='ltr'><strong>depravate</strong></span> <span class='ocrx_word' id='word_1_80' title='bbox 1014 1157 1074 1217; x_wconf 79' lang='lat' dir='ltr'><strong>est</strong></span> 
     </span>
    </p>

    <p class='ocr_par' dir='ltr' id='par_1_4' title="bbox 139 1253 1333 2703">
     <span class='ocr_line' id='line_1_10' title="bbox 182 1253 1326 1345; baseline 0.003 -24"><span class='ocrx_word' id='word_1_81' title='bbox 182 1253 241 1322; x_wconf 83' lang='lat' dir='ltr'><strong>Est</strong></span> <span class='ocrx_word' id='word_1_82' title='bbox 261 1253 398 1342; x_wconf 89' lang='lat' dir='ltr'><strong>denique</strong></span> <span class='ocrx_word' id='word_1_83' title='bbox 420 1254 511 1324; x_wconf 88' lang='lat' dir='ltr'><strong>loeus</strong></span> <span class='ocrx_word' id='word_1_84' title='bbox 534 1257 566 1323; x_wconf 89' lang='lat' dir='ltr'><strong>in</strong></span> <span class='ocrx_word' id='word_1_85' title='bbox 593 1254 783 1335; x_wconf 85' lang='lat' dir='ltr'><strong>Hellenieis,</strong></span> <span class='ocrx_word' id='word_1_86' title='bbox 807 1254 847 1323; x_wconf 94' lang='lat' dir='ltr'><strong>de</strong></span> <span class='ocrx_word' id='word_1_87' title='bbox 866 1274 932 1343; x_wconf 92' lang='lat' dir='ltr'><strong>quo</strong></span> <span class='ocrx_word' id='word_1_88' title='bbox 952 1253 1059 1323; x_wconf 82' lang='lat' dir='ltr'><strong>adhuc</strong></span> <span class='ocrx_word' id='word_1_89' title='bbox 1077 1253 1226 1324; x_wconf 83' lang='lat' dir='ltr'><strong>dubitari</strong></span> <span class='ocrx_word' id='word_1_90' title='bbox 1246 1255 1326 1345; x_wconf 88' lang='lat' dir='ltr'><strong>qnid</strong></span> 
     </span>
     <span class='ocr_line' id='line_1_11' title="bbox 139 1358 1326 1449; baseline -0.001 -20"><span class='ocrx_word' id='word_1_91' title='bbox 139 1361 294 1429; x_wconf 84' lang='lat' dir='ltr'><strong>sentirem</strong></span> <span class='ocrx_word' id='word_1_92' title='bbox 323 1358 453 1440; x_wconf 87' lang='lat' dir='ltr'><strong>dicere,</strong></span> <span class='ocrx_word' id='word_1_93' title='bbox 486 1363 638 1449; x_wconf 85' lang='lat' dir='ltr'><strong>quoniam</strong></span> <span class='ocrx_word' id='word_1_94' title='bbox 665 1361 697 1427; x_wconf 89' lang='lat' dir='ltr'><strong>in</strong></span> <span class='ocrx_word' id='word_1_95' title='bbox 727 1369 815 1428; x_wconf 91' lang='lat' dir='ltr'><strong>certa</strong></span> <span class='ocrx_word' id='word_1_96' title='bbox 848 1359 1030 1447; x_wconf 77' lang='lat' dir='ltr'><strong>corruptela</strong></span> <span class='ocrx_word' id='word_1_97' title='bbox 1064 1359 1104 1428; x_wconf 91' lang='lat' dir='ltr'><strong>de</strong></span> <span class='ocrx_word' id='word_1_98' title='bbox 1130 1358 1326 1429; x_wconf 86' lang='lat' dir='ltr'><strong>emendandi</strong></span> 
     </span>
     <span class='ocr_line' id='line_1_12' title="bbox 141 1464 1329 1553; baseline 0.002 -20"><span class='ocrx_word' id='word_1_99' title='bbox 141 1467 265 1534; x_wconf 86' lang='lat' dir='ltr'><strong>ratione</strong></span> <span class='ocrx_word' id='word_1_100' title='bbox 287 1464 427 1532; x_wconf 91' lang='lat' dir='ltr'><strong>nondum</strong></span> <span class='ocrx_word' id='word_1_101' title='bbox 459 1467 540 1533; x_wconf 88' lang='lat' dir='ltr'><strong>milri</strong></span> <span class='ocrx_word' id='word_1_102' title='bbox 563 1468 643 1534; x_wconf 84' lang='lat' dir='ltr'><strong>satis</strong></span> <span class='ocrx_word' id='word_1_103' title='bbox 673 1465 821 1553; x_wconf 81' lang='lat' dir='ltr'><strong>liqueret.</strong></span> <span class='ocrx_word' id='word_1_104' title='bbox 868 1464 974 1533; x_wconf 87' lang='lat' dir='ltr'><strong>Verba</strong></span> <span class='ocrx_word' id='word_1_105' title='bbox 1000 1474 1078 1533; x_wconf 84' lang='lat' dir='ltr'><strong>sunt</strong></span> <span class='ocrx_word' id='word_1_106' title='bbox 1101 1465 1329 1535; x_wconf 78' lang='lat' dir='ltr'><strong>Callicralidre</strong></span> 
     </span>
     <span class='ocr_line' id='line_1_13' title="bbox 140 1570 1329 1659; baseline 0.001 -21"><span class='ocrx_word' id='word_1_107' title='bbox 140 1570 181 1638; x_wconf 86' lang='lat' dir='ltr'><strong>ad</strong></span> <span class='ocrx_word' id='word_1_108' title='bbox 205 1571 399 1639; x_wconf 82' lang='lat' dir='ltr'><strong>Hermonem</strong></span> <span class='ocrx_word' id='word_1_109' title='bbox 423 1592 564 1659; x_wconf 81' lang='lat' dir='ltr'><strong>pugnam</strong></span> <span class='ocrx_word' id='word_1_110' title='bbox 592 1571 831 1639; x_wconf 79' lang='lat' dir='ltr'><strong>dissuadentem</strong></span> <span class='ocrx_word' id='word_1_111' title='bbox 857 1571 884 1639; x_wconf 88' lang='lat'><strong>1.</strong></span> <span class='ocrx_word' id='word_1_112' title='bbox 908 1592 950 1639; x_wconf 86' lang='grc' dir='ltr'><strong>νι.</strong></span> <span class='ocrx_word' id='word_1_113' title='bbox 974 1574 1030 1638; x_wconf 78' lang='lat'><strong>32.</strong></span> <span class='ocrx_word' id='word_1_114' title='bbox 1071 1572 1329 1655; x_wconf 70' lang='grc' dir='ltr'><strong>Καλλικρατίδας</strong></span> 
     </span>
     <span class='ocr_line' id='line_1_14' title="bbox 139 1673 1327 1763; baseline 0.002 -20"><span class='ocrx_word' id='word_1_115' title='bbox 139 1680 172 1744; x_wconf 73' lang='grc' dir='ltr'><strong>δὲ</strong></span> <span class='ocrx_word' id='word_1_116' title='bbox 193 1673 279 1744; x_wconf 79' lang='grc' dir='ltr'><strong><em>εἶπεν</em></strong></span> <span class='ocrx_word' id='word_1_117' title='bbox 302 1674 348 1745; x_wconf 75' lang='grc' dir='ltr'><strong>ὅτι</strong></span> <span class='ocrx_word' id='word_1_118' title='bbox 373 1680 390 1755; x_wconf 84' lang='grc' dir='ltr'><strong><em>ιί</em></strong></span> <span class='ocrx_word' id='word_1_119' title='bbox 415 1677 546 1763; x_wconf 77' lang='grc' dir='ltr'><strong><em>Σποίρπιι</em></strong></span> <span class='ocrx_word' id='word_1_120' title='bbox 569 1680 653 1747; x_wconf 71' lang='lat' dir='ltr'><strong>cotto</strong></span> <span class='ocrx_word' id='word_1_121' title='bbox 675 1678 720 1758; x_wconf 72' lang='lat' dir='ltr'><strong>pi</strong></span> <span class='ocrx_word' id='word_1_122' title='bbox 747 1676 853 1745; x_wconf 83' lang='grc' dir='ltr'><strong><em>κοίκιον</em></strong></span> <span class='ocrx_word' id='word_1_123' title='bbox 879 1677 1130 1745; x_wconf 66' lang='lat' dir='ltr'><strong>rinocerotem</strong></span> <span class='ocrx_word' id='word_1_124' title='bbox 1158 1678 1327 1745; x_wconf 83' lang='grc' dir='ltr'><strong><em>ιίπιθιινθν·</em></strong></span> 
     </span>
     <span class='ocr_line' id='line_1_15' title="bbox 141 1780 1330 1871; baseline 0.001 -21"><span class='ocrx_word' id='word_1_125' title='bbox 141 1808 211 1864; x_wconf 77' lang='grc' dir='ltr'><strong><em>τοο,</em></strong></span> <span class='ocrx_word' id='word_1_126' title='bbox 244 1783 298 1849; x_wconf 89' lang='lat' dir='ltr'><strong>uhi</strong></span> <span class='ocrx_word' id='word_1_127' title='bbox 331 1784 472 1871; x_wconf 87' lang='lat' dir='ltr'><strong>primum</strong></span> <span class='ocrx_word' id='word_1_128' title='bbox 502 1785 605 1851; x_wconf 89' lang='lat' dir='ltr'><strong>miror</strong></span> <span class='ocrx_word' id='word_1_129' title='bbox 634 1803 696 1851; x_wconf 91' lang='lat' dir='ltr'><strong>cur</strong></span> <span class='ocrx_word' id='word_1_130' title='bbox 725 1783 808 1851; x_wconf 74' lang='grc' dir='ltr'><strong><em>οὐδὲν</em></strong></span> <span class='ocrx_word' id='word_1_131' title='bbox 837 1783 883 1863; x_wconf 71' lang='grc' dir='ltr'><strong>μή</strong></span> <span class='ocrx_word' id='word_1_132' title='bbox 915 1780 1026 1849; x_wconf 87' lang='lat' dir='ltr'><strong>doctos</strong></span> <span class='ocrx_word' id='word_1_133' title='bbox 1060 1782 1210 1850; x_wconf 90' lang='lat' dir='ltr'><strong>homines</strong></span> <span class='ocrx_word' id='word_1_134' title='bbox 1237 1790 1330 1851; x_wconf 88' lang='lat' dir='ltr'><strong>tanto</strong></span> 
     </span>
     <span class='ocr_line' id='line_1_16' title="bbox 142 1887 1331 1977; baseline 0.002 -22"><span class='ocrx_word' id='word_1_135' title='bbox 142 1909 237 1977; x_wconf 90' lang='lat' dir='ltr'><strong>opere</strong></span> <span class='ocrx_word' id='word_1_136' title='bbox 259 1887 439 1957; x_wconf 81' lang='lat' dir='ltr'><strong>offenderit.</strong></span> <span class='ocrx_word' id='word_1_137' title='bbox 487 1890 584 1958; x_wconf 77' lang='grc' dir='ltr'><strong><em>οὐδὲν</em></strong></span> <span class='ocrx_word' id='word_1_138' title='bbox 610 1891 656 1970; x_wconf 72' lang='grc' dir='ltr'><strong>μή</strong></span> <span class='ocrx_word' id='word_1_139' title='bbox 686 1888 894 1956; x_wconf 86' lang='lat' dir='ltr'><strong>sanissimum</strong></span> <span class='ocrx_word' id='word_1_140' title='bbox 918 1897 986 1968; x_wconf 86' lang='lat' dir='ltr'><strong>est,</strong></span> <span class='ocrx_word' id='word_1_141' title='bbox 1017 1907 1133 1976; x_wconf 85' lang='lat' dir='ltr'><strong>nempe</strong></span> <span class='ocrx_word' id='word_1_142' title='bbox 1156 1908 1261 1976; x_wconf 87' lang='lat' dir='ltr'><strong>quum</strong></span> <span class='ocrx_word' id='word_1_143' title='bbox 1282 1892 1331 1957; x_wconf 81' lang='grc' dir='ltr'><strong>ιθ·</strong></span> 
     </span>
     <span class='ocr_line' id='line_1_17' title="bbox 142 1992 1331 2082; baseline 0 -20"><span class='ocrx_word' id='word_1_144' title='bbox 142 1996 191 2062; x_wconf 73' lang='lat' dir='ltr'><strong>llo</strong></span> <span class='ocrx_word' id='word_1_145' title='bbox 213 2000 356 2075; x_wconf 71' lang='grc' dir='ltr'><strong><em>μᾶλλον,</em></strong></span> <span class='ocrx_word' id='word_1_146' title='bbox 379 1997 461 2064; x_wconf 74' lang='grc' dir='ltr'><strong><em>οὐδὲν</em></strong></span> <span class='ocrx_word' id='word_1_147' title='bbox 483 2004 569 2075; x_wconf 83' lang='grc' dir='ltr'><strong><em>μεῖον</em></strong></span> <span class='ocrx_word' id='word_1_148' title='bbox 589 2004 622 2062; x_wconf 92' lang='lat' dir='ltr'><strong>et</strong></span> <span class='ocrx_word' id='word_1_149' title='bbox 643 1992 763 2061; x_wconf 80' lang='lat' dir='ltr'><strong>similia</strong></span> <span class='ocrx_word' id='word_1_150' title='bbox 775 1992 920 2082; x_wconf 89' lang='lat' dir='ltr'><strong>ponenda</strong></span> <span class='ocrx_word' id='word_1_151' title='bbox 931 2000 1009 2060; x_wconf 89' lang='lat' dir='ltr'><strong>sunt</strong></span> <span class='ocrx_word' id='word_1_152' title='bbox 1028 1994 1062 2060; x_wconf 93' lang='lat' dir='ltr'><strong>in</strong></span> <span class='ocrx_word' id='word_1_153' title='bbox 1081 2014 1120 2061; x_wconf 87' lang='lat' dir='ltr'><strong>ea</strong></span> <span class='ocrx_word' id='word_1_154' title='bbox 1143 1992 1331 2075; x_wconf 86' lang='lat' dir='ltr'><strong>locutione,</strong></span> 
     </span>
     <span class='ocr_line' id='line_1_18' title="bbox 143 2097 1331 2187; baseline -0.001 -21"><span class='ocrx_word' id='word_1_155' title='bbox 143 2102 175 2167; x_wconf 88' lang='lat' dir='ltr'><strong>in</strong></span> <span class='ocrx_word' id='word_1_156' title='bbox 197 2119 261 2187; x_wconf 87' lang='lat' dir='ltr'><strong>qna</strong></span> <span class='ocrx_word' id='word_1_157' title='bbox 282 2102 316 2168; x_wconf 87' lang='grc' dir='ltr'><strong>οθ</strong></span> <span class='ocrx_word' id='word_1_158' title='bbox 339 2102 385 2180; x_wconf 77' lang='grc' dir='ltr'><strong>μή</strong></span> <span class='ocrx_word' id='word_1_159' title='bbox 408 2100 654 2167; x_wconf 75' lang='lat' dir='ltr'><strong>Atheniensium</strong></span> <span class='ocrx_word' id='word_1_160' title='bbox 682 2119 770 2167; x_wconf 91' lang='lat' dir='ltr'><strong>more</strong></span> <span class='ocrx_word' id='word_1_161' title='bbox 794 2097 1015 2166; x_wconf 85' lang='lat' dir='ltr'><strong>vehementem</strong></span> <span class='ocrx_word' id='word_1_162' title='bbox 1038 2100 1244 2185; x_wconf 81' lang='lat' dir='ltr'><strong>negationem</strong></span> <span class='ocrx_word' id='word_1_163' title='bbox 1264 2100 1331 2187; x_wconf 75' lang='lat' dir='ltr'><strong>sig·</strong></span> 
     </span>
     <span class='ocr_line' id='line_1_19' title="bbox 143 2202 1333 2285; baseline 0.003 -14"><span class='ocrx_word' id='word_1_164' title='bbox 143 2205 278 2272; x_wconf 83' lang='lat' dir='ltr'><strong>uideant</strong></span> <span class='ocrx_word' id='word_1_165' title='bbox 302 2206 334 2271; x_wconf 91' lang='lat' dir='ltr'><strong>in</strong></span> <span class='ocrx_word' id='word_1_166' title='bbox 357 2206 501 2273; x_wconf 85' lang='lat' dir='ltr'><strong>emtione</strong></span> <span class='ocrx_word' id='word_1_167' title='bbox 531 2206 711 2282; x_wconf 81' lang='lat' dir='ltr'><strong>concitata,</strong></span> <span class='ocrx_word' id='word_1_168' title='bbox 734 2202 884 2271; x_wconf 85' lang='lat' dir='ltr'><strong>dicebant</strong></span> <span class='ocrx_word' id='word_1_169' title='bbox 905 2205 988 2272; x_wconf 75' lang='grc' dir='ltr'><strong><em>οὐδὲν</em></strong></span> <span class='ocrx_word' id='word_1_170' title='bbox 1008 2204 1054 2284; x_wconf 71' lang='lat' dir='ltr'><strong>tul</strong></span> <span class='ocrx_word' id='word_1_171' title='bbox 1072 2208 1223 2285; x_wconf 67' lang='grc' dir='ltr'><strong><em>μᾶλλον,</em></strong></span> <span class='ocrx_word' id='word_1_172' title='bbox 1245 2206 1333 2273; x_wconf 68' lang='grc' dir='ltr'><strong><em>οὐδὲν</em></strong></span> 
     </span>
     <span class='ocr_line' id='line_1_20' title="bbox 144 2307 1333 2397; baseline -0.002 -20"><span class='ocrx_word' id='word_1_173' title='bbox 144 2313 189 2392; x_wconf 71' lang='lat' dir='ltr'><strong>pl</strong></span> <span class='ocrx_word' id='word_1_174' title='bbox 211 2319 297 2391; x_wconf 83' lang='grc' dir='ltr'><strong><em>μεῖον</em></strong></span> <span class='ocrx_word' id='word_1_175' title='bbox 323 2320 355 2377; x_wconf 93' lang='lat' dir='ltr'><strong>et</strong></span> <span class='ocrx_word' id='word_1_176' title='bbox 382 2311 542 2378; x_wconf 84' lang='lat' dir='ltr'><strong>similiter.</strong></span> <span class='ocrx_word' id='word_1_177' title='bbox 590 2309 679 2376; x_wconf 88' lang='lat' dir='ltr'><strong>Plato</strong></span> <span class='ocrx_word' id='word_1_178' title='bbox 701 2309 735 2374; x_wconf 89' lang='lat' dir='ltr'><strong>in</strong></span> <span class='ocrx_word' id='word_1_179' title='bbox 760 2307 906 2397; x_wconf 82' lang='lat' dir='ltr'><strong>Sympos.</strong></span> <span class='ocrx_word' id='word_1_180' title='bbox 931 2329 963 2396; x_wconf 88' lang='lat' dir='ltr'><strong>p.</strong></span> <span class='ocrx_word' id='word_1_181' title='bbox 983 2313 1048 2375; x_wconf 74' lang='lat' dir='ltr'><strong>att</strong></span> <span class='ocrx_word' id='word_1_182' title='bbox 1074 2311 1113 2376; x_wconf 74' lang='grc' dir='ltr'><strong>Α.</strong></span> <span class='ocrx_word' id='word_1_183' title='bbox 1136 2308 1223 2376; x_wconf 74' lang='grc' dir='ltr'><strong><em>οὐδὲν</em></strong></span> <span class='ocrx_word' id='word_1_184' title='bbox 1243 2314 1333 2391; x_wconf 71' lang='lat' dir='ltr'><strong>pecin-</strong></span> 
     </span>
     <span class='ocr_line' id='line_1_21' title="bbox 144 2411 1331 2500; baseline 0 -18"><span class='ocrx_word' id='word_1_185' title='bbox 144 2432 196 2483; x_wconf 84' lang='grc' dir='ltr'><strong>λον</strong></span> <span class='ocrx_word' id='word_1_186' title='bbox 219 2419 342 2498; x_wconf 63' lang='lat' dir='ltr'><strong>uiuere</strong></span> <span class='ocrx_word' id='word_1_187' title='bbox 369 2417 515 2500; x_wconf 72' lang='grc' dir='ltr'><strong><em>μεθυσθῇ.</em></strong></span> <span class='ocrx_word' id='word_1_188' title='bbox 562 2414 598 2480; x_wconf 89' lang='lat' dir='ltr'><strong>ln</strong></span> <span class='ocrx_word' id='word_1_189' title='bbox 626 2412 764 2481; x_wconf 76' lang='lat' dir='ltr'><strong>Anabasi</strong></span> <span class='ocrx_word' id='word_1_190' title='bbox 785 2411 854 2479; x_wconf 87' lang='lat' dir='ltr'><strong>Vll.</strong></span> <span class='ocrx_word' id='word_1_191' title='bbox 879 2434 932 2481; x_wconf 79' lang='lat' dir='ltr'><strong>nrt.</strong></span> <span class='ocrx_word' id='word_1_192' title='bbox 958 2417 1011 2479; x_wconf 76' lang='lat'><strong>24.</strong></span> <span class='ocrx_word' id='word_1_193' title='bbox 1035 2412 1209 2499; x_wconf 78' lang='lat' dir='ltr'><strong>legendum</strong></span> <span class='ocrx_word' id='word_1_194' title='bbox 1238 2413 1331 2483; x_wconf 82' lang='lat' dir='ltr'><strong>tide·</strong></span> 
     </span>
     <span class='ocr_line' id='line_1_22' title="bbox 145 2517 1331 2607; baseline 0.003 -21"><span class='ocrx_word' id='word_1_195' title='bbox 145 2530 200 2587; x_wconf 91' lang='lat' dir='ltr'><strong>tur</strong></span> <span class='ocrx_word' id='word_1_196' title='bbox 221 2522 303 2588; x_wconf 75' lang='grc' dir='ltr'><strong><em>οὐδὲν</em></strong></span> <span class='ocrx_word' id='word_1_197' title='bbox 328 2519 398 2607; x_wconf 83' lang='grc' dir='ltr'><strong>(μίιί</strong></span> <span class='ocrx_word' id='word_1_198' title='bbox 422 2529 509 2599; x_wconf 82' lang='grc' dir='ltr'><strong><em>μεῖον</em></strong></span> <span class='ocrx_word' id='word_1_199' title='bbox 533 2520 679 2587; x_wconf 73' lang='grc' dir='ltr'><strong><em>δύνωνται</em></strong></span> <span class='ocrx_word' id='word_1_200' title='bbox 703 2517 886 2585; x_wconf 85' lang='grc' dir='ltr'><strong><em>οἰνθσοισθιιι.</em></strong></span> <span class='ocrx_word' id='word_1_201' title='bbox 933 2517 1045 2605; x_wconf 80' lang='lat' dir='ltr'><strong>ltaque</strong></span> <span class='ocrx_word' id='word_1_202' title='bbox 1066 2538 1167 2605; x_wconf 85' lang='lat' dir='ltr'><strong>quum</strong></span> <span class='ocrx_word' id='word_1_203' title='bbox 1197 2517 1331 2589; x_wconf 77' lang='lat' dir='ltr'><strong>dicatur</strong></span> 
     </span>
     <span class='ocr_line' id='line_1_23' title="bbox 144 2622 891 2703; baseline -0.004 -12"><span class='ocrx_word' id='word_1_204' title='bbox 144 2628 227 2694; x_wconf 76' lang='grc' dir='ltr'><strong><em>οὐδὲν</em></strong></span> <span class='ocrx_word' id='word_1_205' title='bbox 251 2627 383 2703; x_wconf 78' lang='grc' dir='ltr'><strong><em>κοικίοιν,</em></strong></span> <span class='ocrx_word' id='word_1_206' title='bbox 409 2631 446 2691; x_wconf 93' lang='lat' dir='ltr'><strong>nt</strong></span> <span class='ocrx_word' id='word_1_207' title='bbox 469 2626 501 2689; x_wconf 91' lang='lat' dir='ltr'><strong>in</strong></span> <span class='ocrx_word' id='word_1_208' title='bbox 524 2625 692 2691; x_wconf 89' lang='lat' dir='ltr'><strong>notissimo</strong></span> <span class='ocrx_word' id='word_1_209' title='bbox 715 2622 891 2691; x_wconf 79' lang='lat' dir='ltr'><strong>versiculo:</strong></span> 
     </span>
    </p>

    <p class='ocr_par' dir='ltr' id='par_1_5' title="bbox 370 2730 1056 2813">
     <span class='ocr_line' id='line_1_24' title="bbox 370 2730 1056 2813; baseline -0.004 -15"><span class='ocrx_word' id='word_1_210' title='bbox 370 2732 452 2799; x_wconf 74' lang='grc' dir='ltr'><strong><em>οὐδὲν</em></strong></span> <span class='ocrx_word' id='word_1_211' title='bbox 476 2730 589 2797; x_wconf 81' lang='grc' dir='ltr'><strong><em>κοοκίοιν</em></strong></span> <span class='ocrx_word' id='word_1_212' title='bbox 612 2731 736 2807; x_wconf 69' lang='grc' dir='ltr'><strong><em>δοῦλος,</em></strong></span> <span class='ocrx_word' id='word_1_213' title='bbox 759 2732 794 2807; x_wconf 76' lang='grc' dir='ltr'><strong>ἢν</strong></span> <span class='ocrx_word' id='word_1_214' title='bbox 817 2734 920 2804; x_wconf 71' lang='grc' dir='ltr'><strong><em>καλῶς</em></strong></span> <span class='ocrx_word' id='word_1_215' title='bbox 943 2736 1056 2813; x_wconf 70' lang='grc' dir='ltr'><strong><em>φρονῇ,</em></strong></span> 
     </span>
    </p>

    <p class='ocr_par' dir='ltr' id='par_1_6' title="bbox 142 2832 1336 4184">
     <span class='ocr_line' id='line_1_25' title="bbox 144 2832 1333 2922; baseline 0 -19"><span class='ocrx_word' id='word_1_216' title='bbox 144 2836 353 2922; x_wconf 84' lang='lat' dir='ltr'><strong>consequitur</strong></span> <span class='ocrx_word' id='word_1_217' title='bbox 382 2837 464 2903; x_wconf 70' lang='grc' dir='ltr'><strong><em>οὐδὲν</em></strong></span> <span class='ocrx_word' id='word_1_218' title='bbox 486 2837 532 2915; x_wconf 70' lang='grc' dir='ltr'><strong>μὴ</strong></span> <span class='ocrx_word' id='word_1_219' title='bbox 556 2833 660 2902; x_wconf 85' lang='grc' dir='ltr'><strong><em>κθκιον</em></strong></span> <span class='ocrx_word' id='word_1_220' title='bbox 692 2834 870 2901; x_wconf 88' lang='lat' dir='ltr'><strong>rectissime</strong></span> <span class='ocrx_word' id='word_1_221' title='bbox 900 2832 976 2900; x_wconf 88' lang='lat' dir='ltr'><strong>dici.</strong></span> <span class='ocrx_word' id='word_1_222' title='bbox 1022 2834 1081 2901; x_wconf 74' lang='lat' dir='ltr'><strong>list</strong></span> <span class='ocrx_word' id='word_1_223' title='bbox 1113 2834 1218 2922; x_wconf 79' lang='lat' dir='ltr'><strong>igitur</strong></span> <span class='ocrx_word' id='word_1_224' title='bbox 1245 2836 1333 2905; x_wconf 72' lang='lat' dir='ltr'><strong>octo</strong></span> 
     </span>
     <span class='ocr_line' id='line_1_26' title="bbox 142 2937 1335 3027; baseline 0.003 -19"><span class='ocrx_word' id='word_1_225' title='bbox 142 2943 188 3021; x_wconf 78' lang='grc' dir='ltr'><strong>μθ</strong></span> <span class='ocrx_word' id='word_1_226' title='bbox 212 2941 421 3009; x_wconf 87' lang='lat' dir='ltr'><strong>sanissimum</strong></span> <span class='ocrx_word' id='word_1_227' title='bbox 444 2938 501 3008; x_wconf 93' lang='lat' dir='ltr'><strong>sed</strong></span> <span class='ocrx_word' id='word_1_228' title='bbox 525 2941 572 3007; x_wconf 90' lang='lat' dir='ltr'><strong>sic</strong></span> <span class='ocrx_word' id='word_1_229' title='bbox 593 2949 629 3007; x_wconf 89' lang='lat' dir='ltr'><strong>ut</strong></span> <span class='ocrx_word' id='word_1_230' title='bbox 654 2959 728 3007; x_wconf 89' lang='lat' dir='ltr'><strong>cum</strong></span> <span class='ocrx_word' id='word_1_231' title='bbox 750 2937 1116 3026; x_wconf 69' lang='lat' dir='ltr'><strong>luturoleoniungatur‚</strong></span> <span class='ocrx_word' id='word_1_232' title='bbox 1138 2939 1227 3027; x_wconf 92' lang='lat' dir='ltr'><strong>qnod</strong></span> <span class='ocrx_word' id='word_1_233' title='bbox 1248 2948 1335 3011; x_wconf 80' lang='lat' dir='ltr'><strong>tem·</strong></span> 
     </span>
     <span class='ocr_line' id='line_1_27' title="bbox 143 3041 1334 3133; baseline -0.01 -20"><span class='ocrx_word' id='word_1_234' title='bbox 143 3065 204 3133; x_wconf 92' lang='lat' dir='ltr'><strong>pns</strong></span> <span class='ocrx_word' id='word_1_235' title='bbox 228 3053 259 3112; x_wconf 92' lang='lat' dir='ltr'><strong>et</strong></span> <span class='ocrx_word' id='word_1_236' title='bbox 285 3047 352 3131; x_wconf 85' lang='lat' dir='ltr'><strong>ipsa</strong></span> <span class='ocrx_word' id='word_1_237' title='bbox 376 3044 455 3112; x_wconf 91' lang='lat' dir='ltr'><strong>dieti</strong></span> <span class='ocrx_word' id='word_1_238' title='bbox 480 3052 596 3112; x_wconf 86' lang='lat' dir='ltr'><strong>natura</strong></span> <span class='ocrx_word' id='word_1_239' title='bbox 623 3041 776 3131; x_wconf 87' lang='lat' dir='ltr'><strong>postulet.</strong></span> <span class='ocrx_word' id='word_1_240' title='bbox 821 3041 942 3128; x_wconf 88' lang='lat' dir='ltr'><strong>Nempe</strong></span> <span class='ocrx_word' id='word_1_241' title='bbox 965 3042 1025 3111; x_wconf 89' lang='lat' dir='ltr'><strong>hoe</strong></span> <span class='ocrx_word' id='word_1_242' title='bbox 1052 3043 1184 3131; x_wconf 90' lang='lat' dir='ltr'><strong>quidem</strong></span> <span class='ocrx_word' id='word_1_243' title='bbox 1208 3047 1334 3133; x_wconf 83' lang='lat' dir='ltr'><strong>perspi.</strong></span> 
     </span>
     <span class='ocr_line' id='line_1_28' title="bbox 144 3146 1332 3234; baseline 0.002 -17"><span class='ocrx_word' id='word_1_244' title='bbox 144 3170 242 3218; x_wconf 89' lang='lat' dir='ltr'><strong>enum</strong></span> <span class='ocrx_word' id='word_1_245' title='bbox 266 3158 317 3216; x_wconf 90' lang='lat' dir='ltr'><strong>est</strong></span> <span class='ocrx_word' id='word_1_246' title='bbox 343 3148 462 3218; x_wconf 83' lang='lat' dir='ltr'><strong>dixisse</strong></span> <span class='ocrx_word' id='word_1_247' title='bbox 483 3148 719 3217; x_wconf 80' lang='lat' dir='ltr'><strong>Callicratidam</strong></span> <span class='ocrx_word' id='word_1_248' title='bbox 746 3146 867 3234; x_wconf 87' lang='lat' dir='ltr'><strong>aliquid</strong></span> <span class='ocrx_word' id='word_1_249' title='bbox 892 3148 924 3213; x_wconf 91' lang='lat' dir='ltr'><strong>in</strong></span> <span class='ocrx_word' id='word_1_250' title='bbox 949 3148 1032 3216; x_wconf 86' lang='lat' dir='ltr'><strong>hane</strong></span> <span class='ocrx_word' id='word_1_251' title='bbox 1053 3148 1273 3218; x_wconf 80' lang='lat' dir='ltr'><strong>sententium:</strong></span> <span class='ocrx_word' id='word_1_252' title='bbox 1295 3153 1332 3219; x_wconf 82' lang='grc' dir='ltr'><strong>οἰ</strong></span> 
     </span>
     <span class='ocr_line' id='line_1_29' title="bbox 144 3252 1334 3345; baseline 0.003 -23"><span class='ocrx_word' id='word_1_253' title='bbox 144 3261 188 3337; x_wconf 71' lang='grc' dir='ltr'><strong>μὴ</strong></span> <span class='ocrx_word' id='word_1_254' title='bbox 213 3255 351 3322; x_wconf 84' lang='grc' dir='ltr'><strong><em>κιίκιον</em></strong></span> <span class='ocrx_word' id='word_1_255' title='bbox 380 3254 526 3337; x_wconf 75' lang='grc' dir='ltr'><strong><em>πριίξει</em></strong></span> <span class='ocrx_word' id='word_1_256' title='bbox 551 3258 569 3332; x_wconf 79' lang='lat' dir='ltr'><strong>ri</strong></span> <span class='ocrx_word' id='word_1_257' title='bbox 592 3252 724 3336; x_wconf 80' lang='grc' dir='ltr'><strong><em>Σποίρπν</em></strong></span> <span class='ocrx_word' id='word_1_258' title='bbox 748 3253 834 3336; x_wconf 76' lang='grc' dir='ltr'><strong><em>πικροὶ</em></strong></span> <span class='ocrx_word' id='word_1_259' title='bbox 857 3254 910 3319; x_wconf 79' lang='grc' dir='ltr'><strong>τὸν</strong></span> <span class='ocrx_word' id='word_1_260' title='bbox 930 3255 1004 3334; x_wconf 76' lang='grc' dir='ltr'><strong>ἐμὸν</strong></span> <span class='ocrx_word' id='word_1_261' title='bbox 1026 3255 1167 3321; x_wconf 80' lang='grc' dir='ltr'><strong><em>θοίνιιτον.</em></strong></span> <span class='ocrx_word' id='word_1_262' title='bbox 1215 3253 1334 3345; x_wconf 81' lang='lat' dir='ltr'><strong>ltaque</strong></span> 
     </span>
     <span class='ocr_line' id='line_1_30' title="bbox 145 3358 1335 3448; baseline 0.004 -22"><span class='ocrx_word' id='word_1_263' title='bbox 145 3358 330 3427; x_wconf 86' lang='lat' dir='ltr'><strong>Diodorfins</strong></span> <span class='ocrx_word' id='word_1_264' title='bbox 350 3359 463 3447; x_wconf 85' lang='lat' dir='ltr'><strong>probat</strong></span> <span class='ocrx_word' id='word_1_265' title='bbox 487 3358 674 3427; x_wconf 88' lang='lat' dir='ltr'><strong>Schneideri</strong></span> <span class='ocrx_word' id='word_1_266' title='bbox 697 3361 933 3438; x_wconf 82' lang='lat' dir='ltr'><strong>coniecturam,</strong></span> <span class='ocrx_word' id='word_1_267' title='bbox 957 3360 1013 3447; x_wconf 90' lang='lat' dir='ltr'><strong>qui</strong></span> <span class='ocrx_word' id='word_1_268' title='bbox 1038 3369 1200 3448; x_wconf 80' lang='lat' dir='ltr'><strong>expuncto</strong></span> <span class='ocrx_word' id='word_1_269' title='bbox 1212 3362 1262 3442; x_wconf 83' lang='grc' dir='ltr'><strong>μιί</strong></span> <span class='ocrx_word' id='word_1_270' title='bbox 1283 3382 1335 3431; x_wconf 88' lang='lat' dir='ltr'><strong>re·</strong></span> 
     </span>
     <span class='ocr_line' id='line_1_31' title="bbox 144 3463 1333 3552; baseline 0.004 -22"><span class='ocrx_word' id='word_1_271' title='bbox 144 3463 281 3552; x_wconf 85' lang='lat' dir='ltr'><strong>ponebat</strong></span> <span class='ocrx_word' id='word_1_272' title='bbox 312 3467 479 3542; x_wconf 79' lang='grc' dir='ltr'><strong><em>οἰκιίσεποιι.</em></strong></span> <span class='ocrx_word' id='word_1_273' title='bbox 535 3463 598 3531; x_wconf 85' lang='lat' dir='ltr'><strong>Sed</strong></span> <span class='ocrx_word' id='word_1_274' title='bbox 627 3483 730 3549; x_wconf 86' lang='lat' dir='ltr'><strong>neque</strong></span> <span class='ocrx_word' id='word_1_275' title='bbox 761 3463 919 3550; x_wconf 87' lang='lat' dir='ltr'><strong>quomodo</strong></span> <span class='ocrx_word' id='word_1_276' title='bbox 945 3465 1102 3542; x_wconf 76' lang='grc' dir='ltr'><strong><em>οἰκήσεπιιι</em></strong></span> <span class='ocrx_word' id='word_1_277' title='bbox 1132 3464 1166 3532; x_wconf 80' lang='lat' dir='ltr'><strong>lu</strong></span> <span class='ocrx_word' id='word_1_278' title='bbox 1197 3468 1333 3537; x_wconf 81' lang='grc' dir='ltr'><strong><em>σίκείσισι</em></strong></span> 
     </span>
     <span class='ocr_line' id='line_1_32' title="bbox 144 3568 1336 3657; baseline 0.004 -21"><span class='ocrx_word' id='word_1_279' title='bbox 144 3569 233 3636; x_wconf 83' lang='lat' dir='ltr'><strong>abire</strong></span> <span class='ocrx_word' id='word_1_280' title='bbox 250 3570 389 3656; x_wconf 88' lang='lat' dir='ltr'><strong>potnerit</strong></span> <span class='ocrx_word' id='word_1_281' title='bbox 406 3578 544 3657; x_wconf 80' lang='lat' dir='ltr'><strong>expeto,</strong></span> <span class='ocrx_word' id='word_1_282' title='bbox 568 3588 672 3657; x_wconf 90' lang='lat' dir='ltr'><strong>neque</strong></span> <span class='ocrx_word' id='word_1_283' title='bbox 692 3569 837 3635; x_wconf 84' lang='grc' dir='ltr'><strong><em>οἰκεῖοθοιι</em></strong></span> <span class='ocrx_word' id='word_1_284' title='bbox 856 3568 911 3636; x_wconf 92' lang='lat' dir='ltr'><strong>sed</strong></span> <span class='ocrx_word' id='word_1_285' title='bbox 930 3571 1022 3637; x_wconf 77' lang='grc' dir='ltr'><strong><em>οἰκεῖν</em></strong></span> <span class='ocrx_word' id='word_1_286' title='bbox 1045 3568 1137 3637; x_wconf 86' lang='lat' dir='ltr'><strong>rideo</strong></span> <span class='ocrx_word' id='word_1_287' title='bbox 1155 3590 1195 3637; x_wconf 88' lang='lat' dir='ltr'><strong>eo</strong></span> <span class='ocrx_word' id='word_1_288' title='bbox 1212 3590 1336 3655; x_wconf 83' lang='lat' dir='ltr'><strong>sensu,</strong></span> 
     </span>
     <span class='ocr_line' id='line_1_33' title="bbox 144 3672 1334 3765; baseline 0.006 -24"><span class='ocrx_word' id='word_1_289' title='bbox 144 3694 238 3763; x_wconf 88' lang='lat' dir='ltr'><strong>quem</strong></span> <span class='ocrx_word' id='word_1_290' title='bbox 263 3672 353 3739; x_wconf 92' lang='lat' dir='ltr'><strong>locus</strong></span> <span class='ocrx_word' id='word_1_291' title='bbox 377 3674 534 3761; x_wconf 86' lang='lat' dir='ltr'><strong>postulat,</strong></span> <span class='ocrx_word' id='word_1_292' title='bbox 557 3675 633 3762; x_wconf 94' lang='lat' dir='ltr'><strong>poni</strong></span> <span class='ocrx_word' id='word_1_293' title='bbox 656 3673 767 3741; x_wconf 88' lang='lat' dir='ltr'><strong>solere.</strong></span> <span class='ocrx_word' id='word_1_294' title='bbox 815 3675 950 3742; x_wconf 84' lang='lat' dir='ltr'><strong>Ponitur</strong></span> <span class='ocrx_word' id='word_1_295' title='bbox 971 3676 1057 3742; x_wconf 90' lang='lat' dir='ltr'><strong>enim</strong></span> <span class='ocrx_word' id='word_1_296' title='bbox 1079 3677 1172 3743; x_wconf 84' lang='grc' dir='ltr'><strong><em>οἰκεῖν</em></strong></span> <span class='ocrx_word' id='word_1_297' title='bbox 1194 3696 1257 3765; x_wconf 91' lang='lat' dir='ltr'><strong>pro</strong></span> <span class='ocrx_word' id='word_1_298' title='bbox 1279 3682 1334 3749; x_wconf 82' lang='grc' dir='ltr'><strong>πθν</strong></span> 
     </span>
     <span class='ocr_line' id='line_1_34' title="bbox 142 3778 1332 3867; baseline 0.003 -19"><span class='ocrx_word' id='word_1_299' title='bbox 142 3783 210 3862; x_wconf 77' lang='grc' dir='ltr'><strong><em>βίον</em></strong></span> <span class='ocrx_word' id='word_1_300' title='bbox 241 3778 359 3859; x_wconf 72' lang='grc' dir='ltr'><strong><em>διάγειν</em></strong></span> <span class='ocrx_word' id='word_1_301' title='bbox 383 3789 412 3848; x_wconf 88' lang='lat' dir='ltr'><strong>et</strong></span> <span class='ocrx_word' id='word_1_302' title='bbox 439 3778 479 3846; x_wconf 92' lang='lat' dir='ltr'><strong>de</strong></span> <span class='ocrx_word' id='word_1_303' title='bbox 503 3779 639 3867; x_wconf 85' lang='lat' dir='ltr'><strong>singulis</strong></span> <span class='ocrx_word' id='word_1_304' title='bbox 673 3778 857 3847; x_wconf 89' lang='lat' dir='ltr'><strong>hominihus</strong></span> <span class='ocrx_word' id='word_1_305' title='bbox 880 3789 912 3846; x_wconf 82' lang='lat' dir='ltr'><strong>et</strong></span> <span class='ocrx_word' id='word_1_306' title='bbox 942 3779 982 3848; x_wconf 88' lang='lat' dir='ltr'><strong>de</strong></span> <span class='ocrx_word' id='word_1_307' title='bbox 1015 3788 1081 3848; x_wconf 83' lang='lat' dir='ltr'><strong>tota</strong></span> <span class='ocrx_word' id='word_1_308' title='bbox 1113 3781 1262 3861; x_wconf 82' lang='lat' dir='ltr'><strong>ciuitate,</strong></span> <span class='ocrx_word' id='word_1_309' title='bbox 1298 3784 1332 3853; x_wconf 87' lang='lat' dir='ltr'><strong>id</strong></span> 
     </span>
     <span class='ocr_line' id='line_1_35' title="bbox 142 3884 1333 3973; baseline -0.001 -18"><span class='ocrx_word' id='word_1_310' title='bbox 142 3895 192 3956; x_wconf 86' lang='lat' dir='ltr'><strong>est</strong></span> <span class='ocrx_word' id='word_1_311' title='bbox 212 3887 252 3956; x_wconf 89' lang='lat' dir='ltr'><strong>de</strong></span> <span class='ocrx_word' id='word_1_312' title='bbox 273 3886 481 3955; x_wconf 86' lang='lat' dir='ltr'><strong>multitudine</strong></span> <span class='ocrx_word' id='word_1_313' title='bbox 504 3886 636 3963; x_wconf 84' lang='lat' dir='ltr'><strong>civium,</strong></span> <span class='ocrx_word' id='word_1_314' title='bbox 660 3885 843 3973; x_wconf 87' lang='lat' dir='ltr'><strong>diciturque</strong></span> <span class='ocrx_word' id='word_1_315' title='bbox 864 3888 938 3973; x_wconf 89' lang='lat' dir='ltr'><strong>quis</strong></span> <span class='ocrx_word' id='word_1_316' title='bbox 957 3884 991 3952; x_wconf 84' lang='grc' dir='ltr'><strong>εθ</strong></span> <span class='ocrx_word' id='word_1_317' title='bbox 1013 3887 1080 3953; x_wconf 87' lang='lat' dir='ltr'><strong>sive</strong></span> <span class='ocrx_word' id='word_1_318' title='bbox 1101 3894 1227 3969; x_wconf 70' lang='lat' dir='ltr'><strong>cende,</strong></span> <span class='ocrx_word' id='word_1_319' title='bbox 1249 3892 1333 3972; x_wconf 70' lang='grc' dir='ltr'><strong>βέν-</strong></span> 
     </span>
     <span class='ocr_line' id='line_1_36' title="bbox 142 3990 1332 4076; baseline 0 -13"><span class='ocrx_word' id='word_1_320' title='bbox 142 4019 204 4063; x_wconf 80' lang='grc' dir='ltr'><strong><em>πινν</em></strong></span> <span class='ocrx_word' id='word_1_321' title='bbox 228 3996 336 4069; x_wconf 90' lang='grc' dir='ltr'><strong><em>οἰκεῖν,</em></strong></span> <span class='ocrx_word' id='word_1_322' title='bbox 368 3999 492 4069; x_wconf 70' lang='grc' dir='ltr'><strong><em>κακῶς,</em></strong></span> <span class='ocrx_word' id='word_1_323' title='bbox 525 4000 628 4076; x_wconf 78' lang='grc' dir='ltr'><strong><em>χεῖρον</em></strong></span> <span class='ocrx_word' id='word_1_324' title='bbox 655 3993 768 4066; x_wconf 89' lang='grc' dir='ltr'><strong><em>οἰκεῖν,</em></strong></span> <span class='ocrx_word' id='word_1_325' title='bbox 794 3994 950 4072; x_wconf 73' lang='grc' dir='ltr'><strong><em>νομίμως,</em></strong></span> <span class='ocrx_word' id='word_1_326' title='bbox 973 3990 1134 4075; x_wconf 73' lang='grc' dir='ltr'><strong><em>σωφρόνως</em></strong></span> <span class='ocrx_word' id='word_1_327' title='bbox 1159 3995 1278 4076; x_wconf 83' lang='grc' dir='ltr'><strong><em>οἰκεῖν,</em></strong></span> <span class='ocrx_word' id='word_1_328' title='bbox 1299 4005 1332 4065; x_wconf 85' lang='lat' dir='ltr'><strong>et</strong></span> 
     </span>
     <span class='ocr_line' id='line_1_37' title="bbox 143 4094 1334 4184; baseline 0.003 -19"><span class='ocrx_word' id='word_1_329' title='bbox 143 4097 327 4180; x_wconf 74' lang='grc' dir='ltr'><strong><em>εοίδιιιμθνοος</em></strong></span> <span class='ocrx_word' id='word_1_330' title='bbox 350 4101 463 4173; x_wconf 84' lang='grc' dir='ltr'><strong><em>οἰκεῖν,</em></strong></span> <span class='ocrx_word' id='word_1_331' title='bbox 492 4106 525 4165; x_wconf 86' lang='lat' dir='ltr'><strong>et</strong></span> <span class='ocrx_word' id='word_1_332' title='bbox 547 4098 646 4181; x_wconf 79' lang='grc' dir='ltr'><strong><em>οἰκρως</em></strong></span> <span class='ocrx_word' id='word_1_333' title='bbox 668 4098 778 4175; x_wconf 87' lang='grc' dir='ltr'><strong><em>οἰκεῖν,</em></strong></span> <span class='ocrx_word' id='word_1_334' title='bbox 810 4097 895 4183; x_wconf 87' lang='lat' dir='ltr'><strong>quod</strong></span> <span class='ocrx_word' id='word_1_335' title='bbox 918 4095 958 4164; x_wconf 86' lang='lat' dir='ltr'><strong>tle</strong></span> <span class='ocrx_word' id='word_1_336' title='bbox 978 4094 1120 4184; x_wconf 75' lang='lat' dir='ltr'><strong>perlecta</strong></span> <span class='ocrx_word' id='word_1_337' title='bbox 1138 4096 1262 4167; x_wconf 77' lang='lat' dir='ltr'><strong>civium</strong></span> <span class='ocrx_word' id='word_1_338' title='bbox 1287 4098 1334 4169; x_wconf 83' lang='lat' dir='ltr'><strong>le·</strong></span> 
     </span>
    </p>
   </div>
   <div class='ocr_carea' id='block_1_4' title="bbox 33 4201 1332 4280">
    <p class='ocr_par' dir='ltr' id='par_1_7' title="bbox 33 4201 1332 4280">
     <span class='ocr_line' id='line_1_38' title="bbox 33 4201 1332 4280; baseline 0.008 -17"><span class='ocrx_word' id='word_1_339' title='bbox 33 4259 35 4263; x_wconf 85' lang='lat'>.</span> <span class='ocrx_word' id='word_1_340' title='bbox 143 4205 264 4271; x_wconf 77' lang='lat' dir='ltr'><strong>licitare</strong></span> <span class='ocrx_word' id='word_1_341' title='bbox 287 4201 377 4270; x_wconf 86' lang='lat' dir='ltr'><strong>Plato</strong></span> <span class='ocrx_word' id='word_1_342' title='bbox 397 4202 498 4280; x_wconf 86' lang='lat' dir='ltr'><strong>dixit,</strong></span> <span class='ocrx_word' id='word_1_343' title='bbox 522 4203 576 4270; x_wconf 88' lang='lat' dir='ltr'><strong>nbi</strong></span> <span class='ocrx_word' id='word_1_344' title='bbox 601 4204 746 4270; x_wconf 85' lang='grc' dir='ltr'><strong><em>οῖκεῖοθοιι</em></strong></span> <span class='ocrx_word' id='word_1_345' title='bbox 770 4201 895 4270; x_wconf 91' lang='lat' dir='ltr'><strong>nullum</strong></span> <span class='ocrx_word' id='word_1_346' title='bbox 920 4201 1016 4271; x_wconf 85' lang='lat' dir='ltr'><strong>hehet</strong></span> <span class='ocrx_word' id='word_1_347' title='bbox 1033 4202 1139 4271; x_wconf 93' lang='lat' dir='ltr'><strong>locum</strong></span> <span class='ocrx_word' id='word_1_348' title='bbox 1164 4211 1199 4271; x_wconf 86' lang='lat' dir='ltr'><strong>et</strong></span> <span class='ocrx_word' id='word_1_349' title='bbox 1224 4205 1332 4273; x_wconf 81' lang='lat' dir='ltr'><strong>risum</strong></span> 
     </span>
    </p>
   </div>
   <div class='ocr_carea' id='block_1_5' title="bbox 143 4306 1335 4396">
    <p class='ocr_par' dir='ltr' id='par_1_8' title="bbox 143 4306 1335 4396">
     <span class='ocr_line' id='line_1_39' title="bbox 143 4306 1335 4396; baseline 0.007 -21"><span class='ocrx_word' id='word_1_350' title='bbox 143 4310 220 4375; x_wconf 84' lang='lat' dir='ltr'><strong>adeo</strong></span> <span class='ocrx_word' id='word_1_351' title='bbox 242 4317 407 4385; x_wconf 83' lang='lat' dir='ltr'><strong>moveret,</strong></span> <span class='ocrx_word' id='word_1_352' title='bbox 444 4310 542 4376; x_wconf 83' lang='lat' dir='ltr'><strong>veluti</strong></span> <span class='ocrx_word' id='word_1_353' title='bbox 576 4306 659 4396; x_wconf 86' lang='lat' dir='ltr'><strong>opud</strong></span> <span class='ocrx_word' id='word_1_354' title='bbox 695 4308 886 4377; x_wconf 79' lang='lat' dir='ltr'><strong>Aeschinem</strong></span> <span class='ocrx_word' id='word_1_355' title='bbox 919 4307 958 4375; x_wconf 94' lang='lat' dir='ltr'><strong>de</strong></span> <span class='ocrx_word' id='word_1_356' title='bbox 982 4307 1070 4375; x_wconf 76' lang='lat' dir='ltr'><strong>ut.</strong></span> <span class='ocrx_word' id='word_1_357' title='bbox 1093 4306 1209 4391; x_wconf 69' lang='lat'><strong>§102</strong></span> <span class='ocrx_word' id='word_1_358' title='bbox 1233 4312 1335 4385; x_wconf 73' lang='grc' dir='ltr'><strong><em>οὐδεὶς</em></strong></span> 
     </span>
    </p>
   </div>
   <div class='ocr_carea' id='block_1_6' title="bbox 0 0 1479 5010">
    <p class='ocr_par' dir='ltr' id='par_1_9' title="bbox 0 0 1479 5010">
     <span class='ocr_line' id='line_1_40' title="bbox 0 0 1479 5010; baseline 0 0"><span class='ocrx_word' id='word_1_359' title='bbox 0 0 1479 5010; x_wconf 95' lang='lat' dir='ltr'><strong> </strong></span> 
     </span>
    </p>
   </div>
  </div>
 </body>
</html>
