2940 5010
692 278 754 338 1ro

135 457 166 532 iu
192 453 346 520 Vossiano
370 449 456 518 nulla
479 457 528 516 esl
551 457 583 515 el
605 455 654 515 sal
672 447 790 527 mulla,
811 450 838 516 si
863 450 1030 517 oculorum
1053 452 1157 519 aciem
1180 453 1302 521 inleude·

133 560 194 636 ris,
217 565 373 645 apparent
393 576 475 644 quae
496 555 542 620 illi
561 552 751 622 festinantes
770 554 919 623 omittere
942 555 1128 623 maluerunt
1151 578 1245 645 quam
1260 559 1304 627 diu

134 683 299 750 quaerere.
346 661 433 730 llabo
463 659 656 748 exemplum.
703 659 779 747 Pag.
804 664 881 742 214.
905 659 938 727 C,
963 660 1099 748 legitur:
1123 662 1307 747 Ἀλέξανδροι

133 770 165 837 δέ
194 768 246 836 xci
275 765 357 850 ἤνοιν
384 764 515 855 indueus:
534 770 608 847 ποορ’
628 765 736 836 έοινσθν
765 765 792 854 (i
817 765 999 856 Διογένης),
1026 767 1054 834 ei
1077 763 1156 835 οθτοι
1182 770 1197 836 θ
1223 771 1306 851 nlo,

134 877 204 942 sine
225 893 331 941 sensu.
367 872 472 940 Codex
494 871 523 938 ei
541 896 583 955 σῳ
603 870 692 945 orele
711 872 726 935 l
747 871 844 947 Δίον,
868 880 993 959 etpost
1014 890 1134 960 pauca:
1156 871 1180 941 ἃ
1199 875 1231 942 δὲ
1248 879 1308 960 reple

134 980 334 1064 Ἀλέξανδρον
356 979 521 1062 olympo
541 979 574 1043 οὐ
594 977 760 1057 βασιλικοὶ
782 976 979 1059 παραινέσεις
1000 977 1091 1054 sicile
1114 999 1156 1047 ne
1175 982 1248 1068 quis
1263 1002 1311 1071 pc·

134 1094 181 1154 lel
212 1085 362 1171 Diogenis
386 1082 426 1150 ad
449 1081 666 1161 Alexandrum
696 1081 847 1170 epistolas
875 1081 999 1150 loliano
1027 1082 1128 1150 leelae
1155 1086 1312 1155 selendum

133 1199 183 1269 esi
207 1193 240 1258 io
264 1188 379 1257 Codice
402 1189 475 1270 πρὸς
498 1188 673 1270 θρχθθοιριον
696 1189 854 1276 scriplum
878 1209 947 1257 csse
971 1187 1027 1257 sod
1048 1187 1197 1258 obscuris
1219 1199 1252 1260 el
1271 1192 1312 1262 ic·

133 1295 299 1384 glenlibus
319 1294 455 1373 litteris,
479 1292 688 1380 quamobrem
712 1293 898 1362 maluerunt
924 1312 1042 1382 ponere
1062 1314 1180 1363 nomeu
1201 1297 1312 1385 quood·

133 1404 187 1471 liet
208 1398 384 1489 quamdiu
404 1397 692 1486 elmullumquid
715 1408 800 1466 esset
816 1402 975 1488 seriptum
999 1400 1125 1468 rimari.
1160 1401 1210 1471 Ad
1231 1403 1312 1471 lulis

136 1528 213 1574 num
236 1504 408 1594 aliquando
427 1502 554 1581 redibo,
577 1523 665 1571 nunc
684 1503 725 1572 ad
746 1506 892 1574 Comicus
914 1503 1097 1574 revertendi
1116 1513 1247 1595 tempus
1263 1518 1312 1577 σοι

179 1614 310 1680 Faciam
336 1629 454 1687 novum
485 1610 617 1680 initium
648 1608 689 1676 ab
717 1609 856 1698 llplrippi
883 1609 1065 1699 fragmento
1094 1611 1180 1698 apud
1209 1613 1312 1683 aunon.

136 1723 212 1798 ,359-
238 1719 291 1797 ll,
315 1717 347 1783 in
371 1736 437 1804 quo
459 1734 568 1782 veram
598 1715 794 1803 scripturam
825 1715 906 1783 milri
936 1716 1073 1803 eonligil
1099 1719 1252 1806 reperire.
1284 1719 1312 1787 lu

134 1823 247 1890 Codice
270 1822 405 1909 {egilum

852 1928 1028 2010 ἐγχελύδια

315 2034 457 2115 Θήβηθεν
480 2033 568 2100 ἕνθοπ·
591 2031 736 2116 ἔρχεσθον,
761 2032 796 2098 ἐκ
817 2031 932 2100 ποθπιον
950 2033 1055 2115 λοιβέ.

314 2138 539 2222 θλεκπροιθνιον,
562 2138 714 2222 Φθσπιον,
736 2136 900 2219 περδίκιον,

314 2249 463 2311 τοιοῦτον.
488 2244 644 2319 δασύπους
667 2241 721 2310 έοθν
743 2267 792 2317 πιρ
816 2243 929 2328 ἐπέλθῃ
951 2242 1038 2328 φέρε.

133 2351 167 2415 iu
192 2347 333 2415 seeundo
360 2368 457 2415 versu
487 2368 600 2416 verum
624 2346 914 2428 dulcimodos,
937 2350 1050 2436 quiin
1073 2348 1202 2418 delevit.
1249 2352 1312 2421 dei·

131 2454 247 2521 nelrius
274 2452 385 2537 ἔρχεθ’,
408 2451 440 2519 ἓν
467 2453 582 2521 τούτων
609 2453 695 2536 nelli
719 2452 900 2521 rescribens
927 2454 1067 2543 lepidam
1090 2455 1152 2524 loci
1173 2458 1312 2540 ιὶρονοθοι

131 2560 324 2627 obscuravit.
373 2559 410 2625 ln
439 2556 502 2625 line
525 2558 637 2625 Criliei
663 2556 701 2624 θν
724 2558 839 2644 έσέιθρ
858 2586 906 2635 σος
930 2560 979 2627 vel
1002 2562 1038 2639 llo
1060 2586 1108 2636 τις
1132 2563 1254 2651 εἰσέλθῃ
1273 2565 1312 2631 ira

131 2664 268 2733 feliciter
291 2663 464 2731 admodum
488 2670 662 2751 reponunt:
687 2683 791 2751 neque
813 2665 989 2749 θπέρχοροοοι
1012 2684 1118 2754 neque
1140 2670 1312 2753 εἰσέρχομαι

129 2772 164 2838 in
193 2790 231 2837 ea
261 2790 297 2836 re
329 2768 425 2836 habet
450 2768 568 2835 locum.
615 2770 806 2857 Requiritur
835 2770 987 2859 simplex,
1016 2774 1198 2861 requiritur
1220 2772 1312 2863 peric

130 2884 238 2942 etum:
262 2893 337 2942 eece
354 2874 488 2943 emieat:
515 2875 671 2953 δοσύποοι
688 2874 728 2941 olo
747 2900 795 2951 τις
814 2876 961 2962 έιννιθθρ,
982 2876 1070 2962 φέρι.
1117 2877 1225 2947 Verba
1244 2884 1312 2957 sunl

129 2980 200 3049 heri
221 2980 260 3061 ad
280 2979 444 3055 servulum
468 2979 683 3063 θψονθσονσοι,
707 2981 816 3068 itaque
839 2982 941 3048 miror
959 2982 994 3048 in
1018 2983 1296 3070 proeoodonrious:

648 3087 726 3153 ἀλλ’
743 3086 897 3171 οὶνθριισον
918 3090 1072 3166 εὐτελῶς,
1093 3132 1096 3139 »
1254 3073 1261 3086 ’

357 3191 445 3266 cirac
468 3191 531 3274 γὰρ
555 3186 657 3260 θιοοινθν
681 3193 738 3263 dcc.
762 3204 797 3260 B.
821 3192 923 3277 Φροθζε
945 3191 979 3260 el
1001 3217 1089 3263 ποτε.

131 3298 294 3379 neminem
314 3296 392 3364 dum
415 3297 573 3385 reperisse
592 3297 709 3364 Poetae
729 3317 879 3375 manum,
905 3315 981 3365 nam
1001 3297 1163 3386 quidest,
1186 3318 1312 3388 quomo,

130 3404 232 3486 φράζε
256 3405 292 3481 ὃν
317 3428 411 3481 ποτε,
434 3401 519 3490 quod
544 3403 750 3492 nescioquis
778 3403 893 3471 leuiler
921 3405 1110 3494 supposuit?
1136 3413 1174 3473 lu
1197 3402 1312 3477 scribae

132 3507 252 3590 Φροθζε,
280 3506 427 3573 δέσποποι.

176 3612 212 3678 ln
237 3612 475 3701 Aristophonlis
499 3612 678 3702 fragmento
700 3612 815 3681 Allien.
841 3618 917 3682 559.
940 3614 977 3681 o.

358 3719 451 3795 κονκθο
474 3727 575 3795 κοινῶς
598 3721 707 3798 γένοιθ’
729 3720 743 3786 θ
763 3720 874 3800 ripae
898 3720 1053 3802 δεύτεροι,

130 3825 246 3892 vilium
279 3824 362 3893 inest
391 3822 600 3892 manifestum
629 3834 661 3892 et
695 3842 759 3892 una
790 3833 917 3892 lantum
947 3834 999 3894 eso
1028 3825 1221 3906 emendandi
1253 3827 1312 3905 oie:

132 3951 246 4019 ueurpe
269 3931 389 3999 Graece
409 3929 599 3997 dicendum:

359 4040 452 4111 κοινὸς
476 4043 577 4110 κοινῶς
602 4033 739 4103 οἱπθλοιθ
761 4036 775 4102 θ
797 4037 906 4115 ripae
930 4037 1079 4120 δεύτερος.

129 4142 213 4228 quuod
238 4153 406 4231 supererat
432 4143 476 4173 *⁴
502 4152 576 4208 010
600 4140 777 4210 Graeculus
799 4142 906 4231 inepte
930 4142 1078 4230 explevit.

174 4249 208 4314 lu
233 4250 363 4335 Cratino
386 4250 510 4315 iuniore
536 4249 665 4337 (sequar
687 4250 772 4315 enim
794 4247 989 4316 lleinellium
1013 4250 1047 4316 in
1068 4250 1104 4319 F.
1126 4250 1159 4318 C.
1179 4252 1219 4322 G.
1245 4252 1312 4322 edil

127 4354 220 4438 ruiu.)
246 4354 331 4442 apud
358 4354 472 4421 llllreu.
497 4358 572 4420 661.
598 4353 635 4423 Ε.
660 4355 692 4421 iu
718 4355 832 4422 Codice
853 4374 922 4422 esse
946 4354 1079 4423 dicitur:
