2940 5010
694 291 757 353 295

322 460 533 545 σπουδάζομεν
558 463 588 527 δὲ
612 462 705 529 πόλλ’
730 464 782 528 ὑπ’
805 460 934 527 ἐλπίδων
956 464 1069 541 κενῶν,

321 568 426 649 μόνοιν
447 568 554 641 σόνονς
577 566 702 649 ἔχοντες
726 568 808 634 οὐδὲν
831 566 954 641 εἰδότες.

186 672 269 755 Quis
288 674 417 761 ignorat
440 693 536 759 quam
558 692 651 760 saepe
673 673 758 738 κενοὶ
778 674 900 747 laedar
924 691 942 737 a
967 674 1069 758 poetis
1088 672 1152 740 diei
1179 673 1321 741 soleant?

140 778 305 847 Tenemus
327 780 429 867 igitur
448 778 594 845 fraudem
619 775 833 844 manifestam.
879 778 978 844 llulto
1005 776 1128 845 loedius
1157 778 1324 865 inquinata

139 891 220 951 sunt
243 882 343 951 rerba
362 892 475 972 poetae
495 883 520 950 l.
544 890 577 951 5.

907 995 997 1055 Μισῶ

324 1096 420 1179 σοφόν
443 1098 474 1161 ἒν
495 1096 652 1175 λόγοισιν,
676 1096 707 1167 ἐς
732 1096 757 1160 δ’
779 1096 877 1169 όνιισιν
899 1097 932 1160 οὐ
956 1094 1061 1177 σοφόν.

140 1216 292 1287 expunge
313 1198 378 1265 duo
395 1199 584 1266 emblemata
606 1209 638 1266 et
658 1198 844 1286 Euripidem
870 1219 1042 1285 agnosces:

324 1310 416 1371 Μισῶ
440 1307 535 1388 σοφόν
557 1307 714 1385 λόγοισιν,
737 1306 768 1377 ἐς
791 1308 818 1372 δ’
841 1305 939 1381 όνιισιν
961 1304 1007 1370 οὔ.

140 1408 258 1479 uniter
278 1409 398 1479 adiuva
421 1408 616 1478 laborantem
642 1410 815 1496 Tragioum
838 1410 905 1477 Vll.
930 1416 960 1476 ὅ.

280 1517 437 1599 πρὸστὰς
459 1518 586 1598 χρήσεις
608 1518 670 1597 χρὴ
693 1516 746 1582 nai
769 1517 812 1582 σοὶ
836 1515 1017 1598 erpoinum
1040 1526 1164 1585 σκοπεῖν

281 1620 335 1688 arai
359 1621 563 1696 valedictione
586 1628 645 1689 σῶν
668 1628 769 1687 κοινῶν
791 1648 826 1688 σε
850 1623 1006 1700 uenator.

141 1726 213 1793 ime
232 1744 309 1793 vero
330 1730 405 1809 πρὸς
426 1727 486 1801 σόος
507 1727 618 1811 φύσεις
636 1730 910 1808 χρὴ-σκοπεῖν,
934 1728 961 1793 si
986 1728 1034 1793 vis
1058 1726 1245 1814 Euripidem
1272 1748 1326 1793 au·

141 1829 227 1899 dire.
273 1832 419 1919 Ineptum
443 1832 720 1919 interpolationem
745 1832 828 1898 male
850 1831 970 1898 occulit
992 1831 1225 1899 mansuile.

329 1938 345 2003 ό
367 1938 394 2003 δ’
417 1938 489 2015 ἡδὺς
512 1940 583 2005 aido
608 1942 627 2015 ἡ
649 1940 729 2016 κιικιὶ
753 1942 783 2003 τ’
806 1937 945 2016 eironeia

328 2044 392 2111 οὔτ’
415 2039 494 2110 οἶκον
515 2043 586 2110 οὔτε
609 2051 708 2123 oeteo
731 2043 881 2124 όρόώσειεν
905 2041 953 2109 όιν.

143 2146 231 2217 unm
252 2157 290 2215 tu
315 2146 393 2215 lraee
417 2150 522 2237 ipsum
541 2147 727 2235 Euripidem
753 2147 878 2213 dedisse
898 2148 1064 2213 existimas
1077 2146 1088 2212 ‚⁹
1101 2157 1143 2215 ‚et
1165 2146 1230 2215 οὔτ’
1251 2144 1329 2215 οἷκον

140 2252 218 2321 οὖσι
241 2260 341 2334 raian
364 2254 397 2319 in
421 2253 480 2320 hae
504 2255 663 2320 sententia
689 2254 769 2319 liene
793 2254 938 2339 componi
969 2252 1088 2340 putas?
1135 2252 1242 2321 Placet
1264 2254 1329 2321 edi·

143 2358 210 2427 tori
245 2366 375 2433 lumen.
410 2360 464 2446 qui
499 2361 749 2445 lrrlerpr·elatu1·:
787 2390 800 2417 a
814 2380 911 2445 nepote
945 2379 1040 2423 ιιιιιιιιι
1072 2358 1198 2423 domum
1231 2381 1330 2446 neque

142 2484 271 2533 σιιιιισιιι
304 2465 493 2533 ciuitatem.”
540 2464 573 2531 Si
608 2466 654 2529 sie
691 2465 896 2549 interpretari
931 2462 1039 2529 lieelrit
1074 2463 1160 2528 nulla
1191 2484 1327 2551 usquam

142 2568 293 2639 haerebit
314 2568 498 2637 difficultas.
546 2569 607 2636 Sed
627 2568 758 2654 affulget
781 2568 836 2635 lux
860 2567 998 2634 aliunde.
1046 2568 1100 2635 Bis
1123 2568 1233 2636 eadem
1258 2591 1329 2637 sen-

142 2676 250 2745 tentia
272 2674 414 2741 indidem
443 2683 568 2742 servata
591 2674 675 2762 apud
705 2673 874 2739 Stolraeum
904 2682 952 2738 ost
980 2672 1088 2739 Floril.
1110 2674 1193 2742 Vlll.
1220 2682 1272 2743 15.
1296 2686 1328 2743 et

140 2780 263 2851 mx.
287 2784 342 2847 22.
390 2780 456 2847 lloe
478 2790 585 2847 autem
610 2779 678 2846 loeo
699 2799 738 2845 ex
761 2777 941 2845 Erechtheo
963 2776 1116 2846 affertur:

328 2887 393 2953 ὁδ’
417 2887 488 2963 ἡδὺς
510 2888 583 2952 aida
606 2890 623 2963 ἡ
647 2888 727 2961 κοινή
750 2888 779 2951 ν’
802 2884 942 2962 avernia

328 2992 394 3057 οὔτ’
416 2982 493 3057 οἶκόν
516 2992 586 3058 οὔτε
609 2991 711 3069 βίοτον
735 2991 816 3057 οὐδὲν
840 2993 965 3071 ὠφελεῖ.

141 3116 231 3185 quae
252 3096 350 3163 etiam
377 3097 480 3183 magis
502 3096 638 3163 miriliea
665 3105 713 3162 est
734 3096 891 3181 oppositio
915 3095 978 3160 οὔτ’
1001 3092 1079 3167 οἶκος
1110 3098 1179 3162 οὔτε
1211 3098 1325 3176 βίοτος.

141 3202 232 3271 Eeee
253 3200 321 3289 ipse
348 3200 520 3288 Euripides
543 3201 646 3287 prodit
669 3201 782 3268 leviter
804 3210 929 3265 tanturn
954 3197 1141 3266 vulneratus
1163 3222 1201 3268 ex
1226 3203 1326 3270 altero

142 3304 239 3375 loeo:
260 3308 424 3390 Εὖρισόδον
446 3307 629 3390 Ἀρχελόῳ·

330 3413 396 3479 ὅδ’
420 3413 491 3489 ἡδὺς
514 3414 586 3479 aida
610 3416 628 3489 ἡ
652 3414 731 3490 κιικιὶ
756 3414 785 3477 τ’
808 3412 954 3492 evenleia

330 3516 396 3583 οὔτ’
418 3515 496 3585 οἶκον
519 3519 589 3585 οὔτε
613 3518 703 3584 πόλιν
729 3518 744 3549 *
767 3518 916 3599 ορόόισειεν
940 3515 989 3583 aiv.

144 3622 374 3709 unusquisqne
399 3625 509 3690 statim
533 3624 709 3691 eorrexerit
731 3624 920 3704 ιὶνιρόώσειεν
943 3620 1003 3699 ἄν,
1027 3621 1110 3707 quod
1139 3623 1331 3693 anokeaae·

142 3728 221 3797 rius
242 3734 276 3793 et
298 3726 459 3794 Porsonus
485 3737 729 3815 praeceperunt.
777 3728 842 3793 lloe
866 3727 996 3793 demum
1025 3747 1140 3793 sanum
1164 3737 1196 3795 et
1219 3733 1329 3816 genui·

145 3852 231 3901 num
254 3838 323 3899 eut:
352 3828 431 3906 oleae
464 3842 495 3899 et
525 3835 614 3907 πόλις
641 3835 673 3897 in
700 3831 754 3898 tali
785 3854 820 3899 re
847 3833 974 3919 egregie
1003 3845 1257 3918 componuntur,
1293 3845 1331 3903 ut

141 3934 183 4007 εὖ
203 3938 326 4005 διοικεῖν
345 3938 436 4004 πόλιν
459 3938 511 4004 ael
534 3940 630 4005 riulan
654 3958 748 4024 saepe
773 3938 857 4024 apum
882 3937 1044 4003 Platonem
1076 3937 1190 4005 docere
1213 3961 1246 4007 se
1274 3941 1330 4009 So-

144 4042 278 4133 phietae
299 4042 516 4131 profitentur,
542 4046 633 4110 utin
663 4044 739 4130 llep.
760 4045 797 4110 X.
831 4064 861 4129 p.
883 4048 948 4110 600
971 4044 1007 4108 u.
1040 4042 1104 4109 οὔτ’
1133 4046 1228 4111 vietae
1259 4049 1330 4114 οὔτε

141 4148 244 4217 πόλιν
271 4150 327 4227 σὺν
351 4152 451 4217 αὐτῶν
474 4151 591 4217 διοικεῖν
613 4146 667 4216 οἶοί
689 4154 718 4215 τ’
746 4148 889 4221 ἔσοντοιι.
925 4148 979 4215 ulti
1001 4148 1093 4236 plura
1119 4148 1205 4217 dedii
1238 4152 1330 4219 Stall-

141 4254 313 4325 ltenmlus.
360 4254 433 4345 lpse
455 4254 624 4341 Euripides
653 4254 728 4321 alilri
755 4255 840 4322 Stel).
865 4254 972 4321 Floril.
992 4254 1069 4321 mv.
1095 4260 1125 4321 u.
