2940 5010
648 287 711 346 425

75 458 217 539 γθλαεπο
239 457 268 525 θ’
287 459 341 536 ἤδη
361 458 412 524 ἐπ’
434 458 528 524 αὐτὸν
548 459 697 539 ςραπεύοο,
720 458 893 525 sedetiam
919 461 988 525 sinc
1009 459 1100 527 lihris
1123 471 1266 547 emerget

75 564 222 653 muira
249 562 345 631 lectio
374 565 591 646 παρήγγελτο.
638 562 728 630 ldcm
762 564 876 629 vitium
907 564 1128 654 Thucydidem
1162 568 1266 636 inlicit

76 668 166 737 Vll!-
191 672 245 737 tu.
277 670 381 746 ἐπειδὴ
415 670 468 735 καὶ
506 669 815 746 εἰσηγγέλλετο
850 672 955 744 adroic
985 674 1002 745 d
1028 673 1059 736 ἐν
1089 683 1128 757 πῇ
1165 671 1267 756 Σούροιρ

76 776 232 859 ταραχή,
260 776 326 841 imo
357 793 432 840 roro
462 775 674 853 εἰπιὶγγεοιπο,
710 786 746 841 ιιι
773 776 878 842 locum
916 777 1100 864 inspicienti
1134 776 1265 864 patebit.

76 878 286 955 {animabile
310 878 493 966 exemplum
518 879 662 946 eiusdem
691 883 811 947 erroris
839 889 1033 968 postpauca
1065 883 1150 969 apud
1180 882 1266 950 'lhu-

74 982 229 1075 eydidem
245 985 390 1053 occurrit
404 984 623 1065 προσεδέχοντο
641 987 692 1052 πθν
712 988 946 1069 Σπροροβιχθθιρν
957 988 1137 1066 βοηθήσειν·
1161 990 1265 1069 πρού-

75 1090 297 1173 π-ύπε-ριππο
326 1090 391 1173 γοὶρ
414 1091 498 1172 αύπῷ
522 1087 682 1170 ἄγγελος,
709 1092 764 1158 uhi
789 1093 822 1158 in
847 1092 937 1158 libris
960 1091 1111 1158 omnihus
1134 1102 1183 1159 est
1206 1102 1264 1159 eut

75 1196 285 1279 πραύτεροππο
312 1204 370 1263 eut
403 1194 634 1278 προύπέμπετο.
690 1196 920 1283 Imperfectum
951 1196 1172 1279 προύπέροπεπο
1201 1218 1263 1264 ιιοιι

75 1302 191 1373 mium
209 1298 287 1369 huic
309 1299 379 1367 loco
398 1298 498 1365 officit
529 1309 625 1388 atque
656 1301 702 1367 illi
726 1302 971 1381 εύπιργγθοιαεπο,
995 1310 1028 1368 et
1057 1323 1187 1389 prorsus
1214 1323 1264 1370 ea·

74 1404 154 1475 dem
176 1413 227 1475 eet
255 1406 427 1493 utriusque
461 1406 581 1471 erroris
605 1407 704 1492 origo.
755 1407 844 1474 hddo
867 1407 972 1474 locum
1008 1407 1136 1474 Diodori
1164 1407 1264 1477 Siculi

77 1510 172 1581 ΠΧ.
195 1516 227 1579 9.
258 1511 480 1591 ἐπηγγέλλετο
501 1510 564 1591 γὰρ
587 1514 784 1591 Ἀγαθοκλῆς
805 1513 857 1580 καὶ
876 1520 974 1596 χρεῶν
993 1514 1156 1587 οὶποιιοπθοο
1180 1517 1250 1591 ποιοί

73 1618 194 1685 culae
219 1617 275 1685 καὶ
293 1624 358 1692 ποῖα
390 1617 497 1692 πένησι
520 1616 625 1699 χώραν
648 1619 858 1699 δωρήσασθαι,
893 1619 947 1684 uhi
973 1627 1060 1684 recte
1083 1618 1271 1685 Dindorllus

75 1722 259 1801 παύσεσθαι
282 1723 475 1810 reposcite
495 1723 699 1804 deprimini,
723 1723 777 1789 scd
798 1722 955 1790 dubuerat
976 1723 1060 1789 idem
1083 1725 1266 1803 ε’πιὶγγελπο

10 1900 13 1907 ,
73 1846 246 1917 mucre.
292 1824 483 1913 Agathocles
505 1827 592 1894 enim
621 1827 746 1894 tabulas
778 1848 875 1895 novas
905 1839 937 1897 et
970 1828 1072 1915 legem
1103 1816 1265 1914 agrariam

10 2002 13 2011 ,
78 1950 147 2001 m
174 1930 397 2019 promittebat,
432 1933 488 2000 sed
519 1935 552 1999 in
585 1934 738 1999 concione
770 1935 967 2020 promiserat.
1016 1932 1140 2000 Similia
1174 1932 1267 2020 plura

10 2118 12 2123 ¹
73 2034 160 2107 oliti
182 2055 277 2105 nemo
299 2035 357 2104 diu
379 2035 502 2104 frustra
525 2048 668 2126 quaeret.

10 2142 13 2149 '
125 2140 246 2211 novam
275 2139 435 2210 lalluciam
459 2153 650 2211 struxerunt
674 2142 917 2231 interpolatores
938 2142 977 2208 ll.
1002 2164 1035 2210 u.
1062 2148 1117 2210 td.
1148 2146 1265 2226 Κλέαρ-

75 2272 139 2333 χος
161 2248 195 2317 dd
212 2249 372 2328 Τολμίδην
398 2252 518 2316 Ἠλεῖον
541 2252 677 2316 ἀνειπεῖν
700 2250 843 2315 ἐκέλευσε
869 2249 960 2327 σιγὴν
983 2247 1265 2330 ααπακιρρύξανπα·

78 2350 145 2439 {du
162 2355 416 2438 tmomdovcm
438 2357 464 2421 oi
496 2352 705 2442 αρχοντες]
693 2381 723 2429 ος
754 2380 792 2422 αν
818 2356 870 2420 τὸν
892 2353 1020 2437 οὶΦένπα
1047 2355 1098 2419 τὸν
1131 2353 1193 2419 θνον
1222 2357 1265 2429 εἰς

10 2500 13 2517 ·
76 2458 126 2527 τὸ
144 2456 233 2527 ὅπλα
253 2460 374 2544 ροιινύσρ
400 2456 446 2526 θπι
477 2462 617 2542 λήψεται
639 2463 745 2546 [pecu
747 2462 776 2549 ν]
803 2460 959 2527 ποθλανπον
980 2461 1147 2542 οὶργνρθον,
1184 2480 1266 2547 quae

10 2554 219 2633 verbu:
242 2565 380 2632 cacteris
409 2564 617 2632 distinximus
649 2586 780 2653 prorsus
803 2567 903 2632 otiosa
935 2573 1012 2631 sunt
1035 2573 1068 2632 et
1090 2584 1109 2631 a
1133 2566 1267 2633 veritate

10 2736 15 2773 r
72 2668 129 2741 ni
151 2668 277 2759 puriter
299 2677 332 2738 et
354 2689 415 2737 usu
436 2669 563 2737 dicendi
588 2670 776 2740 deflectunt.
824 2671 932 2758 lpsum
953 2673 1101 2753 κύρνγροα
1120 2679 1209 2737 erat:
1234 2667 1265 2746 u

10 2772 191 2843 ῑ-ὶν
144 2774 334 2861 -ριιινύσρ
360 2777 500 2858 λήψεται
539 2775 696 2843 πούλανπον
728 2778 882 2860 θργνρθον.
938 2777 974 2843 lu
1009 2775 1127 2844 talibus
1159 2779 1266 2857 μιοθύν

10 2840 20 2921 i
68 2898 147 2951 ινιι
168 2878 345 2959 addebant,
368 2882 464 2947 cuius
489 2881 536 2948 rei
560 2882 742 2969 exemplum
774 2903 873 2948 unum
898 2902 936 2947 er
959 2881 1171 2969 Aristophane
1193 2880 1267 2948 alle·

71 3002 151 3073 m
176 2992 214 3055 ut
235 2984 339 3052 ohiter
362 2987 533 3074 corrigam.
583 2987 729 3054 Editur'
722 3009 753 3053 m
780 2987 900 3053 Avibus
926 2991 1022 3053 1076.

10 2980 106 3209 i
216 3091 252 3168 dr
274 3092 440 3177 ἀποκπσθνρ
460 3117 508 3165 τις
533 3094 613 3172 ὑμῶν
639 3094 855 3175 Φιλοκρούπιρπ
835 3092 1068 3171 πθνΣτρούθιον

10 3220 77 3271 r
214 3196 354 3276 trideroni
377 3196 552 3274 παλανπον,
577 3198 612 3274 ἢν
636 3199 667 3264 δὲ
691 3198 889 3280 ζῶνποθγ”
870 3195 1026 3280 αγθγρπ
1006 3197 1157 3278 π.ἐππαροο

10 3282 26 3451 Ι
68 3300 117 3375 in
99 3244 215 3369 'due
246 3299 308 3368 loci
332 3327 381 3375 πις
408 3300 492 3368 male
518 3301 742 3380 desideratur,
774 3301 857 3391 quod
892 3321 953 3366 non
977 3308 1081 3388 potest
1109 3321 1148 3368 ex
1176 3322 1263 3388 prae-

75 3402 270 3475 cctmrihm
294 3407 419 3495 repeti,
444 3406 522 3472 et
502 3433 567 3492 αγρ
591 3409 768 3494 requiritur
794 3430 849 3494 pro
873 3407 996 3535 dydyp.
1045 3404 1128 3488 Quid
1162 3407 1265 3492 igitur

10 3508 209 3617 thollius
237 3520 288 3579 est
311 3532 408 3599 quam
440 3511 522 3579 hanc
551 3513 720 3581 lectionem
745 3515 935 3580 restituere·
960 3512 994 3588 ἣν
1017 3513 1048 3577 δὲ
1073 3510 1205 3594 ξοντ’
1184 3536 1264 3597 αγρ

77 3640 144 3695 τις
169 3616 319 3700 πθππαρα.
366 3615 429 3684 Sed
457 3619 559 3685 multo
588 3621 686 3687 etiam
716 3621 824 3685 minus
845 3637 943 3704 quam
975 3616 1082 3697 ροιπθύν
1117 3615 1190 3682 addi
1212 3637 1264 3703 po-

62 3724 164 3793 ruit:
189 3723 454 3804 Προαγορεύονσιν
488 3728 514 3790 οἱ
546 3724 715 3808 ἄρχοντες,
750 3725 901 3812 quoniam
944 3722 1067 3789 nullum
1104 3730 1174 3788 crat
1205 3730 1264 3788 πῶν

19 3854 22 3859 ·
61 3824 240 3913 Ιθρχθνποιν
262 3827 432 3914 collegium
465 3838 497 3895 ct
528 3830 700 3898 Clearchus
732 3831 818 3896 solus
846 3838 917 3896 erat
940 3848 1014 3893 eum
1047 3828 1199 3915 imperio,
1233 3836 1265 3894 et

10 3946 21 3971 ‘·
75 3933 157 4023 quie
189 3931 322 4001 verbum
355 3937 548 4018 προαγορεύω
582 3936 621 4002 alr
653 3935 836 4003 huiusmodi
867 3955 901 4001 rc
933 3952 1066 4020 prorsus
1101 3931 1262 3998 abhorret.

17 4062 23 4089 ³
69 4038 218 4109 rernm
239 4039 453 4122 προαγορεύειν
470 4050 527 4106 aut
547 4040 586 4107 de
609 4063 645 4108 eo
666 4044 721 4128 qui
748 4044 879 4128 imperet
900 4036 1039 4124 aliquid,
1063 4047 1119 4102 aut
1144 4035 1263 4102 malum

10 4174 19 4231 ρ
59 4142 284 4235 eliquatam
309 4163 443 4232 poenam
468 4147 630 4223 minatur,
653 4148 679 4212 si
705 4149 778 4233 quis
802 4165 895 4211 sonus
918 4143 1040 4211 lecerit.
1089 4141 1263 4228 Xenophon

10 4274 13 4279 ·
76 4250 221 4337 προλθγοι
243 4260 278 4319 et
300 4252 492 4333 προαγορεύω
516 4272 552 4318 eo
576 4273 672 4320 sensu
691 4252 875 4339 promiscue
901 4257 1033 4333 usurpat
1055 4268 1130 4315 cum
1156 4246 1266 4314 luturo

10 4390 12 4395 ·
72 4363 190 4445 προερῶ
217 4363 251 4425 ut
272 4356 392 4425 aurisia
420 4366 578 4439 προεῖπον,
612 4368 642 4427 et
672 4357 811 4446 periculo
842 4357 1026 4438 apochran,
1064 4364 1098 4421 ut
1134 4355 1166 4420 in
1199 4353 1267 4421 Vll.
