2940 5010
693 304 755 365 teu

139 473 444 553 κατακεκλεισμένος.
493 472 643 540 Vcrltum
656 477 823 540 κατακλύιν
846 479 878 538 et
902 471 1057 537 rationem
1079 467 1174 537 habet
1195 479 1316 537 cartam

139 590 173 649 ct
196 599 313 658 usum,
337 581 494 662 προσκλῖιν
519 578 558 645 ab
582 588 718 664 utroque
741 578 923 644 damnatur.

185 685 275 767 Quae
298 683 417 770 ultique
440 685 626 770 permisceri
646 684 749 751 solent
773 681 907 763 βύλλειν
931 688 963 747 et
983 682 1117 761 βαλεῖν,
1140 680 1317 760 βάλλεσθαι

141 797 176 857 el
195 788 351 870 βαλέσύαι
375 789 424 857 uis
445 788 578 855 cunlusa
601 808 671 856 esse
690 790 724 854 in
745 787 804 853 lmc
835 786 917 853 libro
940 786 1037 852 certis
1059 784 1187 852 indiciis
1210 784 1319 872 depre-

141 892 274 963 hende&
301 894 384 961 vill.
412 899 466 961 10:
492 896 527 972 ἢν
546 897 582 961 πὸ
604 893 670 977 δύου
693 895 738 959 εἰς
757 892 917 958 πούπισύεν
939 891 1319 971 μεταβαλλόμενος

141 1000 286 1083 ὑποχωρῇ
312 1007 377 1064 lam
402 998 629 1065 maledictum
652 1007 701 1066 est
727 1018 763 1064 ac
787 1000 814 1063 si
838 998 911 1084 quis
933 996 1082 1063 abiiciens
1100 995 1247 1085 clypeum
1269 993 1320 1062 lu·

141 1123 219 1191 gero
242 1102 422 1170 diceretur:
448 1106 556 1190 itaque
578 1103 839 1184 μεταβαλόμενος
869 1120 994 1188 repone.
1043 1100 1131 1167 dlter
1150 1101 1240 1167 locus
1270 1107 1319 1167 est

142 1208 227 1277 Vlll.
253 1214 288 1275 t:
324 1205 413 1283 ἦττον
443 1210 506 1292 ydra
537 1209 576 1275 ἀν
605 1210 723 1276 ὑποδύοι
750 1213 765 1274 d
796 1205 888 1282 ἵππος
922 1208 975 1274 καὶ
1009 1206 1230 1287 ἀυαβάλλοι
1267 1208 1319 1274 adu

142 1313 331 1395 ἀναβοέτνν,
355 1314 408 1380 uui
429 1314 585 1394 οὑναβύλοι
610 1334 721 1380 verum
747 1332 815 1380 esse
836 1314 882 1379 sic
900 1312 1019 1400 optime
1040 1311 1198 1397 intelliges
1218 1331 1318 1398 quum

143 1418 412 1487 animadverteris
435 1421 556 1487 ὑποδύοι
581 1439 706 1506 quoque
730 1421 762 1486 in
794 1437 941 1485 sermone
973 1418 1080 1483 dttlco
1102 1417 1211 1483 coristi
1232 1425 1319 1505 opta·

143 1525 249 1590 tivum
272 1544 359 1602 csse,
378 1525 553 1612 praeseutia
574 1525 751 1611 optativum
775 1543 925 1590 essenon
946 1542 1046 1610 posse.
1091 1521 1228 1589 Notandi
1245 1530 1322 1588 sunt

142 1630 179 1697 iu
201 1629 252 1696 nis
274 1628 386 1696 formis
405 1629 585 1717 pervulgati
609 1628 739 1716 quidam
765 1629 1054 1696 Grammaticorum
1079 1637 1111 1695 et
1133 1627 1319 1714 Leaicogra·

141 1735 281 1824 phorum
305 1754 441 1802 errores.
488 1734 715 1822 Perrulgatum
739 1745 787 1802 est
810 1737 952 1823 primum
976 1733 1054 1800 hacc
1076 1733 1173 1800 verba
1196 1733 1243 1800 sic
1267 1754 1320 1821 po·

143 1861 241 1909 uere:
265 1841 401 1908 ‘Taoddu
426 1849 458 1907 el
481 1841 669 1921 ἀποδύομαι,
699 1842 837 1908 ‘aceede
861 1848 893 1907 el
914 1841 1109 1919 ἀναδύομαι,
1141 1840 1263 1906 Διαδύω
1288 1848 1321 1905 et
1426 1836 1428 1840 ’

143 1946 328 2027 δοαδύομαι,
359 1947 510 2029 Παραδύυ
535 1954 565 2013 el
594 1947 790 2028 παραδύομαι
815 1954 890 2013 cell.
924 1945 979 2012 sed
1010 1945 1149 2021 ὑποδὺιο,
1180 1946 1323 2025 ἀναδύοι,

144 2051 277 2130 διαδύα,
300 2053 445 2133 παραδύο
466 2060 541 2118 cett.
567 2052 744 2137 praesentis
765 2053 919 2138 ternporis
943 2050 1047 2118 lorma
1074 2051 1107 2115 in
1130 2050 1321 2118 Grammati-

144 2177 257 2226 corum
281 2157 422 2225 cerebris
455 2166 530 2224 nala
561 2166 610 2224 cst
639 2166 670 2225 et
694 2156 838 2224 eiusdem
863 2164 1009 2223 monetae
1030 2164 1196 2243 astatque
1226 2158 1320 2237 δὺμι,

144 2263 277 2343 ύπύδνμι
306 2271 381 2331 cett.
427 2262 539 2350 ltaque
571 2262 743 2330 barbarum
774 2271 824 2330 est
855 2260 1011 2347 quidquid
1041 2281 1080 2327 ex
1114 2260 1177 2328 illis
1212 2261 1323 2330 lormis

145 2369 380 2437 commenticiis
404 2370 570 2455 gignitur,
596 2376 631 2435 ut
653 2370 799 2443 ὑπέδυον,
826 2368 957 2445 ὑπόδυε,
982 2367 1140 2444 ἀποδύειν,
1165 2369 1318 2445 ὑποδύοιν,

145 2482 336 2560 caeteraque
357 2493 438 2560 quae
461 2493 556 2540 nemo
575 2473 654 2539 vidit
676 2483 708 2541 et
731 2492 824 2540 nemo
847 2472 976 2540 videbit.
1022 2474 1198 2552 ’Τποδύοιμι
1216 2476 1325 2541 ουσιαι·

144 2579 308 2668 optativus
331 2588 380 2646 est
402 2589 434 2646 et
458 2579 575 2645 ὑποδύιι
599 2579 742 2647 ciusdem
773 2579 884 2645 aoristl
906 2587 955 2646 cst
980 2579 1214 2648 coniunctium.
1261 2582 1324 2649 lta·

145 2705 210 2772 que
239 2686 368 2767 ὑπσδύςις
397 2694 428 2752 et
462 2687 574 2768 ὑποδύυ
606 2685 725 2753 Graeca
758 2694 855 2762 suut,
889 2685 1027 2760 ὑποδύεις
1052 2693 1083 2751 ct
1108 2688 1228 2753 ὑποδύει
1253 2688 1323 2756 bar·

143 2790 240 2866 ltera;
265 2791 391 2857 tertiam
417 2810 584 2876 personam
606 2791 727 2858 ὑποδύει
750 2789 839 2866 dico,
866 2808 1005 2876 uanique
1029 2790 1220 2871 ὑπσδύομαι,
1244 2795 1324 2860 ὑπο·

145 2895 226 2963 δύει
262 2896 383 2982 optime
411 2894 517 2961 hahet.
565 2895 628 2961 lles
657 2905 705 2962 cst
733 2894 869 2980 simplex
900 2902 932 2960 et
963 2895 1153 2980 perspicua:
1188 2899 1328 2966 aoristus

145 3000 235 3079 ἔδυν,
257 3000 395 3078 ἀπέδυν,
419 3001 548 3078 ἀνέδυι,
571 3002 688 3080 διέδνν,
712 3001 834 3080 έυέδυν,
856 2999 976 3077 ἐξέδυν,
999 2999 1151 3075 κατέδυν,
1177 3005 1325 3085 παρέδυν,

147 3107 260 3175 ὑπέδυν
283 3114 360 3172 cett.
385 3105 481 3172 habet
511 3107 686 3192 optativum
711 3106 830 3185 δύσιμι,
859 3105 1045 3184 ἀποδύοιμι,
1076 3107 1236 3187 ἀναδύοιμι
1264 3120 1325 3178 eet.

146 3222 180 3280 et
204 3212 445 3279 coniunctivum
477 3210 558 3288 δύο,
580 3212 725 3290 ύποδύα,
747 3210 868 3278 ύναδύον
903 3219 963 3276 cet.
1011 3210 1174 3297 Quidquid
1203 3233 1241 3281 ex
1261 3220 1326 3303 pri-

147 3338 204 3387 sco
238 3328 333 3383 ΔΤΩ
364 3318 577 3403 compositum
608 3326 657 3383 est
690 3315 783 3383 hahet
814 3317 975 3383 notionem
1006 3317 1256 3398 intransitivum,
1289 3333 1326 3390 ut

149 3423 440 3492 Grammaticorum
466 3423 557 3509 pueri
579 3421 778 3508 loquuntur,
813 3431 939 3509 praeter
961 3420 1039 3489 liaeo
1061 3432 1219 3508 quatuor:
1249 3429 1326 3495 ύπο·

147 3529 227 3605 δύα,
252 3529 365 3603 ἐυδύιο,
391 3528 484 3594 exerto
508 3536 540 3595 et
563 3529 727 3607 acredula,
761 3547 835 3594 nam
863 3529 1011 3614 quintum
1041 3528 1169 3611 acredula
1201 3533 1327 3601 rarissi-

147 3655 239 3703 mum
263 3641 322 3699 cst.
370 3632 454 3699 Haec
479 3632 544 3699 sola
569 3632 687 3700 habent
713 3642 856 3719 tempora
882 3632 1019 3720 triplicis
1043 3632 1180 3702 formae:

191 3740 334 3808 delirae:
358 3739 499 3815 ἀποδύοι,
514 3776 559 3788 -
571 3739 671 3814 ε’δυον,
697 3780 741 3793 -
753 3741 827 3818 δυε,
852 3740 1027 3820 -δύοιμι,
1051 3777 1097 3790 -
1109 3742 1186 3819 δύω,
1212 3782 1257 3794 -
1276 3748 1327 3813 δὺ-

148 3872 212 3925 ειυ,
234 3884 280 3940 -7
302 3844 400 3922 δύοιν,
434 3842 548 3910 deinde
572 3844 734 3924 deodrico,
767 3845 909 3911 ἀπέδυσα
939 3853 971 3912 el
992 3847 1189 3925 ὑποδέδυκας
1215 3851 1328 3918 simili·

150 3961 262 4037 lerque
284 3951 317 4014 in
338 3947 445 4015 tribus
468 3949 601 4037 reliquis
624 3950 756 4024 ένδύσοι,
783 3950 919 4029 ἐκδύσα,
941 3951 1106 4018 καταδύσω
1131 3961 1192 4020 cet.

193 4054 363 4121 Pusst'vce:
388 4055 585 4134 ἀποδύομαι,
607 4057 821 4136 ἀποδέδυμαι,
846 4056 998 4131 ἀπεδύύκν
1020 4064 1053 4122 et
1073 4057 1326 4141 ἀποδυθήσομαι,

151 4160 366 4247 simililerque
389 4161 570 4241 έυδὲδυμαι,
595 4160 755 4240 ἐξεδὺύιιυ,
778 4163 1050 4241 καταδυύύσομαι,
1074 4169 1135 4228 cel.

193 4266 332 4333 Mediae:
363 4267 560 4347 ἀποδύομαι,
593 4268 808 4347 ἀποδύσομαι,
841 4266 956 4335 ἀπέδυν
979 4275 1011 4333 el
1028 4267 1213 4334 ἀποδέδυκα.
1262 4270 1326 4340 Hae

151 4372 272 4440 lormac
303 4393 435 4454 omncs,
472 4373 546 4460 quia
579 4370 697 4459 ubique
732 4373 874 4441 locurum
915 4371 1097 4460 lrcqucnles
1131 4389 1326 4459 occurrunt,
