2940 5010
642 300 707 363 545

81 480 292 563 προτὴειριεν,
323 476 464 559 προοιὶειν
486 473 544 553 μέν
569 471 798 554 ο1προσιὶιεινῖ
847 470 972 536 Similia
1001 480 1125 538 certum
1150 481 1200 539 cst
1224 493 1271 541 re·

82 592 217 673 perium
244 582 285 650 iri
311 581 386 648 aliis
413 579 491 645 locis
511 587 544 644 et
566 578 598 643 in
620 576 711 643 libris
739 575 833 652 aliis,
864 575 967 641 sicubi
995 576 1118 643 similes
1150 577 1271 645 lornnac

82 688 261 777 leguntur,
292 684 412 775 quibus
437 683 587 750 omnibus
615 682 745 748 reiectis
769 680 887 767 ubique
919 681 1037 747 Atticis
1067 703 1126 749 sua
1156 704 1272 751 manus

82 792 288 863 restituenda
299 801 359 859 est.
383 791 493 878 Coepit
505 790 569 855 iam
584 790 627 854 ita
646 788 751 854 lacere
764 786 948 853 liindorhns
962 787 992 853 in
1013 790 1124 875 paucis
1137 789 1272 857 idoneus

84 900 203 967 hurum
217 917 326 965 reruni
344 895 454 972 iudex,
479 894 579 982 quiin
595 893 818 959 Demosthenis
834 891 974 960 editione
985 893 1140 980 Lipsiensi
1160 896 1273 978 ᾔομεν,

83 1006 181 1091 flere,
203 1003 299 1088 deser
321 1023 397 1069 cunr
424 1000 611 1088 compositis
634 999 784 1065 omnibus
807 997 929 1085 expulit
951 1006 984 1065 et
1006 999 1126 1066 lorinus
1146 1002 1272 1067 Atticas

85 1108 124 1175 in
140 1106 248 1175 lucem
272 1110 436 1195 vitamque
458 1106 637 1182 revocavit,
662 1104 860 1182 rectissime,
886 1106 947 1170 nisi
976 1104 1059 1191 quod
1084 1106 1272 1192 imprudens

84 1234 160 1303 pag.
181 1216 259 1279 216.
291 1213 427 1280 retinuit
452 1214 525 1293 πρὸς
557 1210 601 1277 τοὶ
631 1210 725 1292 τείχη
759 1213 976 1293 προσῄεσαν
1007 1214 1033 1277 οἱ
1053 1212 1216 1292 πολέμιοι,
1239 1222 1272 1280 ct

84 1326 202 1389 eontra
234 1316 440 1387 festinantius
470 1337 542 1404 pag.
565 1319 672 1392 1505,
704 1312 758 1379 ubi
781 1314 912 1381 Codices
944 1315 1113 1383 exhibent:
1138 1322 1216 1395 εέιιδς
1238 1318 1273 1395 ἦν

83 1424 140 1493 πα)
162 1426 209 1499 εῖτ
231 1427 289 1507 tul
311 1424 504 1507 ψηφίζεσθαι
528 1421 565 1489 ἵν’
588 1422 833 1499 ἀπηλλαγμένοι
857 1420 964 1497 εἴησαν
990 1422 1063 1511 (SQ.
1087 1448 1211 1503 ειεσαν,
1235 1427 1271 1494 lt‘.

85 1528 209 1621 ἤιοσιιν)
232 1533 417 1609 ποιήσαντες
440 1530 484 1595 τδ
513 1529 586 1608 ὑμῖν
617 1526 842 1610 ἐψηφισμένα,
876 1528 907 1591 in
938 1526 1109 1595 Oxoniensi
1133 1529 1273 1599 editione

82 1634 176 1705 dedit
200 1635 443 1715 duodetriciens
457 1636 584 1717 ,dream
608 1633 640 1698 in
671 1632 829 1719 Lipsiensi
853 1629 941 1714 ᾖσαν.
989 1632 1098 1719 Neque
1128 1635 1189 1702 hoc
1218 1658 1274 1705 nc·

83 1760 151 1831 quc
179 1739 260 1807 illud
285 1760 400 1807 sanum
424 1748 481 1806 aut
504 1737 640 1826 probum
670 1747 729 1804 est.
777 1736 943 1804 Sententia
978 1738 1039 1804 loci
1072 1739 1213 1827 postulat
1235 1742 1273 1810 ἵν’

81 1846 332 1927 ἀπηλλαγμένοι
354 1842 454 1923 ἦσαν,
479 1843 751 1932 quemadmodum
773 1842 857 1930 apud
880 1842 1079 1911 llinarehum
1100 1848 1186 1913 xerat
1211 1859 1273 1925 Δη-

82 1952 249 2037 periimus
270 1960 358 2019 recle
381 1950 500 2037 iegitur
523 1949 548 2040 §
576 1955 627 2016 10.
651 1951 745 2033 ἐχρῆν
776 1950 888 2022 αὐτοὺς
912 1947 1014 2029 ζητεῖν
1036 1948 1086 2015 ἵνα
1104 1989 1149 2001 -
1170 1956 1274 2031 ciren-

86 2056 244 2139 structa
274 2056 383 2124 τούτου
415 2062 469 2123 τοῦ
493 2058 709 2135 δημαγωγοῦ,
743 2053 840 2140 idque
873 2071 957 2117 unus
981 2056 1126 2121 omnium
1155 2059 1275 2146 optimc

85 2164 161 2253 ipsc
182 2160 369 2231 llindorhus
403 2159 561 2247 intelliget
590 2161 723 2247 requiri.
770 2159 807 2224 ln
840 2157 1049 2245 Xenophonte
1082 2162 1193 2256 igitur¹
1213 2186 1276 2251 quo

83 2267 256 2356 antiquior
277 2276 327 2334 est
349 2287 387 2333 eo
417 2267 539 2334 maiore
568 2268 639 2333 iure
662 2264 702 2332 ab
727 2264 821 2350 longo
851 2263 946 2330 exilio
975 2267 1171 2336 revocandae
1200 2281 1277 2338 sunt

85 2370 330 2451 illuciormae,
354 2372 568 2459 quibuscum
594 2371 670 2439 solis
696 2371 742 2436 uti
768 2372 909 2457 potuisse
936 2380 1080 2437 constet:
1113 2374 1197 2460 quod
1219 2379 1275 2463 qui

85 2478 124 2545 in
157 2478 296 2545 caeteris
328 2478 541 2566 scriptoribus
573 2478 722 2544 instituet
751 2476 877 2554 iacere,
912 2495 1049 2561 quorum
1085 2482 1276 2549 vetustiores

86 2580 224 2653 murcos
253 2592 450 2673 supersunt,
482 2584 611 2669 saepius
644 2602 755 2650 corum
787 2580 979 2648 auctoritate
1009 2583 1276 2664 confirmabitur,

85 2688 123 2757 in
156 2687 366 2778 Xenophonte
396 2688 477 2755 nihil
500 2699 550 2756 est
578 2689 611 2754 in
635 2687 806 2754 (lodicibus
835 2685 968 2764 auxilii,
999 2689 1053 2773 qui
1083 2709 1194 2758 onmes
1228 2714 1276 2761 re-

85 2794 252 2863 centiores
274 2793 513 2881 deterioresque
535 2805 630 2871 sunt,
663 2791 718 2859 scd
739 2789 828 2859 aliud
852 2800 902 2858 est
926 2792 1124 2878 praesidium
1144 2806 1177 2864 et
1199 2799 1275 2865 sub-

89 2898 236 2979 sidium,
274 2898 360 2987 quod
388 2900 685 2966 vetustissimarum
717 2898 980 2965 membranarum
1017 2900 1121 2967 ricem
1157 2906 1277 2989 optime

85 3002 262 3093 mpplcbil.
309 3004 430 3091 Nempe
456 3005 610 3091 antiquae
633 3004 786 3072 lectiones
807 3003 839 3069 in
875 3006 1069 3090 pervetustis
1096 3009 1276 3095 scripturae

84 3108 182 3177 vitiis
201 3128 258 3198 per
280 3108 384 3175 multa
413 3110 539 3177 saecula
564 3108 787 3177 delitescentes
809 3128 829 3174 a
852 3108 960 3174 sciolis
983 3119 1016 3175 et
1039 3116 1276 3182 correctoribus

85 3213 241 3285 omuibus
259 3222 350 3283 tutae
369 3214 547 3303 pellucent‚
571 3216 598 3281 si
619 3215 693 3302 quis
706 3214 800 3301 paulo
817 3216 1032 3302 perspicacior
1051 3217 1085 3282 in
1099 3238 1152 3285 cas
1171 3222 1275 3289 aciem

86 3318 253 3389 intendit:
287 3339 342 3388 ecs
370 3321 457 3388 locos
479 3320 571 3399 dieo,
603 3320 781 3407 inquibus
811 3321 956 3408 priscum
983 3332 1117 3391 ΗΙΣΑΝ
1141 3325 1217 3393 olim
1241 3330 1274 3395 in

85 3422 174 3503 ἦσαν
194 3426 292 3505 abiit,
317 3425 373 3493 sed
402 3427 563 3494 sententia
590 3426 709 3493 clamat
731 3424 820 3491 verbi
848 3426 924 3493 ῖέναι
950 3426 1176 3514 imperiectum
1199 3436 1274 3501 sub-

85 3550 174 3603 ωσι.
220 3531 412 3599 lluiusmodi
444 3532 533 3599 locus
562 3540 610 3598 est
635 3532 668 3597 in
700 3530 820 3598 llellen.
843 3532 882 3598 ll.
908 3554 927 3599 ι.
955 3536 1006 3599 19.
1041 3536 1217 3621 Λύσανδρος
1239 3542 1275 3620 ἐξ

84 3634 227 3717 ’Aemo
259 3637 413 3719 παρέπλει
434 3639 550 3704 -καῖ
584 3640 610 3704 οἱ
640 3637 801 3717 Ἀβυδηνοὶ
838 3645 1023 3720 παρῆσαν
1058 3643 1147 3727 πεζῇ.
1196 3646 1275 3728 Quis

83 3744 281 3833 pracsertim
305 3742 490 3810 admonitus
513 3753 672 3831 punctum
701 3745 856 3830 temporis
877 3743 1037 3812 dubitabit
1060 3759 1203 3834 παρῇσαν
1227 3770 1275 3818 re·

83 3846 259 3915 senilem?
305 3848 342 3915 ln
367 3847 424 3915 lali
454 3868 490 3916 re
510 3848 623 3915 classis
645 3848 766 3915 (licitur
790 3851 879 3915 littus
913 3850 1019 3937 tepens
1042 3863 1220 3934 παραπλεῖν
1243 3867 1275 3923 et

83 3962 263 4023 terrestres
284 3954 394 4040 copiae
418 3955 451 4020 in
473 3954 580 4021 littore
600 3954 733 4020 classem
759 3964 930 4042 sequentes
954 3958 1106 4037 παριέναι.
1153 3959 1274 4029 Eadem

83 4060 176 4129 mtto
198 4068 248 4127 est
269 4059 440 4127 verborum
473 4061 696 4142 παραπέμπειν
726 4068 759 4126 el
789 4062 1021 4144 παρακομίζειν.
1069 4063 1274 4152 Thucydides

85 4164 177 4233 ἮΙΙ.
203 4170 256 4233 iii.
290 4166 343 4232 καὶ
367 4168 382 4231 ὃ
411 4165 502 4247 πεζὸς
527 4164 599 4247 ἅμα
623 4169 755 4250 παρῄει,
788 4165 881 4252 plane
911 4167 1022 4233 eudem
1046 4168 1140 4235 verba
1164 4190 1273 4239 recur-

87 4277 173 4339 runt
197 4270 280 4338 Vlll.
304 4274 369 4351 22,
396 4283 429 4339 ct
455 4272 536 4338 vill.
562 4278 616 4340 52.
651 4273 816 4355 Πεδαριτος
839 4277 952 4356 παριὼν
976 4272 1053 4357 πεζῇ
1077 4276 1112 4340 ἐκ
1135 4284 1190 4354 τοῖς
1214 4289 1274 4346 Μι·

86 4376 187 4455 λιὶτοιι
205 4376 368 4457 γενόμενος
386 4380 418 4445 έν
441 4381 596 4461 Ἐρυθραῖς
616 4382 848 4461 διαπεραιοῦται
869 4382 899 4456 ἐς
923 4380 1012 4457 Χίον,
1035 4388 1067 4447 et
1090 4380 1162 4448 aliis
1185 4381 1274 4451 locis.
