2940 5010
689 287 752 349 768

143 456 224 525 liber
257 477 295 524 ex
324 457 436 544 paucis
460 455 652 543 quibusdam
680 455 777 525 codd.
810 457 885 524 liss.
917 458 1022 546 iisque
1054 478 1162 549 nequo
1194 460 1320 529 retnct'n

143 583 248 652 neque
269 564 426 649 integris,
450 563 537 629 omni
561 582 677 648 genero
705 561 896 630 mendorum
918 564 1051 646 obtritis,
1083 585 1226 654 qnmnm
1255 586 1322 655 perr

142 679 229 738 certe
252 668 327 735 olim
359 668 505 735 sollerter
532 669 686 754 deprenso
717 676 750 736 et
779 677 924 736 correcta
954 680 1016 741 est.
1065 671 1162 739 iuvat
1182 672 1320 739 rirorunt

121 774 307 842 ,doctorum
334 774 573 842 emendationes
599 784 705 841 certas
734 783 768 841 et
796 775 960 843 evidentes
985 776 1046 845 sub
1071 796 1175 845 unum
1199 796 1323 864 conspe·

142 886 232 946 ctum
257 900 395 968 ponere,
430 889 466 947 ut
491 888 642 966 appareat
665 879 776 965 quales
799 881 865 947 sint
889 881 936 948 illi
959 882 1092 950 Codices
1124 882 1212 950 unda
1234 882 1324 950 verbi

65 1059 69 1066 ,
141 985 360 1074 Xenophontis
383 984 607 1055 constituenda
630 984 721 1051 nohis
743 986 831 1063 sint,
853 995 886 1054 et
911 995 947 1053 ut
968 987 1009 1054 ad
1033 987 1168 1056 eandem
1202 985 1323 1055 landon

142 1091 270 1158 illorum
295 1092 448 1176 exemplis
470 1091 681 1177 adspirenius.
729 1090 764 1157 ln
790 1090 881 1157 libris
903 1094 1006 1179 igitur
1026 1102 1076 1161 est
1092 1093 1134 1160 ll.
1152 1097 1186 1160 Ξ.
1220 1092 1324 1161 rixam

143 1219 201 1285 pro
231 1204 371 1282 τεχνῶν,
407 1197 490 1284 qnod
524 1197 641 1283 reperit
666 1195 814 1262 Castalio.
838 1197 894 1263 lll.
922 1205 949 1264 t.
985 1202 1060 1272 νοῦς
1091 1199 1256 1275 unnim
1274 1217 1324 1287 pro

141 1305 259 1371 νουσὶ
284 1306 459 1382 annulare,
483 1303 624 1385 correxit
653 1302 797 1368 Weiske.
810 1301 863 1369 Ν.
890 1308 942 1369 tn.
975 1304 1178 1389 πωροφοιθνῃ,
1209 1304 1324 1392 optimc

142 1408 318 1476 Schneider
340 1416 524 1492 napatpcrpi.
545 1407 599 1473 Ν.
626 1410 675 1473 12.
701 1413 759 1473 πῶν
781 1406 872 1485 ξένων
893 1414 952 1474 τῶν
972 1409 1178 1490 βουλομένων.
1228 1408 1323 1476 lauti·

142 1514 265 1582 clarius
281 1517 323 1597 τῷ
342 1515 530 1596 βουλομένῳ.
550 1513 603 1578 Ν.
628 1519 679 1579 itt.
703 1513 864 1593 τριακόσια
888 1516 1056 1593 ἡμιμναῖον.
1092 1514 1227 1583 Leuucl.
1261 1518 1322 1594 ἧμι-

139 1620 322 1702 μνοιῖον.Ν.
337 1624 390 1685 nt.
415 1618 660 1698 productionem,
687 1618 868 1705 Stephanus
879 1621 1108 1699 perdomitorum.
1118 1619 1175 1688 Ν.
1189 1624 1247 1688 26.
1268 1620 1321 1687 tri

141 1728 230 1807 νθμον
242 1732 299 1793 nul
320 1725 376 1791 ὑπὸ
391 1725 504 1803 νόμων,
526 1722 680 1802 ὑπονθμων
693 1723 824 1790 Leunoi.
838 1723 891 1791 Ν.
906 1729 959 1791 52.
983 1726 1174 1808 φοβεῖσθαι,
1195 1723 1321 1813 Stepha-

143 1853 206 1900 nus
215 1833 377 1916 φοβεῖσθε.
390 1830 443 1896 Ν.
454 1834 508 1895 56.
532 1828 681 1908 ιιάλλιον,
699 1828 881 1915 Stephanus
890 1830 1005 1897 κάκιον.
1019 1830 1104 1897 idem
1117 1834 1321 1912 ἀποσελοῖμεν

141 1938 324 2005 emendavit
346 1956 403 2023 pro
423 1937 614 2001 ἀποτελοῖεν.
638 1935 691 2000 Ν.
706 1940 760 2001 40.
783 1935 959 2016 εἰρημένης,
980 1937 1117 2002 Castalio
1137 1939 1273 2018 eletione,
1293 1942 1322 2002 cl

142 2051 195 2112 41.
226 2044 361 2126 inspicio
394 2061 452 2128 pro
485 2040 640 2122 ἀνορθοίη.
663 2039 717 2105 Ν.
743 2045 796 2106 45.
820 2041 1014 2126 docontes,
1046 2041 1212 2109 Btndaens
1234 2045 1322 2109 ’Ara-

138 2153 263 2235 φλθςῳ.
288 2147 342 2215 Ν.
368 2152 420 2212 47.
447 2145 633 2226 nepta-diuo,
659 2143 740 2210 idem
762 2146 943 2225 περιπθλων.
969 2148 1006 2211 V.
1032 2150 1062 2212 4.
1092 2147 1111 2224 ἢ
1142 2150 1197 2226 οὐ,
1231 2148 1321 2215 licin-

55 2278 57 2282 ‘
139 2255 220 2323 dori.
245 2260 314 2321 ποῦ.
332 2252 368 2317 V.
383 2257 413 2319 6.
438 2249 538 2331 ὅμως,
559 2249 739 2336 Stephanus
752 2253 849 2330 ἀμῶς.
874 2251 927 2318 Vl.
951 2256 981 2318 5.
1005 2248 1055 2325 οὓς
1076 2252 1105 2318 δ’
1127 2251 1177 2318 ἀν
1200 2250 1320 2320 ἕλοιεν

140 2363 241 2441 θεοθς,
265 2359 446 2446 Stephanus
466 2358 612 2423 ἀνέλοιεν.

185 2469 277 2534 Nunc
300 2466 367 2551 ipse
399 2462 517 2528 librum
545 2479 733 2548 percurram
765 2461 964 2546 singolorum
995 2462 1140 2530 locorum
1175 2463 1273 2531 fldem
1293 2470 1323 2530 et

141 2574 360 2641 sinceritatem
385 2569 560 2635 excutiens.
608 2567 705 2634 Plane
734 2569 890 2633 assentior
922 2567 1117 2635 Schneidero
1141 2569 1167 2634 l.
1192 2574 1225 2636 2.
1262 2594 1323 2636 σιω-

139 2687 246 2749 νοοῦντι
269 2680 304 2753 δή
324 2700 375 2755 μοι
404 2673 620 2764 [dienerinnen]
649 2678 737 2739 τοῦτο
761 2674 817 2752 μὲν
841 2676 927 2747 εὐθὺς
951 2674 1160 2754 ἀνεφοιθνεσο,
1183 2672 1323 2743 verbani

139 2787 291 2861 ἐπενθνσω
314 2780 521 2867 expungenti.
571 2777 760 2863 Pervulgato
791 2798 900 2845 errore
922 2778 1078 2845 scribitur
1101 2779 1142 2845 ll.
1168 2784 1206 2846 2:
1239 2781 1323 2860 μένε

137 2896 169 2961 δὲ
193 2891 244 2958 nai
269 2890 304 2955 πὸ
327 2887 390 2953 ἀπὸ
411 2893 470 2952 σῶν
502 2892 620 2967 τεχνῶν
650 2884 702 2949 κιο)
734 2886 911 2950 advolantis
942 2884 1130 2962 ἀπιένοοι,
1161 2886 1229 2952 imo
1254 2905 1323 2954 vern

138 3004 277 3066 ἀπεῖναι.
323 2992 391 3060 Νοιι
416 2993 502 3058 abire
532 2989 626 3056 domo
649 2999 682 3057 et
704 2988 743 3055 ab
767 2989 903 3055 artificio
934 2989 998 3054 illis
1018 3009 1116 3075 grave
1140 2998 1174 3056 et
1198 2989 1326 3057 damno

139 3124 211 3172 snm
236 3107 306 3177 est,
330 3097 385 3166 sed
416 3099 532 3163 obesae.
579 3095 654 3163 liele
685 3094 841 3161 emblema
865 3095 905 3160 ll.
933 3100 973 3161 4:
998 3096 1071 3177 πρὸς
1095 3095 1126 3160 δὲ
1149 3097 1194 3177 τῷ
1217 3098 1325 3180 ἀγαθῷ

142 3212 198 3300 [cpi
229 3207 353 3280 τούτους
385 3205 420 3270 ἐκ
447 3207 501 3269 σοῦ
534 3201 759 3268 σννσάπσεσθωι
792 3201 960 3289 ἀφεθῆναι]
987 3201 1040 3267 aa>
1072 3201 1187 3279 κθσμος
1219 3200 1261 3268 ἀν
1290 3212 1325 3286 σῇ

137 3317 227 3383 πόλει
251 3313 309 3388 εἴη.
357 3308 637 3395 interpolationem
661 3307 770 3392 arguit
800 3307 914 3372 vitiosa
939 3309 1059 3373 oratio:
1095 3306 1151 3373 sed
1176 3307 1278 3375 etiam
1297 3310 1324 3375 si

137 3421 258 3509 optimo
282 3423 365 3483 esset
389 3434 451 3479 non
478 3411 540 3478 lert
561 3411 649 3478 locus
673 3411 848 3497 insipidum
870 3411 1138 3478 additamentum.
1186 3411 1224 3478 ln
1253 3417 1271 3499 ς
1295 3421 1323 3481 tt.

138 3529 258 3592 inserta
279 3519 393 3606 copula
421 3517 544 3584 scribe:
575 3525 632 3584 σῶν
659 3516 719 3605 (σε)
745 3515 916 3583 ἀλλων-
939 3516 990 3582 καὶ
1020 3522 1074 3583 τοῦ
1101 3519 1244 3585 ἱππικοῦ.
1291 3519 1325 3586 ln

139 3635 214 3718 §⁷-
246 3625 403 3695 emblema
428 3625 557 3709 irrepsit
593 3624 625 3688 in
656 3621 754 3688 haec:
788 3625 813 3687 εἰ
840 3621 1117 3703 pararnonem
1149 3647 1192 3701 γε
1227 3623 1326 3706 ὥσπερ

136 3733 400 3822 θρφοινοφθλοιιιοις
441 3730 567 3818 [ἀρχὴν]
595 3731 779 3808 κωθιςοοῖμεν
802 3729 855 3794 κοιὶ
889 3730 1006 3803 τούτοις
1037 3730 1115 3806 σιμή
1145 3754 1195 3803 τις
1226 3732 1325 3807 ἐπείη.

137 3844 218 3910 Esse
252 3839 311 3905 hoo
346 3858 456 3902 nomen
491 3836 693 3921 mopietrotns
725 3832 843 3900 sciolus
876 3835 907 3900 in
941 3854 996 3899 ora
1031 3833 1107 3899 libri
1139 3833 1323 3924 adscripsit.

101 3947 102 3950 ¹
135 3949 266 4017 Graecis
291 3945 358 4031 ipsa
393 3940 495 4007 [orma
527 3941 689 4017 nominis,
714 3947 750 4004 ul
785 3940 1025 4023 necopinantes,
1060 3941 1322 4024 εἷρηνοφθλοικες,

135 4056 214 4121 satis
239 4051 270 4118 id
294 4046 476 4126 indicebat,
501 4055 538 4113 ut
561 4047 593 4111 in
619 4046 657 4111 V.
686 4052 721 4111 1:
745 4041 794 4127 ἀρ’
825 4049 878 4113 οὐκ
912 4044 998 4123 ἀξιον
1029 4047 1080 4111 rol
1114 4047 1323 4133 εἰρηνοφύ-

133 4177 267 4232 tanna
295 4153 479 4228 κοθιςάνωι;
502 4154 620 4234 Ἀρχιὶν
643 4150 789 4218 additum
814 4161 846 4218 el
874 4172 931 4239 per
951 4172 988 4218 sc
1015 4152 1168 4218 vitiosum
1194 4161 1265 4229 est,
1291 4163 1321 4220 et

133 4265 321 4355 praesertim
350 4259 405 4326 uhi
432 4257 532 4340 ὥσπερ
562 4259 827 4342 θρφονοφθλοκως
853 4253 1028 4347 Xenophon
1057 4257 1221 4325 adiecerat
1254 4279 1321 4326 reni

133 4392 188 4459 per
211 4391 245 4436 se
261 4368 381 4436 claram
403 4364 547 4453 exemplo
572 4363 709 4432 reddens
731 4365 831 4432 etiam
852 4364 1032 4431 clariorem.
1081 4366 1184 4446 ’dixti
1207 4365 1317 4432 eadem
