2940 5010
658 334 699 396 33

250 506 338 581 οὐτος
356 505 452 573 oderes
476 507 679 588 περισπάσειν
700 505 705 593 Ι
726 504 891 589 κεραάτιον
910 509 1025 575 αὐτοῦ.

114 611 314 698 Subiungam
333 610 384 678 his
400 609 580 699 fragmenta
596 610 751 699 paucula,
775 610 829 678 ubi
851 611 986 680 lacunae
1003 611 1155 681 Codicum
1175 614 1255 682 satis

68 718 234 788 commode
250 717 390 806 suppleri
406 737 497 805 posse
516 716 683 794 videntur,
707 716 801 803 quale
813 727 862 785 est
881 716 941 785 hoc
960 717 1121 807 Epicratis
1138 718 1254 789 Athon.

70 824 157 893 lllll.
178 829 254 892 otu.
279 823 312 889 B.

248 931 307 1004 τάς
331 930 390 1009 μὲν
408 929 472 1012 γάρ
492 927 598 1002 ἀλλας
616 927 681 999 dcta
699 929 858 1003 αὐλούσας
876 929 949 996 ίδεῖν

249 1035 437 1118 αὐλητρίδας
464 1032 572 1108 τάτας
592 1033 789 1109 ’Λπόλλωνος
814 1034 923 1115 νόμον,

747 1141 823 1216 Διός
846 1140 958 1220 νόριον,

249 1248 346 1318 αὗται
365 1246 398 1312 δὲ
423 1244 514 1326 μόνον
535 1247 682 1312 αὐλοῦσιν
703 1247 836 1330 Ἱέρακος
858 1247 970 1326 νόμον.
1010 1305 1016 1318 ,

67 1355 216 1423 lacunam
241 1354 288 1420 sic
311 1350 517 1439 probabiliter
537 1349 735 1437 expleveris:

247 1463 360 1542 Ἑρμοῦ
382 1456 496 1538 νόμον,
519 1458 620 1531 Πανός
637 1453 749 1536 νόμον,
772 1457 845 1533 Διός
864 1455 970 1538 νόμον.

66 1584 149 1653 qnae
169 1585 229 1632 cur
251 1562 431 1631 exciderint
451 1563 658 1650 perspicuum
681 1569 740 1627 est.

111 1670 192 1738 liale
223 1671 403 1736 incrustata
431 1666 545 1735 lacuna
576 1674 609 1734 et
633 1666 835 1736 dissimulata
860 1670 1006 1736 numeris
1030 1667 1179 1756 pessimis
1204 1675 1254 1735 est

66 1774 153 1862 apud
181 1774 343 1842 Alexidem
368 1772 483 1845 Athen.
507 1771 560 1838 lll.
586 1777 661 1839 tot.
686 1773 720 1839 B.
747 1773 800 1841 nbi
824 1775 964 1841 maritus
986 1794 1119 1844 uxorem
1142 1791 1256 1862 garnat-

66 1880 130 1947 lam
154 1879 206 1946 nis
226 1879 333 1946 verbis
354 1879 552 1946 insectatur:

567 1989 621 2051 τοῦ
644 1984 670 2050 δ’
695 1984 757 2063 ἐγὼ
778 1985 949 2069 λαλιτίραν

246 2093 278 2156 οὐ
300 2089 420 2154 τώποτ’
443 2085 521 2155 οίδον
541 2090 607 2155 οὐδὲ
631 2091 805 2170 κερκώπην,
830 2090 946 2169 γύναι,

247 2198 281 2261 οὐ
302 2194 432 2269 κίτταν,
458 2196 513 2260 οὐκ
530 2193 644 2269 ἀηδόν’,
670 2193 741 2260 οὔτε
764 2194 900 2276 τρυγόν’,
926 2198 959 2260 οὐ

244 2301 403 2378 τέττιγα.

65 2405 170 2473 Codex
193 2407 247 2472 οὐκ
270 2404 373 2480 ἀηδόν’
398 2408 432 2471 οὐ
455 2403 577 2488 τρυγόν’
600 2408 633 2471 οὐ
657 2405 803 2483 τέττιγα.
852 2405 1012 2472 Personas
1031 2404 1101 2472 οὐτε
1119 2403 1252 2487 τρυγόν’,

62 2515 97 2578 οὐ
126 2511 132 2600 Ι
155 2511 291 2589 τέττιγα
309 2509 465 2596 reposuit,
489 2507 691 2589 adolescens,
715 2510 843 2597 opinor;
868 2512 1018 2599 namqui
1046 2509 1166 2578 summi
1190 2508 1252 2575 viri

62 2615 254 2685 Adversaris
267 2614 437 2682 ediderunt
447 2616 569 2698 χρόνον
580 2615 744 2697 χαλκείοις
757 2617 945 2685 intermixta
957 2616 1125 2685 dederunt.
1150 2613 1252 2683 Nemo

62 2719 181 2789 melius
204 2741 301 2809 quam
328 2721 488 2788 Ponsonus
515 2722 636 2788 sentire
663 2729 788 2808 poterat
811 2743 909 2809 quam
934 2732 1042 2791 essent
1067 2720 1192 2790 molesti
1216 2717 1250 2786 hi

63 2827 192 2895 numeri
211 2836 244 2894 et
265 2845 361 2913 quam
384 2827 605 2914 importunum
629 2834 714 2894 esset
736 2828 807 2896 οὐτε
824 2829 962 2897 caeteris
985 2830 1155 2896 insertum.
1190 2826 1248 2895 lle·

62 2953 142 3001 roca
161 2932 242 3002 duas
266 2929 395 2999 voculas
418 2928 571 3018 fugitivas
593 2942 626 3001 et
649 2934 769 3020 optime
788 2934 961 3021 procedent
978 2935 1108 3003 omnia:

242 3041 276 3105 οὐ
300 3038 432 3115 κίτταν,
454 3040 508 3105 οὐκ
531 3037 645 3118 ἀηδόν’,
665 3041 699 3105 οὐ
722 3039 894 3121 χελιδόνα,

244 3146 276 3210 οὐ
299 3141 433 3225 τρυγόν’,
456 3146 489 3210 οὐ
509 3143 657 3222 τέττιγα.

63 3229 127 3316 nou
157 3249 262 3336 potuit
287 3256 380 3335 poeta
406 3252 461 3325 clo
483 3249 616 3323 κωτίλην
634 3247 785 3331 χελιδόνα
810 3250 843 3315 in
869 3248 928 3317 hoc
954 3269 1051 3338 grege
1074 3250 1182 3317 avium
1205 3248 1249 3316 lo·

62 3355 215 3442 quacium
228 3356 393 3430 omittere,
413 3373 511 3439 quam
523 3352 622 3418 solam
637 3353 818 3421 nominasse
830 3364 900 3422 erat
921 3357 1010 3424 satis.
1059 3352 1107 3423 Ad
1130 3353 1249 3423 Aristo·

63 3458 179 3546 phanis
202 3479 314 3525 versus
339 3457 511 3524 incrinus
536 3461 579 3525 39
603 3478 672 3545 sqq.

242 3565 268 3628 oi
292 3565 349 3642 μὲν
372 3562 436 3644 γάρ
458 3558 508 3629 οὐν
530 3563 676 3644 τέττιγος
700 3563 754 3631 ἕνα
773 3568 845 3645 μῆν’
869 3566 886 3642 ἢ
910 3566 962 3633 δύο

243 3669 294 3735 oct
318 3675 377 3735 τῶν
400 3669 514 3750 κραδῶν
534 3669 650 3756 ἀδουο’,
674 3671 828 3747 Ἀθηναῖοι
851 3673 877 3738 δ’
902 3672 953 3739 ἀεί

246 3774 296 3839 ἐπὶ
320 3777 379 3840 τῶν
402 3775 489 3841 δικῶν
511 3777 616 3860 ᾄδουσι
641 3775 749 3844 τάυτα
772 3779 824 3844 τόν
846 3777 935 3858 βίον.

62 3882 217 3968 antiquus
245 3887 278 3945 et
303 3877 416 3947 doctus
445 3880 684 3950 Grammaticus
708 3885 894 3951 annotavit:
926 3884 1013 3968 ταρά
1042 3884 1208 3951 τοῦτοκαὶ
1234 3884 1248 3948 ό

63 3989 233 4067 Φιλήμων·

217 4092 220 4097 ’
244 4095 261 4169 ἡ
285 4092 343 4172 μὲν
362 4092 494 4174 χελιδὼν
518 4093 552 4161 τό
581 4094 679 4178 ίόρος,
703 4093 724 4162 ὦ
748 4097 864 4176 γύναι,
889 4101 1005 4161 λαλεῖ.

61 4198 168 4287 potuit
186 4197 358 4286 optimcde
381 4217 439 4265 suo
456 4219 494 4266 ea
513 4198 633 4269 dixisse
658 4200 845 4279 Philemon,
869 4220 952 4288 qnae
975 4199 1016 4266 ab
1034 4196 1248 4287 Aristophane

61 4303 218 4371 sumsisse
244 4302 382 4384 dicitur,
404 4313 440 4371 et
456 4312 607 4392 pervetus
625 4314 692 4385 est,
721 4315 758 4374 ut
780 4306 923 4384 videtur,
949 4303 1151 4374 eruditorum
1174 4324 1248 4372 con·

61 4406 219 4488 suetudo,
254 4430 318 4496 qua
349 4410 451 4478 solent
482 4429 565 4497 quae
588 4411 707 4482 similia
737 4412 802 4480 sint
831 4433 869 4480 ex
900 4411 1079 4482 imitatione
1107 4407 1249 4502 proiecta
