2940 5010
770 260 835 323 sto

210 433 387 523 Xenophon
413 435 480 521 ipse
503 432 674 500 confirmat
697 432 737 499 ll.
762 453 783 498 ι.
809 437 862 500 28.
896 432 1072 515 συμπαρῄει
1098 432 1131 499 δὲ
1154 432 1208 499 καὶ
1231 428 1347 514 θώραξ
1369 432 1405 497 τό

211 543 305 626 πεζδν
333 541 425 624 ἔχων.
471 539 627 626 Goinpara
662 545 695 604 et
727 537 849 605 Hellen.
873 535 926 603 lv.
952 557 980 602 ν.
1008 542 1060 604 11).
1092 538 1193 605 odelei
1221 536 1302 623 πεζῇ
1343 561 1407 603 πνι-

212 649 323 731 ριόντες
355 645 446 712 ιὶλλόι
480 643 738 726 παραπλέοντες,
770 652 802 709 ct
827 641 880 710 tv.
905 663 971 708 vrrs.
995 648 1028 710 5.
1061 642 1156 717 αὐτός
1178 643 1212 710 δὲ
1234 642 1316 727 πεζῇ
1341 666 1405 709 πα·

211 758 285 838 ppei.
339 752 403 819 lies
432 749 604 817 mannilesta
635 760 694 816 est.
730 747 835 815 Simili
871 746 966 813 modo
1000 746 1122 815 llellen.
1149 747 1187 814 V.
1217 766 1253 815 n.
1282 752 1342 815 31.
1375 750 1404 815 οἱ

208 860 267 940 μὲν
290 861 326 934 δός
354 855 469 930 εἰδότες
499 857 535 922 τὸ
563 858 702 938 πρᾶγμα
732 852 877 937 παρῆσάν
902 877 939 919 τε
962 852 1016 918 καὶ
1046 853 1199 921 tualeam
1230 852 1285 921 νννιδ
1316 877 1405 921 σννε·

208 963 388 1044 λαμβαυον.
434 960 575 1027 Aderant
602 961 700 1028 etiam
725 962 752 1027 ον’
773 961 820 1040 μὴ
842 958 957 1033 εἰδότες
979 959 1016 1025 τό
1046 961 1186 1041 πρῖογρνα
1218 958 1270 1049 (ut
1291 957 1405 1026 Xeno·

209 1066 295 1156 phon
320 1067 387 1153 ipse
415 1066 525 1132 statim
551 1065 738 1151 subiungit,
764 1064 818 1131 ubi
843 1065 947 1131 obiter
970 1065 1118 1151 corrige:
1140 1072 1200 1133 riis
1223 1066 1257 1133 u
1283 1065 1335 1145 urb
1356 1064 1406 1131 si-

210 1172 303 1240 δότιιν
325 1175 352 1239 oi
374 1170 432 1253 μὲν
461 1169 609 1254 ἔφυγον
638 1191 694 1258 pro
725 1169 854 1256 vulgata
879 1168 1026 1258 ἔφευγον)
1052 1168 1107 1238 sed
1137 1168 1261 1237 conscii
1284 1168 1345 1259 (σός
1365 1169 1404 1237 τό

208 1277 349 1365 πρόσθεν)
381 1285 525 1360 παρῇσαν
554 1276 607 1343 καὶ
632 1275 882 1357 συνελάμβανον.
929 1275 1038 1342 Facile
1060 1294 1148 1342 nunc
1171 1282 1221 1343 est
1240 1272 1284 1341 ad
1307 1273 1405 1341 inlel-

211 1381 377 1469 ligendum
412 1381 509 1448 verba
541 1383 594 1448 sai
630 1383 782 1449 ἐπείθοντο
805 1400 824 1446 a
848 1378 947 1448 sciolo
979 1380 1173 1469 interpolata
1206 1398 1278 1447 esse
1313 1388 1404 1467 post-

211 1508 309 1577 qnnm
331 1497 478 1571 παρῇσιιν
500 1496 641 1554 veterem
664 1486 802 1555 iormam
827 1486 992 1555 amiserat.
1040 1485 1128 1554 ldem
1162 1482 1318 1553 mendum
1347 1483 1404 1553 de·

211 1591 366 1683 prehendi
392 1599 495 1680 potest
516 1593 549 1658 in
579 1591 700 1660 llellen.
725 1592 793 1659 Vll.
818 1613 860 1659 n.
885 1595 938 1658 29.
969 1593 997 1659 oi
1018 1592 1084 1674 γὰρ
1111 1598 1228 1659 Ἠλεῖοι
1250 1590 1309 1659 σὺν
1335 1599 1405 1667 rote

210 1696 317 1772 όπλοις
340 1706 485 1781 παρῆσαν
507 1698 562 1773 ἤδη
586 1700 629 1772 εἷς
652 1701 688 1766 τό
711 1697 859 1778 τέμενος,
883 1696 936 1763 nbi
958 1696 1159 1784 ingrediendi
1182 1703 1216 1763 et
1232 1705 1404 1783 penetres·

209 1804 352 1869 dinatio
375 1804 556 1890 requiritur
577 1801 848 1889 scribendumque
870 1811 1027 1886 παρῇσαν.
1074 1801 1206 1879 Aditus,
1237 1820 1297 1889 per
1320 1820 1407 1889 qnos

208 1911 245 1976 in
269 1908 441 1977 Arcadiam
462 1909 624 1995 penetrari
653 1916 781 1996 posset,
804 1906 922 1974 ibidem
948 1907 1017 1973 llll.
1041 1927 1083 1973 ιν.
1108 1911 1163 1975 58.
1196 1906 1323 1990 πάροδοι
1345 1926 1406 1995 ap-

210 2014 373 2103 pellantur
395 2015 428 2080 in
453 2012 561 2080 verbis
582 2015 609 2081 oi
638 2022 807 2087 Μαντινεῖς
830 2013 1030 2095 προηγόρευον
1050 2014 1082 2079 όν
1103 2022 1166 2088 τοῖς
1189 2010 1296 2089 όπλνις
1320 2008 1403 2079 εἶναι

209 2121 262 2188 sal
294 2119 471 2206 φυλάττειν
497 2117 558 2194 τόις
586 2118 747 2201 παρόδους.
794 2116 864 2184 olio
892 2117 987 2184 modo
1017 2125 1185 2205 peccatum
1212 2126 1264 2185 est
1286 2116 1344 2185 Vl.
1370 2136 1403 2183 u.

213 2231 264 2294 19.
295 2226 328 2291 in
351 2225 458 2292 verbis
480 2225 506 2291 ol
527 2223 632 2304 μέντοι
653 2232 821 2298 Μαντινεῖς
843 2222 945 2289 οὐνότι
968 2221 1121 2308 ἐξῄεσαν,
1144 2222 1201 2289 ubi
1225 2220 1404 2291 emendan-

207 2331 287 2399 dum
318 2340 369 2399 est
399 2334 453 2398 obs
485 2327 663 2414 ἐπεξῇσννε
696 2328 876 2395 sexcenties
907 2338 936 2395 n
968 2335 1002 2395 et
1025 2338 1072 2395 T1
1104 2326 1238 2396 confusa
1266 2329 1407 2417 pariunt

207 2457 354 2505 errores:
379 2433 623 2501 contunduntur
646 2436 732 2501 inter
755 2452 811 2510 se,
834 2440 892 2498 aut
904 2442 949 2499 TI
973 2432 1163 2502 absorbetur
1174 2441 1251 2501 ante
1268 2458 1319 2513 π,
1342 2442 1403 2503 aut

209 2562 267 2630 per
289 2538 540 2627 dittographiam
569 2538 742 2605 infercitur
762 2556 939 2624 perperam.
986 2539 1022 2606 ln
1047 2538 1187 2609 Anabasi
1210 2537 1323 2607 editur
1341 2538 1402 2607 111.

208 2669 252 2716 ιν.
279 2652 334 2715 ab.
366 2646 396 2712 εό
420 2667 479 2711 που
502 2643 560 2710 δέοι
580 2668 612 2711 τι
631 2652 688 2719 τῆς
711 2642 889 2727 φάλαγγος
915 2644 1164 2727 ἐπιπαρῇσαν
1192 2640 1287 2713 οὗτοι.
1336 2645 1402 2715 1ch

210 2755 280 2839 ipsa
311 2751 430 2818 clamat
453 2748 584 2816 subesse
608 2747 741 2815 verbnm
764 2747 975 2831 όπιπαριόυαι,
1000 2751 1106 2839 (onius
1128 2750 1340 2838 participium
1365 2752 1402 2819 in

210 2856 270 2924 hac
290 2857 360 2944 ipsa
384 2875 419 2922 re
441 2854 622 2942 apparatio
647 2854 766 2920 vicinia
790 2851 814 2942 §
837 2858 891 2921 50.
914 2856 1001 2922 ιιατδ
1023 2856 1060 2922 τό
1082 2854 1145 2939 όρος
1167 2854 1401 2945 όπιπαριόντνς)

209 2973 243 3032 et
270 2959 498 3048 corrigendum
529 2980 601 3029 esse
632 2960 839 3044 ἐπιπαρῇσαν.
887 2958 980 3048 Apud
1013 2960 1237 3050 Thucydidem
1271 2958 1403 3031 duobus

207 3070 288 3138 locis
307 3070 437 3145 ἀπῆσαν
457 3066 619 3135 contrario
639 3084 749 3133 errore
770 3066 802 3131 in
823 3066 969 3148 dederas
989 3075 1179 3153 corruptum
1202 3076 1251 3134 est
1274 3066 1333 3135 lv,
1353 3072 1402 3137 39

207 3184 241 3242 et
265 3179 391 3253 41,ι11
417 3171 495 3241 alibi
525 3171 740 3240 ostendimus.
788 3169 936 3237 stabiliet
958 3170 1017 3238 has
1040 3171 1282 3241 emendationes
1308 3171 1402 3241 'l'hu-

208 3277 342 3370 cyrlidcs
360 3280 429 3364 ipse
453 3277 490 3343 V.
516 3284 570 3346 hl.
602 3284 662 3344 τῶν
683 3277 740 3358 μὲν
760 3276 791 3343 ἐν
812 3277 1024 3357 Λακεδαίμονι
1048 3276 1230 3360 πρέσβεσιν,
1253 3270 1284 3345 οἳ
1303 3278 1402 3364 νφότν

209 3385 277 3467 περὶ
308 3391 368 3449 τῶν
391 3384 525 3452 σπονδῶν
553 3384 666 3465 ἔτυχον
695 3380 893 3462 ἀπόντες,
916 3384 1070 3464 ἦμόλννν,
1094 3390 1127 3449 et
1155 3381 1334 3470 Xenophon
1363 3386 1400 3453 itu

208 3488 332 3558 llellen.
356 3486 425 3553 Vll.
450 3508 476 3552 υ.
505 3494 560 3558 10.
590 3508 608 3554 a
633 3486 829 3554 Schneidero
863 3487 1045 3555 rectissime
1074 3486 1283 3557 emendatus:
1313 3487 1347 3558 ol'
1359 3514 1400 3559 πε

207 3596 272 3676 γόνρ
294 3596 402 3668 ἱππεῖς
426 3594 532 3667 αὐτοῖς
560 3593 677 3667 πιόντες
702 3595 734 3659 ἐν
756 3593 907 3679 Ἀρκαδίᾳ
934 3596 1013 3671 ainsi
1020 3618 1093 3661 σαν
1124 3595 1177 3661 sol
1198 3596 1234 3662 τό
1255 3592 1400 3679 ξενικόν,

209 3699 265 3768 uhi
289 3696 364 3764 libri
388 3716 500 3765 omnes
522 3705 652 3765 servant
681 3700 836 3782 dodrans.
884 3699 977 3766 Nunc
1007 3698 1118 3767 eadem
1143 3718 1241 3788 opera
1267 3702 1402 3791 corripe

208 3803 430 3893 Xenophontis
453 3802 559 3871 locum
588 3804 621 3870 in
652 3804 791 3872 llierone
809 3803 865 3870 111.
892 3809 924 3872 b.
955 3807 1078 3873 ποθοῦσι
1106 3806 1139 3873 δὲ
1165 3804 1204 3874 ἄν
1225 3830 1287 3877 πνν
1316 3808 1402 3895 siris

208 3914 299 3994 ἢδιςα
332 3912 365 3977 δὲ
396 3908 494 3977 πόλιν
523 3908 687 3991 προσιόντα
718 3910 882 3994 δέχονται,
913 3910 1070 3978 aaronem
1098 3909 1283 3981 desiderare
1315 3912 1401 3981 scle-

208 4036 364 4085 mnenon
395 4014 578 4093 absentent,
602 4015 712 4103 itaque
735 4015 774 4082 ds
796 4042 855 4085 που
879 4019 946 4101 ἀπῇ
970 4037 1083 4084 verum
1110 4026 1178 4096 est,
1201 4018 1307 4085 etsie
1335 4042 1401 4087 που

207 4123 289 4191 bene
323 4120 439 4199 hahet,
474 4119 560 4209 quod
591 4139 666 4187 cum
697 4122 822 4190 ιὶπιέναι
845 4124 999 4209 coniungi
1021 4143 1083 4189 non
1109 4131 1224 4210 potest.
1271 4122 1397 4191 Eodem

98 4265 101 4269 .
208 4226 301 4295 modo
323 4227 499 4315 Xenophon
522 4228 663 4302 όπόντας
686 4236 719 4294 et
741 4230 919 4311 προσιόντας
949 4230 1035 4297 inter
1054 4250 1089 4298 se
1109 4238 1302 4317 opposuerat
1322 4228 1398 4297 llcl·

207 4334 271 4405 len.
294 4332 348 4402 lV.
379 4353 444 4400 νιιι.
474 4338 514 4412 b,
545 4331 601 4400 sed
636 4332 761 4403 scribac
796 4334 911 4423 siglam
946 4336 1194 4425 praepositionis
1224 4335 1322 4420 πρός,
1358 4344 1397 4404 ut
