2940 5010
713 268 778 329 682

154 443 331 527 κράτους.
357 442 409 524 ἐφ’
432 435 455 522 ᾧ
478 439 795 517 διαγανακτήσαντας
817 440 889 517 τοὺς
913 448 1103 525 περιεεῦτας
1125 444 1267 524 ἐκδιῶξαι
1286 450 1340 515 οῦ·

153 552 215 618 τόν.
261 549 374 635 ltaque
397 547 545 634 Anytus,
569 546 583 610 i
607 547 849 628 ἕερατηγηκώς,
872 546 1024 616 liberator
1048 551 1197 637 patriae,
1219 552 1338 619 civium

153 676 240 722 nnus
262 655 408 720 omnium
432 672 506 718 cum
540 651 739 741 Thrasybulo
763 663 795 720 et
824 654 939 740 opibus
961 663 994 723 et
1018 654 1127 742 populi
1157 658 1268 743 gratia
1290 678 1340 745 po-

152 760 380 836 tentissimus,
412 758 496 823 serio
519 766 673 824 narratur
696 757 729 823 in
759 759 894 826 exilium
925 758 1039 847 pulsus
1069 780 1140 827 esse
1166 781 1185 829 a
1208 762 1342 850 quibus·

153 866 247 942 dam,
282 865 337 951 qni
361 862 443 929 lortc
471 862 746 942 circumstabant,
770 885 871 950 quum
893 885 968 932 eum
998 866 1211 935 Antisthenes
1236 870 1271 935 iu
1293 869 1341 937 ria

152 971 280 1059 publica
304 969 448 1036 mordaci
477 969 563 1035 dicto
593 970 845 1055 perstrinxisset.
892 971 985 1038 Haud
1009 971 1078 1039 vidi
1111 973 1229 1059 magis.
1278 974 1340 1041 ilos

151 1097 228 1145 vero
247 1084 296 1143 est
322 1076 468 1164 »sabulos
485 1077 594 1161 poeria
614 1097 767 1154 nonore,
790 1098 853 1143 non
878 1076 1041 1144 historiam
1066 1079 1242 1145 scribere.”

196 1184 265 1251 Non
289 1183 432 1249 melioris
457 1191 550 1248 notae
572 1190 649 1248 sunt
670 1191 816 1249 caeterae
839 1182 986 1262 tabulae,
1010 1204 1070 1252 nec
1091 1204 1187 1251 verae
1208 1204 1272 1253 nee
1291 1205 1340 1255 re·

151 1292 198 1358 ris
221 1290 353 1355 similes.
402 1288 481 1369 Quis
513 1308 575 1353 non
612 1286 777 1355 subrideat
801 1288 841 1355 ad
863 1289 1014 1375 Diogenis
1035 1290 1158 1367 haerili
1182 1293 1338 1359 narratio

152 1418 228 1463 nem
253 1396 291 1462 ll.
322 1400 375 1461 45.
411 1396 563 1470 Ἀθηναῖοι
596 1395 622 1460 δ’
657 1396 744 1469 εὐθὺς
776 1396 1001 1476 μετέγνωσαν,
1035 1394 1094 1467 ῦςε
1127 1406 1257 1465 κλεῖσαι
1290 1396 1338 1465 ui

153 1503 334 1584 παλαίςοας
365 1503 418 1566 καί
454 1497 628 1580 γνμνοίσια.
684 1498 840 1567 Credehal
872 1500 1008 1569 tortasse
1037 1503 1071 1568 ιἰι
1103 1502 1191 1569 luctu
1218 1503 1339 1592 ριιίιίίοο

151 1605 335 1675 istiusmodi
361 1604 437 1692 quid
463 1604 532 1670 fieri
555 1604 698 1672 solitum.
746 1606 837 1688 Quod
867 1606 907 1674 de
932 1607 1056 1675 balneis
1079 1607 1222 1695 publicis
1244 1628 1336 1697 snpra

150 1735 190 1781 ex
210 1713 382 1779 Plutarcho
404 1712 575 1779 attulimus
593 1712 690 1778 etiam
712 1710 861 1778 festivius
883 1720 941 1780 est.
989 1717 1135 1803 Anytus,
1160 1716 1189 1779 si
1214 1714 1334 1783 Plutar-

150 1819 211 1885 cho
235 1817 417 1896 credimus,
447 1838 509 1884 non
530 1825 580 1883 est
602 1837 619 1883 e
641 1818 772 1885 civitate
788 1820 941 1900 eiectus,
966 1840 1029 1886 non
1055 1818 1095 1886 ah
1119 1820 1333 1888 Heracleensi-

150 1927 211 1993 hus
235 1933 389 2003 necatus,
420 1922 475 1991 sed
498 1922 670 2002 ἀπήγξατο
694 1927 727 1992 οῦ
755 1924 854 2007 Φίοων
878 1929 913 1992 τὸ
944 1936 1045 2006 μῖσος.
1093 1926 1202 1992 Etiam
1228 1946 1267 1994 ex
1290 1926 1334 1993 hia

150 2031 334 2098 luculenter
367 2038 499 2116 apparet
532 2032 571 2103 dr
605 2029 711 2111 σαῦρον
742 2031 788 2100 ἐςι
819 2032 914 2115 φύσει
944 2036 1008 2098 πῖον
1043 2028 1063 2098 ὅ
1094 2057 1125 2098 τι
1160 2032 1200 2099 ἂν
1236 2030 1333 2113 pilli

148 2139 297 2213 οὶληίείας
321 2135 338 2219 ,ἦ
362 2137 574 2215 συγκείμενον.

194 2245 322 2332 Anytus
349 2250 457 2308 autem
482 2260 678 2327 quamquam
715 2261 818 2327 neque
850 2241 1018 2329 suspendit
1042 2262 1113 2310 sese
1136 2252 1272 2330 propter
1292 2244 1327 2309 ei·

147 2350 237 2415 vium
266 2349 396 2425 odium,
428 2367 532 2434 neque
557 2346 727 2414 Heracleae
759 2346 920 2433 lapidibus
952 2358 1001 2415 cst
1034 2348 1196 2427 obrutus,
1235 2368 1327 2436 neque

146 2454 350 2521 Antisthenis
381 2474 476 2540 opera
498 2456 530 2519 in
560 2452 693 2519 exilium
719 2455 842 2519 eiectus
867 2463 935 2529 est,
969 2462 1077 2521 tamen
1102 2473 1205 2540 quum
1237 2454 1327 2521 Xeno

147 2560 231 2647 phou
266 2557 525 2626 Alcmorahilibus
553 2558 694 2624 Socratis
728 2559 876 2625 ultimam
913 2579 1045 2626 manum
1081 2561 1264 2646 imponeret
1284 2558 1326 2627 lul

148 2669 204 2741 rim
235 2671 288 2731 τοῦ
320 2668 383 2730 υἱοῦ
413 2666 544 2747 πονηρὰν
571 2666 715 2730 παιδείαν
745 2666 796 2731 καὶ
828 2666 879 2731 διοδ
903 2667 959 2740 την
985 2669 1080 2731 αὐτοῦ
1116 2667 1328 2745 οὶγνομοσιίνηι

148 2771 194 2838 ἔτι
218 2773 269 2837 καί
295 2773 523 2845 τετελευτηκὼς
547 2770 708 2852 ἐτύγχανε
733 2769 925 2848 κακοδοξίας.
974 2771 1114 2839 Putasne
1147 2771 1327 2858 Xenophon·

148 2886 214 2946 tem
236 2897 336 2963 quum
361 2876 439 2943 haec
463 2875 618 2942 scriberet
642 2884 673 2942 et
703 2876 802 2964 Anyti
827 2884 947 2942 sortem
976 2896 1052 2941 cum
1085 2876 1231 2943 Socratis
1253 2895 1328 2943 com·

146 2992 297 3071 poneret,
322 2983 362 3048 de
385 2983 483 3071 Anyti
505 2980 601 3048 exilio
624 2990 681 3048 aut
703 2981 888 3048 calamitate
913 2981 1111 3048 inaudivisse
1133 2981 1328 3069 quidquam?

146 3091 263 3156 Contra
296 3089 438 3156 Socratis
465 3087 576 3154 laudes
609 3087 719 3153 sedulo
751 3088 846 3153 multi
869 3096 901 3153 et
925 3089 1129 3155 sermonibus
1151 3097 1184 3155 et
1206 3087 1328 3176 scriptis

146 3195 433 3273 concelebrabant‚
462 3204 595 3279 eratque
627 3214 765 3279 magnus
793 3214 950 3260 numerus
977 3199 1036 3261 τῶν
1068 3196 1206 3262 ἐπαινεῖν
1242 3195 1327 3261 αὐτὸν

145 3303 339 3382 εἰθισμένων,
371 3309 408 3366 ιιι
430 3299 603 3365 isocratem
635 3298 729 3364 modo
764 3299 948 3365 audivimus
977 3300 1161 3376 dicentem,
1198 3298 1329 3367 Socrati·

147 3429 259 3475 corum
282 3426 407 3473 osorem
428 3416 460 3471 ct
476 3413 717 3472 contemtorem.
766 3405 820 3471 Sic
841 3406 942 3490 igitur
974 3405 1148 3492 A‘cnopbon
1170 3406 1266 3472 Mem.
1283 3402 1329 3470 tv.

146 3535 192 3581 ιιι.
207 3518 249 3577 ¹2.
283 3513 464 3579 rectissime
488 3513 592 3598 potuit
615 3510 742 3577 dicere:
778 3511 870 3578 ἄλλοι
894 3513 952 3591 μὲν
976 3509 1025 3578 οῦν
1055 3513 1140 3594 αὐτῷ
1172 3513 1248 3594 πρὸς
1277 3510 1329 3578 ἄλ·

145 3634 218 3692 λοιις
241 3615 334 3691 οῦτοις
363 3619 521 3697 ὁμιλοῦντι
546 3618 790 3697 παραγενόμενοι
824 3619 1093 3697 διηγοῦνται,
1126 3618 1190 3695 ἐγὼ
1223 3619 1255 3683 δὲ
1282 3614 1328 3682 ὅτε

144 3725 217 3806 πρὸς
241 3725 419 3803 Εῦίιίδημον
441 3723 543 3789 τοιοίδε
567 3724 725 3802 διελέγετο
747 3724 986 3803 παρεγενόμην,
1013 3721 1067 3788 nbi
1091 3722 1272 3801 διηγοῦνται
1295 3718 1329 3786 da

147 3831 385 3898 Socraticorum
410 3830 535 3915 scriptis
558 3831 662 3915 magis
685 3849 781 3916 qnam
806 3828 846 3896 de
870 3828 1073 3895 sermonibus
1096 3826 1329 3915 accipiendum.

147 3938 240 4004 Nunc
263 3936 304 4003 ad
328 3936 452 4022 reliqua
478 3945 615 4002 transeo.

192 4044 384 4110 Rectissime
408 4041 613 4126 ilirscbigius
637 4041 805 4107 admonuit
828 4042 860 4106 in
882 4041 936 4107 IV.
961 4062 1014 4107 ιι..
1032 4048 1082 4106 11.
1116 4043 1208 4117 δῆλοι
1232 4036 1330 4106 εἶκαὶ

146 4157 198 4217 νῦν
218 4151 401 4233 διαφεύγειν
431 4150 578 4228 ἐγχειρῶν
606 4149 640 4214 τὸ
672 4148 907 4213 ἀποδείκνυσθαι
931 4148 1056 4228 γνώμην
1088 4145 1122 4232 [ὅ
1148 4170 1179 4212 τι
1204 4146 1331 4227 νομίζεις

147 4260 182 4322 τὸ
205 4258 355 4341 δίκαιον],
386 4254 543 4322 emblema
567 4272 637 4319 esse
667 4251 900 4330 resecandum,
934 4273 1074 4340 namque
1103 4251 1255 4338 Hippiam
1286 4268 1329 4317 re·

147 4362 269 4446 spicere
292 4361 375 4449 quod
400 4360 494 4448 yiaulo
515 4367 589 4427 anic
615 4358 740 4426 dixerat
771 4362 788 4442 ᾗ
812 4364 843 4426 9.
868 4361 959 4441 οῦρκεΐ
988 4361 1053 4442 γὰρ
1078 4356 1126 4427 dri
1146 4360 1207 4425 τῶν
1228 4356 1330 4425 ἄλλον
