2940 5010
847 297 907 359 iil

290 473 457 563 graphium
479 491 548 538 esse
571 476 723 559 putantes
743 469 775 534 iu
800 468 980 536 ἐπαίδευσεν
1004 476 1036 536 et
1055 469 1243 536 ἐπαίδευσαν
1265 474 1332 535 tres
1353 467 1375 534 li

291 580 384 670 plano
408 577 604 644 necessarias
627 572 829 641 sustrrleruut
849 583 881 641 ct
898 574 1016 641 Suidas
1032 575 1115 662 ipse,
1137 574 1281 661 quisine
1299 593 1379 661 susp¹

293 686 402 752 docuit
422 685 592 763 ἀμύναιντο
609 681 673 748 dici
694 700 751 769 pro
767 679 918 760 νίμίνανεν
937 681 1146 771 (quamquam
1165 678 1225 745 hoc
1246 677 1379 767 perahsu

292 811 363 859 esse
384 786 670 877 patarenorum),
693 805 758 852 non
777 784 873 851 hahet
893 783 948 851 ubi
967 786 1120 854 stolidum
1139 793 1173 853 et
1192 784 1361 852 indoctum

294 895 493 963 abscondat..
525 891 701 960 Aeschines
730 910 787 978 pro
816 891 888 957 utili
913 912 1027 979 opera,
1051 911 1149 979 quarn
1178 890 1272 958 nohis
1303 911 1379 978 prae

296 1002 355 1067 troc
387 985 649 1087 praemitteret,
675 1007 720 1064 ut=
734 997 763 1064 ci
786 997 882 1080 μίχρν
904 999 962 1077 μὲν
988 999 1067 1079 lidos
1088 999 1103 1064 ὁ
1123 999 1218 1078 δῆμον
1242 996 1379 1079 {trader

289 1115 351 1172 tur
372 1125 429 1191 pro
452 1106 574 1189 ἔτρεφε.
622 1103 765 1190 Denique
787 1111 941 1170 accentus
963 1104 1098 1171 uitiosus
1120 1104 1154 1169 in
1176 1101 1227 1169 ἵνα
1248 1100 1281 1169 αί
1297 1126 1375 1169 ποτε

294 1234 370 1277 ποτε
391 1219 480 1276 certa
498 1209 536 1276 de
556 1229 653 1277 causa
672 1208 873 1295 corrigatur,
897 1217 933 1275 ut
953 1216 1042 1276 recte
1059 1207 1146 1297 apud
1164 1208 1342 1274 Homerum
1363 1206 1379 1274 n

295 1312 385 1383 Iliad.
412 1316 447 1380 Ε.
471 1319 548 1382 800.
1114 1315 1118 1319 ’

478 1419 497 1498 ἦ
520 1420 624 1498 ὀλίγον
644 1415 675 1485 ol
696 1416 796 1487 παῖδα
819 1419 942 1486 ecculm
963 1419 1092 1500 γείνατο
1113 1418 1245 1494 Τυδεύς.

289 1524 380 1613 quod
406 1524 556 1591 Herodoti
580 1544 677 1591 causa
699 1524 870 1603 admoneo,
894 1525 949 1591 ubi
967 1521 998 1592 cl
1017 1523 1097 1592 illud
1125 1522 1316 1590 redexivnm
1344 1521 1379 1590 til

297 1631 389 1717 ptanc
411 1632 611 1716 incognitum
635 1629 851 1697 foedissimam
876 1629 1091 1718 corruptelam
1106 1629 1253 1717 peperit,
1274 1649 1379 1715 quam«

296 1754 391 1802 nemo
413 1734 454 1801 ad
473 1735 559 1802 hrruc
581 1736 666 1803 diem
688 1736 767 1824 quid
792 1736 920 1803 tandem
945 1735 1119 1803 historicus
1142 1733 1262 1801 dixerit
1285 1734 1360 1801 ullis

292 1842 437 1929 potuerit
466 1842 658 1928 excogitare.
707 1841 770 1909 Sed
797 1851 969 1930 antequam
1002 1840 1088 1907 hunc
1119 1840 1225 1906 locum
1250 1839 1377 1926 protere

294 1947 424 2014 tendam
456 1950 548 2034 prius
571 1946 604 2012 in
625 1955 746 2034 quanto
768 1947 911 2035 periculo
934 1965 1108 2034 pronomen
1133 1943 1164 2013 ol
1184 1945 1315 2012 inscitia
1346 1946 1379 2014 Gr

294 2052 399 2118 lorunr
425 2062 545 2120 temere
568 2053 800 2139 corrigentium
830 2051 988 2140 quidquid
1012 2051 1054 2118 iis
1077 2071 1141 2118 non
1162 2059 1248 2119 esset
1269 2053 1380 2119 satist

293 2158 395 2225 soleat
417 2160 449 2224 in
469 2158 561 2224 tilrris
585 2159 716 2226 uersari.
763 2160 799 2226 In
828 2158 970 2226 Platonis
997 2156 1166 2246 Symposio
1188 2177 1218 2244 p.
1246 2162 1321 2224 174.
1344 2157 1379 2224 E.

292 2264 352 2329 trae
376 2263 534 2330 dederunt
554 2264 620 2330 τὸν
639 2265 697 2344 μὲν
716 2265 780 2346 γὰρ
797 2266 883 2338 εὐθὺς
903 2262 1006 2330 παῖδα
1024 2287 1096 2330 τινα
1116 2261 1229 2328 ἔνδοθεν
1252 2265 1379 2342 &vaurd

293 2368 400 2447 ἅγιαι
426 2388 534 2435 voram
555 2370 750 2456 scripturam
763 2368 889 2455 primus
904 2369 1050 2434 omnium
1063 2368 1225 2434 Porsonus
1246 2368 1298 2459 (ad
1312 2368 1379 2436 Eur

295 2474 373 2562 754)
404 2476 491 2541 eruit
519 2495 558 2541 ex
590 2473 702 2540 Pontio
722 2494 751 2539 t.
776 2470 814 2540 ol
834 2473 1070 2556 aspernendum
1096 2474 1167 2539 ἀντὶ
1195 2479 1250 2540 τοῦ
1278 2475 1379 2558 ἑαυτῷ

292 2578 387 2653 τίνας
412 2581 443 2645 δὲ
463 2582 499 2646 τὸ
519 2576 610 2646 οὖτα.
648 2580 834 2664 Συμποσίῳ·
858 2577 895 2646 ol
914 2580 983 2659 μὲν
1006 2579 1086 2662 γὰρ
1108 2581 1219 2655 εὐθὺς
1245 2580 1368 2647 παῖδά

293 2690 363 2750 τῶν
385 2683 534 2750 ἔνδοθεν
552 2687 855 2763 excrementa.
904 2683 1081 2770 Descripsit
1100 2682 1182 2751 haec
1201 2683 1342 2752 'Pholius
1364 2705 1379 2753 t

293 2790 395 2875 tiquis
415 2790 448 2854 iu
473 2789 636 2857 Platonem
668 2789 823 2870 Scholiis‚
846 2784 953 2877 qualia
985 2789 1145 2876 permulta
1176 2790 1209 2856 et
1239 2791 1372 2876 egregia

294 2914 369 2961 curn
390 2903 516 2962 exstare
538 2894 615 2962 alibi
635 2897 699 2962 iam
721 2895 873 2963 diximus.
922 2895 1035 2962 Postea
1059 2893 1170 2962 eadem
1194 2895 1379 2982 scriptura}

296 3000 386 3066 tinris
416 3000 507 3068 tibris
537 3010 665 3090 reperta
691 3010 758 3078 est,
785 3001 850 3067 nisi
875 3000 959 3088 quod
987 3000 1091 3067 παῖδα
1116 3024 1188 3067 τινα
1220 2998 1333 3067 ἔνδοθεν
1355 3004 1379 3069 si

293 3125 423 3180 ornnes,
447 3126 548 3193 qurum
570 3109 673 3195 potior
695 3108 738 3174 sit
759 3104 956 3173 Scholiastae
983 3104 1078 3173 tectio
1105 3104 1301 3175 aerternae
1325 3111 1379 3174 τῶν

295 3213 353 3277 θεν.
392 3212 466 3278 Post
486 3232 588 3299 pauca
609 3210 692 3301 apud
714 3211 877 3279 Platonem
900 3213 933 3278 in
957 3210 1067 3279 eadem
1087 3231 1123 3279 re
1143 3213 1272 3300 turpius
1294 3213 1379 3279 etian

295 3305 406 3382 catum
432 3325 481 3382 ost
504 3319 536 3382 iu
567 3318 659 3385 libris
686 3317 854 3397 omnibus,
884 3316 1016 3406 optimis
1046 3316 1379 3406 pessimisp.17tt..

294 3422 353 3500 ἐμὲ
376 3421 437 3504 ἔφη
459 3423 613 3505 απννίζενν
634 3424 688 3489 τὸν
711 3424 828 3502 παῖδα,
851 3422 907 3489 ubi
931 3424 1059 3490 Bestius
1080 3442 1148 3490 rem
1171 3440 1233 3489 acu
1255 3422 1375 3509 tetigit

298 3550 377 3615 gons
401 3530 452 3595 uel
478 3527 568 3610 ἓμὲν
592 3531 664 3616 ἔφη.
702 3531 840 3617 Vulgata
864 3540 938 3598 nata
960 3541 1009 3600 est
1032 3554 1070 3600 ex
1094 3516 1271 3601 ΚΛΙΕΜΕ.
1306 3533 1343 3600 in
1367 3533 1379 3600 1

298 3631 478 3720 fragmento
501 3634 584 3723 apud
608 3636 724 3703 Athen.
748 3636 803 3705 lV.
830 3642 903 3703 151.
925 3637 961 3704 P.
986 3640 1018 3705 in
1042 3637 1155 3705 Codice
1175 3645 1238 3706 est:

724 3743 875 3825 παρέίνκε
894 3745 1013 3811 πίνακα
1032 3744 1097 3826 γὰρ
1119 3744 1226 3824 μέγαν

502 3847 618 3930 ἔχοντα
641 3849 766 3932 μικροὺς
785 3850 880 3916 πέντε
903 3851 1101 3925 πινακίσκους
1124 3850 1156 3915 ἓν
1178 3848 1231 3927 ὧν,

295 3951 351 4018 cui
371 3950 554 4020 Bindorfius
573 3955 693 4041 optime
715 3954 746 4022 lc
764 3952 795 4022 ol
810 3954 961 4022 reddidit.
997 3953 1139 4020 Habebat
1158 3953 1234 4021 olim
1254 3950 1305 4032 αὖ,
1327 3950 1372 4030 ol,

296 4058 509 4137 minaticum,
539 4079 603 4146 quo
634 4060 766 4128 Veteres
792 4060 968 4128 utebantur
1002 4059 1115 4127 eodem
1143 4058 1254 4138 modo,
1285 4078 1350 4146 qno

297 4157 434 4229 Unicum
458 4163 640 4252 exemplum
660 4173 807 4254 superest
830 4187 849 4233 a
868 4164 993 4233 duobus
1016 4164 1120 4233 doctis
1138 4173 1172 4233 et
1190 4165 1379 4253 antiquistl

294 4279 459 4336 seruatum
479 4288 518 4335 cx
540 4269 705 4360 Sophoclis
725 4273 884 4356 οίναμνίῳ,
905 4272 961 4340 sed
982 4271 1068 4360 apud
1091 4280 1268 4361 utrumque
1290 4271 1379 4340 uerba

295 4380 348 4441 tae
371 4373 542 4464 deprauata
562 4388 647 4446 stunt.
697 4378 883 4467 Apollonius
901 4366 1059 4472 dyscolus
1077 4380 1145 4465 περὶ
1169 4381 1367 4462 ανταννμίας
