2940 5010
694 297 761 361 630

133 475 230 545 dere:
266 492 361 562 saepe
396 472 494 540 etiarn
530 471 664 554 χρῆσθαι
699 478 733 537 et
763 471 951 553 χρίσασθαι.
1000 471 1128 542 Platoni
1162 474 1259 545 reddo
1287 479 1314 547 ir

133 581 277 650 Phaedro
301 603 331 669 p.
353 584 432 646 231.
460 579 494 645 B.
528 577 598 644 οὔτε
619 617 663 630 -
687 577 954 662 προφασίζεσθαι,
977 579 1048 647 οθσε
1071 618 1120 634 -
1143 582 1315 667 immite·

133 692 221 766 σθαι,
244 727 289 738 -
312 689 537 761 αίσιῖισθαι,
572 704 630 772 pro
653 683 867 750 αίσιιίσασθαι.
916 684 1024 752 Redde
1048 687 1313 777 Demosthenlp.

133 799 193 871 25,
219 799 272 861 23.
296 795 377 861 πολὺ
401 794 464 874 γὰρ
487 798 557 876 ῥᾷον
581 790 715 873 ἔχουσαι
747 791 968 874 Φυλιίστεινθρ
1001 796 1186 862 κνᾶσθαι
1217 794 1316 864 mirre

132 902 290 984 πέφυκεν,
315 920 373 988 pro
396 901 580 974 κτήσασθαι.
628 897 771 962 Luciano
794 897 991 965 reddiderim
1015 900 1048 965 in
1076 900 1134 967 Bis
1165 900 1316 971 Amano

132 1027 202 1095 cap.
224 1007 249 1072 l.
282 1007 343 1073 οὐδ’
377 1003 443 1070 ίσον
478 1004 652 1080 κνῆσθαι
682 1005 718 1070 σθ
742 1000 811 1080 οὖς,
836 1004 958 1087 Φασὶν,
991 1008 1112 1088 σχολὴν
1137 1005 1245 1089 ἔχων,
1266 1026 1315 1095 pro

131 1115 314 1190 κνήσασθαι.
360 1112 510 1188 Κνώμενοι
534 1107 619 1194 apud
649 1127 722 1174 edlu
748 1127 843 1196 saepe
866 1110 1005 1195 legitur,
1026 1119 1060 1178 et
1083 1114 1233 1181 Atticum
1256 1120 1315 1192 ιινῆ·

131 1223 200 1286 σθαι
233 1217 281 1283 vel
306 1237 323 1283 e
348 1216 488 1281 Platonis
520 1215 638 1301 Gorgia
672 1234 702 1301 p.
728 1217 805 1280 ddi.
830 1214 863 1281 G.
898 1236 1027 1284 sumere
1057 1218 1179 1305 potuit.
1228 1218 1315 1289 nrm

133 1325 242 1391 eodem
272 1321 366 1388 modo
398 1322 602 1402 προσκνῆσθαι
626 1341 644 1386 a
667 1317 833 1386 Graeculis
863 1330 1055 1409 corruptum
1086 1332 1140 1391 est
1168 1324 1204 1390 iu
1234 1348 1313 1408 σριι·

132 1433 267 1508 ιινίσθαι,
290 1427 529 1510 προσκνίσασθαι
559 1434 591 1492 et
612 1426 860 1507 προσκνιθσασθαι
880 1426 914 1493 in
944 1426 1168 1515 Xenophontis
1190 1429 1313 1499 liemon

132 1538 156 1604 Ι.
181 1558 214 1602 ιι.
248 1540 310 1612 50,
342 1534 398 1599 ubi
432 1551 520 1597 nunc
553 1539 640 1596 recte
667 1529 805 1616 legitur:
837 1531 990 1614 ἐπιθυμῶν
1021 1534 1195 1618 Εὐθυδήμῳ
1217 1558 1313 1620 προσ·

130 1643 297 1717 ιινιῑσθαι
322 1637 422 1719 ίίσπερ
444 1637 487 1703 πθι
512 1634 582 1702 ὕδια
604 1644 668 1710 σοῖς
691 1637 796 1710 λίθοις.

176 1748 212 1814 ln
239 1750 257 1832 §
282 1752 336 1813 db.
371 1745 418 1809 sic
454 1742 584 1808 demum
621 1740 799 1826 intelligam
832 1740 865 1807 id
899 1740 984 1830 quod
1015 1741 1191 1811 Niceratus
1223 1744 1312 1823 dicit,

132 1873 233 1940 quum
258 1853 416 1937 scriptum
441 1848 525 1914 erit:
556 1847 619 1925 ἐγὼ
648 1849 712 1927 γὰρ
736 1845 796 1923 ἥξω
821 1849 895 1928 παρ’
919 1850 1016 1915 αὐτοῦ
1048 1849 1263 1931 δανεισθμενος
1283 1851 1312 1919 ιθ

130 1961 258 2041 μηδενὸς
282 1957 487 2039 προσδεῖσθαι.
525 1951 616 2018 Οὕτω
642 1951 730 2042 (γὰρ)
756 1954 999 2034 πεπαιδευμένοι
1021 1954 1076 2038 ὑφ’
1100 1958 1241 2039 Ὁμιίρυυ
1257 1958 1311 2041 dp·

130 2069 217 2148 θμεῖν
241 2103 285 2115 -
308 2063 416 2144 ςαθμῷ
440 2060 492 2125 καί
517 2060 632 2140 ἀριθμῷ
656 2059 722 2124 erl.

176 2172 320 2239 Pessime
351 2163 494 2233 abundat
524 2163 636 2228 rocula
660 2163 716 2228 καί
739 2162 772 2229 in
806 2165 904 2250 §re
936 2163 989 2231 oro
1020 2165 1052 2231 δὲ
1084 2170 1122 2234 πθ
1153 2167 1310 2250 προειδέναι

134 2279 215 2369 [καί]
249 2274 267 2342 θ
295 2299 325 2341 σι
356 2271 390 2349 ἐξ
420 2270 533 2341 ἑκοίςου
565 2270 790 2349 ἀποβήσεται,
824 2268 910 2355 quod
946 2269 1105 2339 indicasse
1139 2273 1221 2339 satis
1250 2279 1310 2340 oste

133 2393 300 2472 praeterea
332 2376 466 2443 delenda
498 2382 575 2440 sunt
605 2374 703 2440 rerba
737 2373 774 2463 [ri
794 2400 830 2442 σε
859 2376 909 2442 δεῖ
928 2376 980 2441 καὶ
1005 2372 1028 2442 θι
1054 2380 1088 2444 οὐ
1111 2379 1176 2460 χρὴ
1208 2375 1309 2468 ποιεῖν]

131 2482 415 2574 exsuperioribus
447 2482 583 2567 repetita
609 2500 671 2545 non
703 2481 773 2547 sine
798 2482 885 2568 turpi
915 2482 1070 2548 orationis
1103 2482 1311 2570 negligentia:

130 2597 177 2662 sic
201 2592 322 2679 optime
355 2587 539 2654 coalescunt
572 2605 659 2652 nunc
692 2585 775 2653 male
806 2586 930 2654 divulsa
954 2624 998 2637 -
1022 2588 1151 2657 ἕνθπνια
1174 2591 1229 2656 καὶ
1252 2592 1310 2658 olr-

131 2701 219 2778 νοθς,
242 2695 283 2771 οἷς
308 2697 369 2775 ἐγὼ
393 2693 467 2759 ὅταν
492 2693 549 2771 μὲν
572 2693 726 2772 πείθωμαι
752 2694 819 2759 κσὲ.

175 2806 223 2874 Ad
256 2807 274 2890 §
299 2808 353 2869 50.
390 2797 475 2874 οὖτος
506 2799 563 2878 μὲν
587 2799 622 2872 ob
655 2798 669 2865 θ
701 2797 797 2877 odrae
828 2796 923 2872 οἱίσοις
952 2800 1234 2880 ἕσπονδαιολσγιὶθιι
1269 2818 1308 2867 ro·

131 2913 235 3003 spexit
267 2907 401 2975 Photius
425 2925 454 2970 ν.
491 2903 640 2985 slavor(
665 2939 738 2969 .-
761 2904 813 2970 ἐπὶ
845 2905 877 2970 δὲ
908 2910 962 2971 τοῦ
997 2916 1251 2987 σεμνολονεῑν
1280 2906 1311 2975 σθ

131 3018 449 3091 σπουδαιολονεῖν
481 3017 622 3091 Ξενοφῶν
658 3009 847 3092 Συμποσίῳ,
882 3008 937 3075 sed
977 3009 1101 3078 fallitur
1137 3011 1235 3079 horno
1265 3010 1310 3078 do·

130 3135 221 3204 ctus,
245 3131 282 3189 ut
305 3120 414 3186 vides:
438 3116 527 3183 aliud
551 3115 635 3182 enim
661 3133 731 3180 esse
753 3123 974 3194 oegvoroysn,
1005 3117 1093 3184 aliud
1117 3119 1310 3186 σπουδαιιιιν·

129 3240 198 3311 νεῖν
222 3227 431 3316 perspicuum
455 3229 513 3289 est.

176 3337 212 3403 ln
245 3352 314 3418 cap.
336 3330 388 3396 lV.
414 3335 467 3396 55.
504 3326 603 3408 πρώην
636 3324 823 3411 pervulgato
858 3328 937 3394 vitio
968 3327 1147 3409 scribitur,
1179 3339 1216 3397 ut
1250 3348 1311 3418 par·

130 3444 215 3519 sim,
238 3458 297 3525 pro
321 3436 432 3518 πρῴην.
481 3430 673 3498 Incredibile
697 3430 786 3496 dictu
809 3440 857 3498 est
886 3442 965 3519 quot
998 3433 1163 3500 scribendi
1194 3452 1311 3503 errores

129 3545 290 3636 pepererit
321 3539 451 3607 literula
472 3538 485 3604 l
510 3559 528 3604 a
553 3536 694 3602 librariis
719 3556 776 3601 suo
796 3538 958 3605 arbitratu
987 3538 1082 3605 modo
1113 3541 1200 3609 male
1223 3543 1310 3609 ornis·

129 3673 187 3731 sa,
210 3647 304 3716 modo
331 3645 531 3731 negligenter
554 3642 673 3708 addita.
721 3642 836 3709 Nullus
862 3652 967 3711 exstat
989 3644 1071 3710 liber
1094 3648 1260 3733 scriptus,
1281 3647 1309 3712 in

130 3779 194 3846 quo
225 3754 310 3823 istud
344 3772 446 3838 genus
478 3749 548 3814 vitii
574 3768 637 3813 non
663 3748 706 3813 sit
738 3747 900 3835 frequens.
948 3748 1097 3836 Plerique
1132 3751 1309 3820 scribaerl

130 3860 429 3948 προσγεγραμμένον
459 3858 535 3923 ίῶπα
568 3853 671 3920 solent
702 3853 795 3939 plane
818 3857 988 3922 omittere:
1019 3854 1095 3921 hinc
1119 3853 1244 3924 lactum
1268 3863 1309 3924 ert

130 3980 167 4038 ut
187 3972 373 4036 etiamnunc
396 3984 455 4050 pro
475 3962 568 4044 ζῷον,
592 3959 668 4042 ᾠθν,
693 3963 845 4044 κρεᾴδιον,
869 3960 986 4045 αοίθρμ,
1010 3963 1117 4046 κρθφρ
1135 3971 1199 4028 cet.
1224 3964 1308 4046 ζῶον,

129 4077 183 4145 θθν
206 4084 267 4142 cet.
292 4071 415 4138 soleant
435 4069 551 4143 scribi,
576 4075 608 4132 et
628 4065 674 4130 sic
698 4067 797 4147 προίνν
817 4087 873 4153 pro
892 4066 1002 4149 πρῴην.
1051 4067 1133 4132 llinc
1157 4068 1309 4137 adiectirt

130 4186 162 4249 in
186 4189 261 4254 -ῶος
287 4186 360 4243 nata
385 4184 483 4252 sunt,
514 4193 595 4259 quae
620 4170 707 4236 nulla
740 4170 873 4239 luerunt
897 4191 1075 4260 umquam,
1106 4174 1162 4241 sed
1188 4176 1223 4242 in
1242 4179 1308 4260 -ᾤοι

129 4288 205 4354 οΙίιιι
235 4283 376 4352 exibant.
424 4279 621 4347 Adscribuut
654 4287 765 4345 contra
790 4280 873 4346 male
906 4279 1019 4345 lornris
1051 4281 1178 4347 boricis
1207 4282 1241 4347 in
1270 4302 1309 4347 -ιι

128 4412 186 4482 pro
218 4413 273 4456 ·ιυ
297 4387 511 4464 exeuntibus,
536 4393 567 4453 et
590 4381 763 4463 dualibus,
788 4394 824 4453 ut
849 4386 880 4452 in
907 4382 1100 4472 Antipbauis
1130 4384 1203 4455 loco
1232 4382 1310 4476 apul
