2940 5010
705 275 770 337 478

152 448 251 538 ίρίοιρ]
277 452 331 519 οὐκ
351 447 517 529 ἐγίγνετο,
541 465 617 513 nam
648 445 722 534 quis
741 457 790 513 εει
814 443 1013 536 Thucydidis
1035 445 1138 517 lector
1160 451 1330 533 assiduus,

149 557 205 643 qui
230 574 292 622 non
316 555 425 622 statim
450 552 634 620 admonitus
657 550 811 620 fatebitur
833 552 930 620 verba
959 552 1028 637 ίερίι
1055 554 1088 620 du
1115 565 1181 632 τοῖς
1205 558 1293 642 θρίοις
1313 579 1335 629 e

148 659 270 727 scholio
293 657 484 747 irrepsisse?
530 658 584 725 Τίι
615 658 804 739 διαβατήρια
827 658 950 738 ἐγίνετο
979 678 1075 748 saepe
1101 661 1137 729 in
1159 661 1336 733 Hellenicis

148 773 237 832 recte
260 765 394 852 legitur,
416 763 489 830 vide
512 764 567 831 lll.
592 784 621 830 v.
648 768 686 840 ἰς
716 763 771 830 1v.
794 784 847 831 vu.
873 768 913 840 ις
943 763 982 831 V.
1005 785 1028 831 t.
1055 770 1116 843 35;
1138 767 1178 835 V.
1200 790 1249 839 ιιι.
1276 774 1335 847 lt:

146 870 185 937 V.
209 891 251 937 iv.
275 876 336 947 57;
367 870 421 937 vl.
446 890 476 936 ν.
503 872 555 936 12.

190 974 271 1043 ibid.
296 976 351 1046 Vl.
372 996 415 1042 tv.
441 978 493 1041 12.
528 977 584 1052 τίρν
605 975 663 1056 μὲν
688 975 828 1057 πορείαν,
850 979 890 1050 νίς
912 973 1012 1055 ἔοικε,
1037 977 1142 1068 [δῆλον
1162 976 1226 1070 ὅτι]
1252 980 1334 1069 πεζῇ

143 1081 300 1157 κοιντίου·
323 1083 358 1149 οὐ
380 1082 444 1163 γὰρ
466 1079 512 1152 ist
537 1089 645 1150 πλοῖα.
691 1080 812 1147 Festivi
843 1081 965 1166 ingenii
999 1080 1113 1151 Graeci
1148 1093 1199 1152 est
1231 1085 1266 1152 iu
1297 1106 1336 1155 re

143 1195 211 1252 tam
237 1185 407 1252 manifesta
428 1189 468 1260 ὥς
497 1185 574 1252 ἔοικε
598 1204 735 1273 ponere,
763 1193 796 1251 et
826 1205 920 1274 saepe
949 1191 989 1263 ὥς
1020 1187 1100 1257 ἔοικε
1126 1190 1162 1255 in
1195 1209 1254 1257 ore
1283 1200 1337 1259 est

142 1302 206 1368 τοῖς
229 1291 473 1376 είροονευομίνοις.
518 1291 719 1377 coniungere
750 1300 860 1360 autem
889 1296 929 1368 ue
956 1292 1034 1361 ἔοικε
1063 1295 1154 1372 δῆλον
1182 1291 1230 1365 ὅτι
1263 1305 1333 1366 iam

143 1398 294 1464 insanum
323 1405 374 1464 εει
400 1415 437 1463 ac
466 1398 494 1463 si
529 1397 602 1485 quis
625 1394 721 1463 vellet
750 1396 877 1465 dicere:
913 1420 1064 1487 apparere
1085 1400 1220 1471 υιίίσιιιτ.
1267 1402 1333 1486 Qui

141 1499 264 1569 lactum
286 1503 330 1568 sit
354 1511 390 1569 nt
409 1501 449 1568 ah
471 1501 578 1589 aliquo
600 1501 839 1570 adscriberetur
862 1502 956 1570 facile
979 1504 1184 1592 intelligitur.

186 1607 224 1673 ln
249 1612 266 1695 §
292 1611 344 1674 18.
376 1611 415 1682 ὥς
438 1608 502 1690 γὰρ
522 1608 585 1686 lyd
607 1609 671 1675 οὶτὸ
695 1614 748 1675 τοῦ
767 1609 949 1689 αὐτομοίτου
970 1611 1045 1693 χθὲς
1073 1609 1195 1688 ι’ίκοντοο
1219 1613 1331 1683 πλοίου

140 1712 256 1793 ἤκουσοί
279 1737 375 1791 τινος,
403 1710 476 1803 [ὅτι]
502 1713 670 1797 Κλέανδρος
690 1750 737 1765 -
754 1715 867 1794 μέλλει
889 1713 990 1794 ἥξειν,
1013 1717 1088 1804 quis
1107 1717 1333 1803 importunam

139 1817 285 1884 voculam
318 1821 440 1885 serrari
471 1838 562 1904 posse
597 1818 712 1906 putat?
760 1819 846 1886 Satis
876 1822 1086 1907 perspicuum
1124 1828 1176 1889 εει
1209 1819 1257 1890 ίτι
1289 1825 1333 1893 ad

139 1924 255 2003 ἥκουσα
276 1922 391 1990 reicrri
414 1924 502 1991 nullo
524 1923 619 1990 modo
648 1943 751 2012 posse.
799 1924 929 1991 Poterat
958 1925 1038 1994 haec
1062 1928 1162 1994 etiam
1191 1929 1241 1996 sic
1263 1929 1334 1999 dis·

139 2050 258 2117 ponere
280 2029 455 2118 Xenophon
480 2038 516 2097 ut
539 2030 680 2098 diceret:
712 2028 881 2112 Κλέανδρος
912 2031 976 2113 γὰρ
1006 2031 1119 2112 μίλλει
1148 2031 1255 2114 ἥξειν,
1290 2039 1333 2111 κίε

138 2137 201 2216 ἐγώ
223 2160 302 2211 τινος
326 2138 460 2214 ἥκουσα,
484 2136 561 2223 qnid
584 2137 686 2222 igitur
708 2134 843 2201 molesta
867 2136 1028 2222 particula
1050 2137 1130 2205 heti

184 2240 221 2307 ln
251 2245 344 2327 §22
371 2240 542 2323 οὶνέκραμον
569 2244 608 2315 ὦς
636 2241 719 2308 οὐδὲν
744 2240 825 2306 δίον
852 2241 896 2314 ric
923 2242 959 2309 τί
986 2242 1096 2326 χοιρίον
1118 2242 1211 2323 ἄγειν
1236 2246 1333 2315 οίλλοὶ

138 2344 259 2413 θύεσθαι
289 2349 329 2421 ὥς
362 2345 497 2429 τοίχιεα.
544 2347 605 2412 Pru
630 2347 694 2414 δίον
726 2345 907 2433 requiritur
936 2346 1018 2427 tto,
1048 2368 1146 2436 quam
1177 2369 1331 2420 necessu·

134 2451 220 2519 riam
247 2453 479 2518 correctionem
512 2448 588 2517 olim
620 2470 639 2517 a
669 2449 865 2518 Schneidero
896 2460 1058 2538 repertam
1096 2454 1201 2521 miror
1234 2475 1331 2525 rece·

134 2556 220 2642 pisse
252 2556 424 2623 neminem.
483 2557 520 2622 ln
553 2561 569 2647 ς
596 2560 649 2622 hi.
680 2557 892 2623 ἀποκτείνουσι
928 2563 988 2624 τῶν
1024 2559 1136 2642 ἀνδρῶν
1169 2562 1205 2628 οὖ
1237 2571 1332 2641 μεῖον

132 2661 350 2736 τεντακοσίουρ
381 2662 414 2727 in
445 2661 538 2729 libris
571 2671 642 2740 est,
678 2660 775 2747 idque
804 2662 933 2749 probari
963 2682 982 2728 a
1013 2662 1178 2750 plerisque
1213 2665 1332 2749 video,

130 2768 223 2854 quasi
244 2787 321 2835 vero
340 2765 419 2833 haec
438 2776 525 2834 esset
543 2767 664 2834 Graeca
686 2766 798 2832 oratio.
845 2764 1004 2833 Graecum
1024 2777 1075 2834 est
1095 2772 1150 2836 cix
1168 2769 1329 2851 ἐλάττους

132 2871 212 2962 (vel,
234 2880 269 2941 nt
283 2872 458 2960 Xenophon
471 2871 619 2938 luhentcr
639 2871 763 2949 scribit,
785 2873 820 2938 οὐ
842 2871 994 2961 μείονι)
1018 2878 1329 2959 thrithemius,

130 2976 180 3043 vel
202 2980 256 3045 οὐκ
279 2978 410 3047 ἔλαττον
435 2977 480 3068 (οὐ
505 2975 603 3065 μεῖον)
627 2977 646 3053 ἢ
669 2977 909 3054 πεντακοσίους,
934 2977 1020 3065 quud
1049 2979 1110 3048 hnc
1136 2980 1208 3049 loco
1229 3001 1327 3073 repo

130 3081 281 3149 nendum.

185 3188 222 3253 ln
250 3190 270 3268 ἕ
298 3191 351 3255 26.
384 3189 437 3255 καί
473 3187 619 3267 ἐξαπίνης
658 3186 711 3254 διὰ
740 3192 799 3253 τῶν
831 3188 948 3254 λασίων
981 3195 1040 3255 τῶν
1075 3193 1203 3261 Βιθυνῶν
1237 3220 1326 3272 τινες

126 3292 336 3373 ε’τινενίμενοι
359 3302 424 3368 τοῖο
446 3291 626 3376 conuincti
647 3292 718 3366 τοὺς
740 3293 799 3371 μὲν
819 3293 988 3361 κατέκανον
1016 3295 1087 3371 τοὺς
1116 3298 1149 3364 δὲ
1169 3297 1327 3381 ἐδίωξαν,

126 3397 295 3485 quidest,
320 3418 459 3486 quaeso,
482 3398 677 3478 ἐπιγενέσθαι
705 3405 769 3472 τοῖς
802 3397 1005 3483 ravenae?
1052 3399 1162 3482 Nihil,
1193 3413 1231 3472 ut
1252 3408 1326 3494 opi·

125 3522 205 3582 nor,
236 3513 268 3570 ει
300 3524 340 3572 ιιε
370 3505 527 3572 Graecum
566 3503 709 3590 quidem.
768 3503 829 3584 Qui
862 3512 994 3591 repente
1021 3508 1162 3572 εαοοίιυσ
1195 3508 1326 3578 dicitur

123 3610 363 3691 ἐπιφαίνεσθαι,
397 3611 452 3698 qui
488 3610 677 3697 necopinato
710 3607 850 3695 aliquem
885 3609 1028 3675 adoritur
1060 3612 1217 3682 ίτιθίσθαι
1250 3614 1322 3684 dici

124 3716 215 3782 solet.
267 3714 378 3802 ltaque
409 3717 639 3795 ἐπιθέμενοι
674 3722 739 3788 τοῖο
773 3711 952 3798 τροφίλαξι
988 3716 1209 3802 reponendum
1243 3739 1320 3790 esse

124 3840 249 3888 censeo.

169 3928 207 3995 lu
231 3925 286 3994 vi.
303 3946 334 3993 r.
360 3931 391 3992 h.
415 3925 552 3994 ridicula
571 3924 666 3992 lectio
688 3931 738 3991 est
755 3924 837 4006 τριιῒ
856 3925 883 3991 δ’
905 3926 1028 4000 αιαεοὶο
1049 3932 1186 4012 Ξενοφῶν
1210 3931 1320 4001 tcum

124 4030 610 4110 ἕτεξθδια,ι1ιιθιιιιινειιιιιι
635 4031 831 4118 scripturam
853 4028 1070 4099 Schneiderus
1094 4036 1233 4122 reperit,
1258 4038 1320 4107 ssd

122 4137 231 4204 surdis
251 4138 369 4205 cecinit
388 4137 531 4204 anrihns.
578 4136 771 4204 Rectissime
793 4134 976 4204 emendavit
996 4138 1047 4203 ἐτ’
1064 4135 1174 4223 ἐξόδῳ,
1199 4160 1317 4229 quem.

122 4241 294 4310 admodum
319 4243 412 4331 poulo
435 4251 510 4310 anto
533 4243 603 4310 sine
628 4242 699 4309 lahc
729 4241 887 4328 scriplum
913 4251 962 4309 est
993 4244 1028 4310 iu
1049 4242 1102 4311 Vl.
1127 4265 1169 4312 ιν.
1197 4250 1228 4313 9.
1264 4250 1318 4318 ἔτ’

123 4346 212 4432 ίξθθῳ
236 4349 336 4419 ἐθύετο
361 4354 516 4434 Ξενοφῶν,
546 4356 579 4416 ct
614 4352 704 4437 313.
737 4348 886 4428 θυομένοις
919 4349 950 4415 δὲ
982 4350 1035 4416 ἐπὶ
1063 4360 1103 4436 τῇ
1126 4350 1235 4438 οίΦθδμ
1258 4357 1319 4423 οὐκ
