2940 5010
723 272 785 336 754

159 446 234 514 tulit
263 443 438 536 ἀτιμάσετι
470 444 563 509 unice
593 463 704 510 rerunt
729 453 778 509 est
802 452 835 510 et
858 444 907 512 rel
930 444 1043 513 invitis
1063 443 1159 511 lihris
1176 444 1224 521 ‚ud
1246 464 1334 513 nunu

157 551 307 619 omnihus
329 550 444 616 luisset
477 548 726 616 restituendum.
776 550 866 617 Patet
888 551 977 617 euim
1007 548 1179 617 Oratorem
1212 549 1270 616 hoc
1295 549 1334 617 dl·

155 676 248 725 cere:
272 659 307 723 rh
327 658 379 722 τὸν
402 657 597 735 Δημοσθένην
620 659 737 735 τιμάν
761 657 845 733 ιἰμάς
866 656 980 730 αὐτοὺς
1003 656 1069 726 ἕσιν
1096 656 1333 739 άτιμάζειιι

156 765 189 829 in
216 784 279 850 qua
304 783 337 828 re
369 765 501 841 ἀτιμοῦν
527 780 643 846 ponere
671 770 838 846 propterea
866 771 915 828 est
940 760 1139 840 ridiculum,
1172 763 1250 849 quis
1272 782 1335 829 uur-

158 888 255 956 quam
277 867 361 955 apud
387 864 536 933 Oratores
560 869 684 933 Atticos
707 866 747 934 de
768 865 894 933 civihus
924 869 994 934 suis
1021 867 1192 954 loquentes
1212 868 1335 948 ἀσιμιι,

156 977 327 1055 ἀτιμάσει
351 977 483 1051 ἀτιμοῦν
508 973 645 1058 figurate
676 982 895 1058 usurpantur,
927 972 981 1039 sed
1013 992 1143 1039 suntuna
1167 974 1336 1041 constantin

156 1081 197 1147 de
226 1080 361 1169 infamio
396 1077 518 1164 legihus
552 1079 727 1144 constituta
751 1084 784 1144 et
812 1078 923 1165 cepitis
944 1078 1158 1145 deminutione
1190 1078 1245 1145 sthi
1266 1078 1336 1167 quid

155 1206 276 1274 poenae
306 1204 404 1250 causa
432 1185 471 1250 de
497 1185 610 1270 optimo
637 1186 708 1250 iore
729 1185 862 1251 ciuitatis
896 1185 972 1273 (cirri
999 1193 1056 1261 τῆς
1080 1185 1261 1273 ἐπιτιμίας)
1292 1183 1337 1251 du·

155 1290 307 1357 trahitur.
357 1289 410 1356 Sic
435 1290 537 1375 igitur
567 1289 646 1356 lnaee
670 1292 821 1376 usurpari
844 1289 948 1357 solent
980 1289 1066 1378 apud
1090 1292 1270 1377 scriptores
1291 1292 1337 1359 lt·

153 1398 257 1474 ticos,
290 1397 345 1482 qni
379 1414 438 1460 sna
467 1396 595 1482 propria
623 1403 657 1462 et
684 1398 791 1462 natira
814 1395 925 1482 lingua
949 1394 1147 1463 utebantur:
1175 1397 1337 1463 contusis

155 1501 209 1567 illo
236 1520 383 1566 sermone
415 1500 595 1580 artificiali,
626 1520 690 1588 quo
723 1502 851 1588 Tragici
871 1501 953 1568 neos
976 1508 1009 1569 et
1040 1501 1157 1569 heroes
1187 1501 1339 1569 indunt

153 1607 340 1694 loquentes,
371 1604 482 1685 ἀτιμοι
506 1615 538 1672 et
572 1609 711 1685 ἀτιμία,
747 1626 829 1693 quae
863 1606 1062 1675 creberrime
1082 1616 1338 1684 recurrunt.ol

153 1730 395 1798 nonnumquam
432 1715 584 1791 ἀτιμοῦν,
621 1721 745 1779 mutata
784 1713 899 1800 ohiqoe
937 1712 1145 1800 significandi
1186 1722 1336 1801 potestate

151 1828 374 1905 usurpantur,
402 1826 438 1882 ut
462 1819 495 1882 iu
519 1816 699 1903 fragmento
722 1817 906 1906 Sophoclis:

377 1927 430 1989 οὐκ
455 1923 517 1992 isto
538 1924 621 1990 οὐδὲν
645 1931 726 2001 πῆμ’
749 1924 902 2007 ἐλευθέρου
925 1925 1033 1992 δάκνον

377 2032 486 2112 ψυχὴν
508 2031 615 2108 ὁμοίως
639 2032 767 2112 ἀνδρὸς,
791 2033 829 2104 oio
853 2032 979 2111 άσιμάιι.

183 2142 342 2216 ,Ἀτιμιῦν
366 2137 399 2200 in
422 2135 599 2221 Tragoedia
623 2136 697 2222 poni
727 2156 785 2222 pro
807 2134 924 2216 ἀτίζειν
947 2137 1015 2203 sire
1034 2137 1205 2220 ἀτιμάζειν
1229 2135 1332 2204 docuit

150 2240 323 2310 Elmsleius
348 2241 367 2305 l.
386 2240 406 2306 Ι.
433 2238 569 2307 aderens
594 2261 633 2307 ex
656 2240 808 2329 Aeschyli
839 2240 981 2328 Supplic.
1003 2247 1081 2309 651.
1108 2244 1229 2333 (640):

239 2351 304 2415 otti
324 2350 396 2426 μετ’
418 2347 549 2428 ἀρσένων
568 2354 674 2429 ψῆφον
696 2346 790 2413 ἔθεντ’
810 2348 1025 2426 ἀτιμώσαντες
1048 2348 1109 2430 ἔριν
1127 2356 1294 2428 γυναικῶν.

150 2454 206 2522 uhi
228 2453 445 2532 ἀτιμάσαντες
469 2460 610 2518 metrum
635 2453 770 2537 iugulat.
819 2453 994 2520 Persnadet
1019 2454 1100 2519 ruihi
1124 2456 1187 2522 hoc
1216 2472 1333 2542 quoque

150 2561 321 2628 Elmsleius
347 2562 378 2624 in
403 2557 569 2643 Euripidis
592 2557 734 2644 iphigen.
760 2557 865 2623 Aulid.
891 2578 937 2624 vs.
959 2564 1045 2625 945:

375 2665 526 2743 άιινμιιςά
549 2666 575 2729 δ’
598 2667 636 2736 ὡς
660 2662 763 2739 ἀνάξι’
788 2665 1051 2743 ἠτιμασμένη,

149 2772 259 2857 reponi
302 2779 449 2855 oportere
483 2769 658 2847 ἠτιμωμένοι
695 2787 734 2833 ex
776 2771 1015 2854 comparatione
1055 2790 1100 2835 rs.
1126 2774 1204 2837 tot.
1253 2770 1332 2838 liele·

152 2896 226 2942 nae:

376 2976 551 3058 ὦάιιῖμσν,
575 2981 615 3051 ὡς
637 2977 740 3055 ἀνάξι’
764 2979 1016 3058 ἧτιμάμεάιι.

194 3084 337 3153 Facilius
357 3083 469 3150 credes
501 3083 555 3149 uhi
588 3086 707 3170 passim
730 3083 849 3149 videris
871 3084 1051 3164 ἀτιμάσαι,
1083 3085 1169 3171 quod
1199 3094 1329 3153 aetutem

148 3194 288 3271 tulerat,
313 3211 331 3256 a
356 3189 472 3255 scribis
495 3198 606 3255 contra
631 3189 827 3274 scriptorum
860 3191 1053 3255 sententiam
1086 3190 1245 3258 substitui
1271 3212 1329 3259 ver·

148 3300 207 3377 ho,
233 3307 268 3364 nrt
294 3295 436 3373 videtur,
462 3304 531 3360 tum
556 3293 696 3359 ohsoleto
719 3297 897 3374 ἀτιμῶσαι,
921 3297 1015 3361 cuius
1035 3297 1082 3363 rei
1106 3316 1209 3363 unum
1233 3316 1330 3364 ereu-

147 3405 236 3492 plum
261 3401 376 3468 addam
409 3421 448 3466 eu
472 3398 637 3465 Plutarchi
670 3400 736 3465 vita
766 3400 856 3466 Bruti
885 3421 952 3489 cap.
979 3406 1032 3468 55.
1067 3400 1120 3468 uhi
1149 3413 1241 3470 recte
1272 3402 1328 3470 edi

148 3521 222 3576 tur:
255 3508 384 3573 Λεύκιον
407 3506 535 3572 Πέλλαν
567 3507 741 3586 Σαρδιανῶν
764 3508 1014 3588 κατηγορούντων
1038 3507 1090 3574 ἔτι
1115 3519 1252 3584 κλοπαῖς
1284 3508 1328 3600 (de

146 3611 347 3701 repetundis)
371 3613 502 3695 δημοσία
526 3613 703 3689 καταγνοὺς
734 3612 960 3691 ἠτίμωσεν,
993 3614 1026 3679 in
1056 3611 1129 3679 aliis
1151 3623 1201 3680 est
1224 3616 1330 3694 ntea·

146 3745 221 3797 σεν,
256 3725 289 3784 et
312 3717 359 3782 sio
382 3715 457 3782 olim
481 3717 545 3803 legi
571 3715 635 3781 illio
658 3714 780 3782 sciehat
803 3728 916 3784 contra
949 3720 996 3784 rei
1032 3726 1183 3786 uotorum
1208 3729 1241 3786 et
1264 3720 1330 3786 Plu·

145 3824 250 3892 turchi
276 3830 428 3888 mentem.

192 3933 281 4014 Quae
304 3930 398 4018 paulo
421 3935 496 3993 ante
519 3925 558 3993 de
583 3945 644 3993 usu
665 3927 753 3993 verbi
776 3929 872 4010 άτάζω
897 3929 982 4015 apud
1008 3930 1162 4016 Tragicos
1185 3950 1246 4017 pro
1267 3934 1328 3998 άτι-

146 4039 236 4121 μάζω
263 4037 462 4110 notavimus,
486 4041 519 4098 el
543 4032 639 4099 verba
660 4032 826 4120 Euripidis
847 4034 952 4114 νόμιμ’
973 4036 1131 4118 άτάζσνσιι
1155 4039 1227 4104 θεῶν
1251 4056 1329 4104 raut-

146 4143 240 4212 ruode
263 4162 315 4209 me
338 4141 511 4208 admonent
531 4138 683 4203 versiculi
713 4139 903 4225 Euripidei,
933 4140 989 4206 uhi
1013 4141 1098 4208 idem
1125 4142 1260 4210 verbum
1284 4144 1329 4209 ui·

145 4251 207 4316 mis
235 4249 291 4314 din
313 4249 521 4333 incorrupta
550 4245 713 4330 scriptura
744 4244 882 4312 delituit.
930 4246 967 4313 In
998 4247 1166 4335 iphigenia
1193 4250 1328 4319 Taurica

144 4376 190 4421 rs.
216 4360 288 4422 104.
322 4352 456 4440 Pylades
479 4349 584 4418 Oresti
607 4350 658 4416 his
682 4351 787 4418 verbis
810 4351 898 4420 addit
926 4354 1092 4422 animum:
