2940 5010
723 277 788 338 615

208 450 247 521 lu
270 472 341 541 cap.
363 451 420 519 ttl.
446 455 502 521 10.
549 448 594 516 Σὺ
617 450 670 526 δὲ,
695 448 756 532 ἔφη
782 450 797 514 ἀ
820 448 986 528 Καλλίας,
1011 450 1061 517 tn>
1088 450 1146 518 τίνι
1167 447 1256 530 μέγα
1276 457 1348 535 <ppo⁴

157 570 243 637 retr,
265 556 289 626 oi
315 558 498 639 Σώκρατοςς
523 555 576 621 καὶ
600 550 632 628 ὃς
657 554 752 633 μάλα
777 563 894 635 σεμνῶς
927 555 1117 630 ἀνασπάσοις
1142 557 1178 622 τὸ
1205 557 1348 637 πρέσω-

157 690 254 743 πον,
277 665 329 732 ert
353 661 548 746 ματροπεέρι,
571 657 667 726 εἶπεν.
715 658 848 727 Odendo
872 663 905 727 in
931 662 1178 735 denunciarent
1202 661 1348 742 πρέσωε

156 796 234 841 πον
265 789 326 838 nec
349 768 461 835 dubito
489 768 567 854 quin
595 766 794 846 niatronae
826 769 869 834 sit
893 787 912 833 a
935 767 1144 854 Xenophonte
1176 768 1346 853 scriptum.

157 876 418 947 usitatissimum
437 883 487 940 est
509 874 541 938 iu
564 892 602 938 ea
622 890 657 937 re
683 875 831 939 ἀνασπάν
855 875 915 948 τάς
939 878 1052 957 ὀφρῦς,
1076 875 1258 945 ἀνεσπακὼς
1285 873 1346 945 τάς

155 984 275 1067 έφρῦς,
298 983 432 1064 έπκρκὼς
449 980 509 1052 τάς
530 981 644 1062 έφρῖις,
666 986 699 1044 et
718 981 888 1046 ἀνατείνειν
910 988 942 1045 et
953 980 1093 1046 ἀνέλκειν
1113 988 1146 1045 et
1165 979 1240 1047 sim.
1266 995 1348 1063 quae

156 1087 302 1177 plurima
323 1086 466 1174 undique
486 1083 614 1168 collegit
638 1083 801 1151 llobraeus
823 1084 862 1151 ad
892 1084 1116 1171 Aristophanis
1135 1082 1274 1150 Acbarn.
1301 1103 1346 1149 vs.

160 1197 262 1262 toea.
308 1192 428 1260 Notum
451 1199 501 1257 est
529 1188 693 1256 ludicrum
718 1190 752 1256 in
781 1189 986 1279 philosophos
1006 1191 1225 1278 epigramma,
1252 1189 1346 1255 cuius

156 1299 293 1367 initium
316 1305 383 1366 est:

342 1402 680 1485 ’οΦρνανασπασέδαι,
703 1400 1080 1486 ῥινεγκαταπηξιγένειοι,

155 1510 245 1601 {pud
270 1507 472 1578 Athenaeum
505 1525 536 1592 p.
560 1509 622 1571 162
648 1509 685 1575 A.
735 1507 775 1573 Ut
808 1507 919 1573 Latine
951 1506 1131 1573 contrahere
1153 1508 1291 1593 frontem
1314 1513 1347 1571 et

154 1626 271 1687 contra
295 1613 453 1700 explicare
475 1619 533 1676 aut
556 1632 746 1699 aspergere,
770 1614 817 1678 sio
837 1614 956 1680 Graece
978 1615 1013 1679 τὸ
1035 1613 1178 1691 μέτωπον
1200 1609 1346 1687 συνάγειν

152 1719 308 1789 dicebant
334 1726 365 1785 et
395 1717 538 1782 ἐκτείνειν
570 1718 606 1782 τὸ
634 1717 777 1796 μέτωπον
801 1727 833 1782 et
852 1722 963 1798 χαλάν
990 1719 1026 1784 τὸ
1057 1719 1210 1797 μέτωπον.
1252 1717 1344 1779 Ἀνα·

152 1831 244 1895 raaia
255 1829 292 1894 τὸ
302 1824 445 1904 μέτωπον
469 1818 553 1907 apud
575 1821 822 1908 Aristophanem
844 1821 1012 1888 emendate
1029 1822 1150 1909 legitur
1170 1825 1201 1888 in
1221 1817 1343 1919 Equm·
1379 1812 1381 1816 ’
1405 1863 1406 1866 ,

152 1937 234 2001 eet.
476 1918 480 1923 ’

590 2035 728 2114 ritiovari
751 2034 777 2100 δ’
800 2031 902 2099 ἀπασ’
926 2035 1100 2115 ἀκροωμένη

291 2141 414 2223 ἔβλεψε
436 2138 521 2203 arina
544 2141 597 2206 καὶ
621 2140 673 2206 τά
694 2138 851 2219 μέτωπ’
875 2139 1134 2209 ἀνέσπασαν.

152 2256 269 2317 contra
292 2249 326 2314 in
352 2243 467 2332 Vespis
484 2245 561 2314 655.

197 2352 356 2438 ἀκρέασαέ
377 2378 448 2426 νυν,
472 2350 493 2418 ὦ
518 2354 708 2428 παππίδιον,
732 2349 886 2432 χαλάσας
914 2352 1018 2431 ὀλίγον
1042 2355 1084 2419 τὸ
1108 2357 1293 2434 μέτωπον,

198 2459 320 2527 bocum
341 2479 381 2526 ex
403 2458 578 2546 Equitibus
601 2457 739 2524 afferens
764 2455 948 2523 Athenaeus
972 2478 1003 2545 p.
1026 2462 1101 2525 aot.
1127 2463 1165 2528 A.
1203 2467 1247 2530 τά
1271 2467 1340 2548 πρό·

151 2569 233 2633 τάπ’
253 2564 381 2643 attulit,
405 2567 502 2632 sicuti
526 2576 558 2632 et
580 2563 654 2629 alibi
678 2561 836 2644 πρόσωπον
857 2583 915 2648 pro
933 2564 1078 2642 μέτωπον
1101 2566 1340 2637 substituerunt

151 2670 300 2750 librarii,
333 2671 417 2758 qrrod
453 2672 559 2760 ipsum
592 2689 678 2736 nunc
708 2668 800 2733 video
825 2667 1025 2736 llindorlium
1059 2670 1265 2741 admonuisse
1299 2676 1339 2742 ad

149 2774 264 2866 Stepb.
289 2776 385 2844 Thes.
410 2797 440 2842 ν.
471 2779 644 2855 Μέτωπου,
669 2775 724 2862 qui
750 2772 809 2838 loci
833 2774 1052 2860 Xenophontei
1074 2777 1209 2844 eandem
1229 2800 1338 2848 emen·

148 2882 314 2953 dationem
346 2883 402 2950 sed
433 2883 620 2950 dubitanter
650 2879 896 2947 commendarit.
944 2880 980 2946 ln
1020 2882 1240 2969 Xenophontis
1276 2888 1338 2975 Cp·

150 2999 258 3078 nogat.
281 2989 336 3057 tv.
362 2993 392 3055 8.
425 2996 719 3056 commemorantur
743 3004 838 3051 canes
862 2987 971 3068 πυρραὶ
994 2986 1123 3069 ἔχουσαι
1144 2993 1256 3066 λευκὴν
1277 2995 1337 3073 rpi-

146 3120 200 3182 χα
222 3098 415 3163 ἐπανθοῦσαν
436 3097 505 3178 περὶ
538 3098 582 3162 τά
614 3094 822 3176 πρόσωπα,
850 3091 961 3158 Pollux
985 3094 1029 3158 τά
1051 3096 1185 3173 μέτωπα
1221 3095 1338 3178 alleri,

148 3201 236 3292 qnod
259 3201 408 3269 lubenter
440 3203 628 3288 accipimus.
678 3198 712 3263 ln
739 3197 889 3263 Isocratis
913 3197 1060 3283 Euagora
1094 3203 1190 3285 §Ab
1227 3207 1337 3282 σεμνὸς

148 3310 190 3377 ὃν
210 3311 245 3375 οὗ
268 3317 341 3380 ταῖς
374 3312 427 3373 τοῦ
453 3307 653 3389 προσώπου
678 3312 881 3382 συναγωγαῖς
904 3305 993 3370 ἀλλά
1017 3315 1089 3380 ταῖς
1113 3312 1165 3372 τοῦ
1189 3309 1259 3386 βίον
1279 3334 1335 3375 κα·

146 3422 320 3487 τασκεναῒς
344 3411 514 3479 dubitasne
537 3413 681 3492 μετώπου
706 3410 884 3498 reponere?
933 3409 1099 3498 Adscripsi
1122 3421 1154 3478 et
1178 3413 1336 3502 reliquam

147 3518 211 3587 loci
233 3526 376 3606 partem,
402 3528 438 3583 ut
460 3518 602 3584 Platonis
621 3517 729 3583 locum
750 3518 783 3581 in
810 3517 1033 3600 Protagoram
1054 3526 1246 3586 transcursu
1269 3542 1337 3588 cor-

147 3625 303 3712 rigerem.
326 3622 444 3690 Editur
467 3645 498 3710 p.
520 3628 595 3691 520.
621 3625 658 3689 A.
694 3624 1109 3704 Κλεινίαν-ἐπιτροπεύων
1133 3625 1147 3688 ὁ
1171 3628 1265 3700 αὐτὸς
1289 3625 1337 3694 οὗ·

146 3752 201 3806 τις
234 3731 311 3810 ἀνὴρ
345 3729 526 3817 [Περικλῆς]
564 3730 771 3806 καταθέμενος
810 3730 840 3793 έν
874 3730 1050 3810 Ἀρίφρονος
1081 3731 1247 3796 έπαάενε·
1282 3733 1335 3798 καὶ

147 3835 220 3919 πρὶν
250 3830 287 3913 ἓξ
308 3842 410 3913 μῆνας
433 3836 595 3915 γεγονέναι
620 3837 760 3900 ἀπέδωκε
784 3835 881 3916 τούτῳ
911 3838 965 3900 οὐκ
988 3835 1070 3917 έχων
1093 3832 1111 3901 ἀ
1130 3860 1160 3901 τι
1183 3839 1336 3918 χρήσαιτο

144 3941 256 4024 αὐτῷ,
287 3938 344 4006 sed
370 3951 494 4006 resecto
524 3941 609 4007 sutili
634 3940 852 4006 additamento
876 3949 1028 4020 Περικλῆς
1048 3939 1173 4026 supple:
1199 3941 1251 4008 rori
1279 3940 1336 4032 (ὃς)

144 4046 219 4131 πρὶν
241 4042 277 4122 ἓξ
293 4053 394 4125 μῆνας
419 4048 582 4126 γεγονέναι
607 4049 671 4112 κτὲ.

191 4150 315 4219 Eadem
339 4155 499 4218 correctio
532 4153 632 4218 multo
662 4153 759 4217 etiam
783 4148 857 4235 plus
890 4150 1033 4237 proderit
1068 4149 1228 4217 Oenomao
1252 4157 1337 4242 apud

141 4256 326 4329 Eusebium
354 4259 386 4324 in
413 4258 597 4345 Praeparat.
623 4257 747 4341 lluang.
772 4255 810 4321 V.
837 4260 900 4332 20,
932 4258 988 4343 qui
1022 4257 1061 4324 de
1092 4255 1336 4328 heraclidarum

138 4364 180 4434 itt
198 4362 458 4451 Peloponnesum
485 4364 592 4431 reditu
617 4363 779 4440 scribens,
815 4381 916 4449 quum
951 4361 1212 4431 Aristomachum
1237 4366 1337 4432 ambi·
