2940 5010
685 272 750 334 55ss

136 444 241 529 λθχοιν
271 444 416 528 εὐζώνους
446 442 499 510 nal
530 444 625 518 οιθτθι
657 445 716 524 μὲν
746 443 898 529 ἐτρόχαζε
931 444 1058 520 τούτους
1083 442 1181 530 ἔχων.
1233 446 1318 517 ilices

136 551 274 618 tortasse
296 570 335 617 err
359 550 421 617 hoo
444 547 513 616 loco
536 557 569 616 et
599 548 671 615 aliis
694 549 856 616 similibus
884 569 946 616 non
972 548 1066 636 plone
1095 550 1214 621 conlici
1233 572 1319 641 poure

138 657 223 743 quod
247 656 417 734 volumus,
450 674 590 740 namque
619 653 701 720 nibil
731 654 888 742 impedire
915 657 1114 743 quominus
1145 658 1320 728 iunioribus

139 763 206 829 rlux
229 768 333 828 aetate
363 762 543 846 provectior
564 759 815 846 praeficeretur,
846 761 902 829 sed
933 760 1012 847 quid
1035 760 1136 831 lorice
1160 762 1217 831 illo
1238 764 1320 844 loco,

138 870 195 955 qui
219 868 338 954 legitur
362 866 413 932 vl.
438 886 480 932 ιν.
506 869 559 932 ab.
583 866 597 931 θ
621 873 760 951 Ξενοφῶν
783 904 829 917 -
850 868 968 947 ἐβοήθει
997 868 1051 934 eal
1081 871 1114 935 ol
1145 866 1270 937 ἄλλοι
1296 873 1319 938 ιθ

137 974 232 1055 μέχρι
256 972 421 1054 τριοθιιοντοι
450 973 525 1037 ἐτῶν
555 968 706 1046 οἴσοντες.
753 971 932 1041 videturne
963 973 1022 1040 tibi
1046 972 1193 1042 dubilnri
1215 994 1321 1063 pone,

136 1082 216 1167 quin
241 1078 418 1165 Xenophon
442 1096 568 1163 quoque
592 1077 660 1164 ipse
683 1077 716 1142 in
739 1097 850 1145 eorum
886 1098 1022 1145 numero
1052 1077 1155 1147 luerit
1186 1082 1244 1168 qui
1266 1082 1320 1163 pl·

136 1211 190 1269 χρι
223 1182 388 1267 τριθνοντιι
422 1184 497 1249 ἐτῶν
527 1202 596 1249 osse
627 1181 805 1259 dicuntur,
838 1192 871 1250 et
903 1185 1019 1251 aetatis
1044 1202 1170 1253 annum
1196 1188 1321 1274 trigesi-

137 1312 227 1358 mum
258 1287 402 1355 nondum
432 1286 606 1374 egressus?
654 1288 812 1375 Equidem
837 1308 899 1355 non
929 1288 1022 1355 video
1052 1291 1217 1377 quomodo
1247 1292 1321 1360 hacc

136 1397 234 1464 verba
256 1395 350 1461 aliter
383 1395 486 1481 accipi
512 1392 714 1479 intelligique
743 1394 876 1480 possint.
923 1393 972 1460 Ex
1003 1393 1054 1461 his
1081 1397 1188 1483 igitur
1212 1398 1322 1467 simill-

135 1503 261 1589 busque
281 1498 410 1566 indiciis
428 1519 467 1565 ex
487 1500 556 1586 ipsa
571 1497 709 1565 luciaci
733 1497 894 1575 collectis,
917 1498 1035 1585 quibus
1058 1508 1091 1567 el
1113 1502 1257 1585 singulis
1276 1522 1321 1571 τι·

138 1610 180 1674 tis
211 1616 259 1673 cst
290 1604 441 1693 ponderis
471 1612 502 1670 et
532 1605 684 1670 universa
714 1624 844 1669 omnem
874 1603 1110 1673 dubitationem
1139 1610 1322 1676 exanimis

137 1714 279 1780 eximere
302 1709 437 1789 debent,
462 1711 506 1775 ita
531 1717 601 1775 tuto
621 1708 697 1776 licet
722 1718 864 1775 statuere
893 1710 1163 1797 Xenophontem,
1197 1714 1321 1800 qualem

137 1839 210 1887 euru
237 1819 269 1882 in
292 1816 431 1882 Anabasi
454 1816 695 1902 conspicimus,
728 1815 871 1881 nondum
897 1816 1101 1901 trigesimum
1126 1822 1246 1887 aetatis
1270 1838 1322 1887 an-

136 1944 214 1990 num
241 1924 367 2008 egisse,
391 1921 444 1989 sed
472 1922 578 2007 potius
605 1940 669 1986 uno
693 1920 858 2008 alteroque
882 1939 966 1987 anno
998 1922 1059 1989 hac
1089 1934 1199 1992 aetate
1229 1924 1322 1992 inisse

139 2029 334 2096 inleriorcm.
471 2102 475 2108 ,

182 2135 250 2200 Non
270 2142 319 2200 est
343 2131 437 2218 plane
457 2131 584 2197 silentio
606 2131 877 2218 praetereundum
899 2131 1102 2219 Xenophonti
1124 2135 1232 2203 nullos
1255 2144 1320 2205 lum

138 2240 237 2306 luisse
268 2238 385 2303 liberos
408 2236 463 2302 sed
485 2256 559 2302 eum
587 2237 626 2302 dc
660 2237 792 2315 liberis,
816 2257 897 2323 quos
932 2237 994 2303 sihi
1021 2239 1189 2324 aliquanto
1221 2250 1322 2328 speret

140 2366 210 2412 esse
234 2344 439 2413 nascituros.
473 2349 510 2406 ut
533 2340 572 2408 de
604 2342 816 2427 reprobabili
850 2352 882 2408 ct
913 2342 1006 2409 lacile
1035 2354 1192 2412 eventura
1219 2346 1320 2413 dicere

139 2450 208 2515 vlt.
233 2470 276 2514 vt.
304 2453 357 2513 54.
395 2447 458 2535 (τὸν
482 2446 609 2533 Σεύθην)
635 2446 761 2528 ήλτιζον
786 2445 819 2511 εὖ
844 2450 974 2525 τοιήσοις
998 2453 1066 2528 μεθ’
1095 2453 1179 2529 ὑμῶν
1199 2454 1321 2534 decepi·

139 2561 202 2639 φήν
224 2556 275 2619 uel
309 2553 376 2631 ἐμοὶ
407 2555 506 2627 κοιλήν
533 2553 585 2616 ucri
611 2554 741 2627 τοιισὶν,
775 2557 808 2619 εἷ
839 2555 1040 2632 γένοιντο,
1071 2559 1318 2635 καταθήσεσθαι,

140 2680 222 2748 qnae
254 2667 364 2725 utrum
398 2655 513 2722 melius
545 2660 738 2724 conveniant
770 2659 839 2723 viro
874 2659 1160 2745 quadragesimum
1195 2665 1317 2731 tertium

141 2767 257 2833 aetolis
281 2783 402 2830 aunum
429 2764 537 2848 agenti
562 2783 603 2828 an
636 2765 826 2829 vicesimum
864 2771 1012 2831 octavum
1048 2787 1212 2835 nonumve
1242 2769 1317 2837 iudi·

141 2877 228 2939 cium
253 2869 385 2938 cuilibet
406 2868 520 2934 lubens
544 2870 705 2954 permitto.

187 2979 308 3044 Verum
331 2974 493 3042 undenam
515 2974 644 3039 landem
669 2975 730 3039 ista
752 2976 859 3061 opinio
883 2986 960 3042 nata
980 2986 1029 3042 est
1053 2977 1093 3044 de
1118 2978 1316 3067 Xenophonte

143 3083 357 3170 quadraginta
390 3081 469 3147 duos
493 3081 664 3144 minimum
698 3100 799 3144 annos
828 3090 902 3146 nato
927 3103 1026 3168 quum
1051 3082 1090 3149 ad
1115 3084 1237 3172 Cyrum
1259 3105 1317 3173 pru

145 3186 369 3255 licisoercturl
395 3186 452 3251 Est
476 3204 590 3269 operae
613 3186 752 3271 pretium
777 3184 872 3251 deca
897 3207 932 3252 re
955 3188 1066 3273 paucis
1090 3188 1209 3257 dicere.
1240 3191 1318 3258 Nem·

147 3317 185 3381 pc
207 3296 362 3378 Diogenes
391 3291 539 3355 Laertius
570 3299 603 3356 ct
636 3290 751 3355 Strabo
781 3294 956 3358 memoriae
983 3293 1194 3377 prodiderunt
1228 3298 1319 3365 Xeno·

147 3400 300 3486 phonlenr
326 3394 510 3460 interfuisse
534 3395 653 3480 proelio
678 3394 797 3461 iulelici
830 3396 869 3461 arl
898 3396 1024 3463 Delium
1049 3409 1081 3465 et
1106 3402 1139 3466 in
1165 3402 1221 3471 illa
1243 3402 1320 3471 clcdc

148 3525 186 3569 ex
210 3522 292 3588 oquo
317 3500 483 3585 delapsum
510 3521 528 3564 a
551 3499 682 3565 Socrate
711 3503 873 3587 praesenti
908 3504 1005 3569 exitio
1040 3502 1140 3572 luisse
1173 3518 1320 3598 ereptum.

149 3609 328 3675 Audiamus
360 3607 529 3690 utriusque
557 3607 790 3672 testimonium.
839 3608 996 3692 Diogenes
1028 3611 1072 3675 ila
1096 3610 1177 3679 dicit
1205 3617 1237 3681 in
1268 3617 1321 3680 rita

151 3714 293 3780 Socratis
317 3711 355 3778 ll.
387 3715 441 3777 θλ.
478 3713 491 3775 ὁ
524 3709 691 3791 Σωκροθτής
727 3714 935 3792 §spondeam
970 3716 1012 3788 εἰς
1049 3719 1246 3800 Ἀμφίπολιν
1280 3719 1321 3787 cat

151 3822 334 3903 Ξενοφῶντα
357 3820 417 3900 ἀφ’
441 3814 535 3881 ἴστον
560 3816 698 3881 τεσθντοι
722 3818 752 3880 ἐν
775 3827 814 3899 τή
836 3821 922 3885 κοντοὶ
945 3824 1058 3897 Δήλιον
1079 3822 1175 3908 μάχῃ
1196 3827 1324 3892 διέσωσεν

151 3926 328 4004 ὑπολαβών.
388 3923 600 4008 Perspicuum
633 3942 710 3987 sane
751 3932 801 3987 est
842 3931 873 3988 et
907 3923 1065 3993 disertum
1101 3932 1324 3999 testimonium.

150 4031 236 4096 Nihil
266 4039 373 4095 tamen
406 4025 591 4093 huiusmodi
617 4026 648 4091 in
679 4028 745 4093 vita
782 4029 1003 4115 Xenophontis
1039 4034 1138 4100 relect
1166 4038 1230 4103 nisi
1253 4033 1326 4124 quod

151 4136 227 4202 alibi
251 4156 284 4200 sc
307 4133 464 4220 reperisse
485 4131 600 4199 scribit
628 4132 774 4200 lloruissc
800 4134 1043 4221 Xenophontem
1067 4140 1154 4206 circa
1183 4142 1326 4230 octogesi-

151 4263 236 4308 mam
271 4260 389 4306 nonam
421 4238 661 4327 Olympiadem:
697 4237 780 4321 εὖρον
803 4240 834 4306 δὲ
868 4243 1028 4322 οέλλοιχθθι
1064 4246 1210 4325 experet
1244 4248 1327 4316 οιθιθν

151 4348 218 4428 περὶ
243 4349 298 4422 τήν
322 4343 433 4421 ἕνοίτήν
457 4345 510 4411 uoci
544 4345 727 4423 σ’γδοήκοςήν
752 4347 959 4427 'cooperatio
979 4349 1018 4416 ll.
1043 4355 1099 4422 bd.
1124 4353 1156 4419 id
1179 4364 1230 4423 est
1253 4356 1329 4423 circa
