2940 5010
719 282 782 344 759

98 544 100 553 Ι
151 457 334 535 πολιτείαν,
358 463 395 522 ut
411 459 563 542 appareat
575 450 609 520 εὖ
632 455 847 520 communiter
866 453 906 518 ad
926 453 1123 536 διασώζονται
1141 465 1172 523 et
1187 456 1337 539 treupdr·

98 568 100 593 ¹
153 585 261 630 τονται
292 581 362 629 esse
392 557 610 649 referendum)
635 567 668 625 et
698 560 816 626 iterum
836 558 890 625 lll.
920 566 953 625 l:
986 569 1042 636 τῆς
1062 563 1226 637 Ἀθηναίων
1249 580 1337 633 τονιι-

98 600 103 699 l

152 667 242 743 τείας
275 670 328 735 τὸν
356 669 414 748 μὲν
441 667 550 748 τρθτον
584 667 637 731 οὐκ
667 665 803 742 ἐπαινῶ,
838 665 1000 745 ἐπειδήπερ
1034 666 1060 731 δ’
1096 664 1194 744 ἔδοξεν
1228 672 1334 744 αὐτοῖς

151 773 410 855 δημοκρατεῖσθαι
439 769 473 839 εὖ
504 796 555 852 μοι
585 773 702 838 δοκοῦσι
733 769 932 852 διασώζεσθαι
963 773 1019 847 την
1043 772 1271 853 δημοκρατίαν,
1304 784 1337 842 et

98 864 102 935 l
152 876 179 945 l.
204 882 242 946 8:
275 877 321 954 εἴη
354 879 412 959 μὲν
439 875 488 946 οὖν
519 877 558 943 θον
585 880 602 954 ιὶ
627 876 717 950 ντθλις
741 878 795 941 οὐκ
820 878 883 941 οξτο
909 877 1051 943 τοιούτοιν
1081 877 1335 959 διαιτημάτωνὴ

151 984 306 1066 βελτίςη,
329 986 405 1050 ἀλλ’
429 987 446 1061 οἱ
470 984 660 1064 δημοκρατία
690 980 803 1062 μαίνοιτ’
826 979 865 1047 θον
894 981 1015 1062 σώζοιτο
1042 979 1146 1057 οὕτος.
1193 982 1246 1050 Slo
1279 986 1336 1072 igi·

98 1118 100 1123 ·
149 1097 209 1158 tnr
231 1088 405 1176 Xenophon
430 1108 506 1155 cum
532 1087 700 1175 Spartanis
723 1086 885 1153 disserens
907 1087 1030 1173 patriae
1052 1097 1084 1154 et
1108 1089 1228 1156 civium
1250 1111 1336 1158 amo·

148 1212 221 1263 mm
241 1215 316 1262 cum
330 1195 551 1262 Democratiao
574 1193 647 1259 odio
667 1192 876 1270 conciliabat,
900 1201 931 1259 et
951 1191 1003 1258 illo
1028 1192 1120 1259 modo
1141 1204 1264 1280 poterat
1277 1197 1334 1264 lle·

148 1302 327 1369 mocratiae
357 1301 437 1367 vitia
465 1309 497 1367 et
531 1299 652 1385 flagitia
683 1298 830 1384 quamvis
861 1297 988 1365 duriter
1023 1299 1066 1365 ita
1103 1299 1337 1386 reprehendere

147 1415 188 1476 nt
222 1406 301 1474 nibil
323 1407 363 1473 de
385 1406 456 1473 eius
490 1404 710 1473 benevolentia
733 1411 765 1471 et
790 1404 926 1471 caritate
958 1423 1035 1491 erga
1069 1406 1155 1473 cives
1190 1406 1335 1476 detrabe-

147 1522 254 1582 retur.
299 1511 453 1598 Colloquii
485 1511 623 1578 obscura
657 1508 813 1598 quaedam
847 1510 981 1596 vestigia
1013 1529 1146 1577 cernere
1174 1512 1255 1579 mibi
1291 1516 1335 1580 oi·

145 1618 229 1688 tlonr
257 1619 289 1685 in
317 1616 388 1684 his:
414 1617 438 1684 l.
463 1622 504 1684 8:
537 1613 639 1698 θγιὶρ
662 1618 701 1682 σὺ
723 1614 855 1697 νομίζεις
886 1618 940 1682 οὐκ
960 1618 1152 1694 εὐνομεῖσθαι
1177 1621 1241 1686 eiad
1267 1622 1336 1687 τοθ·

143 1744 205 1794 του
233 1724 512 1807 noxietatem·
545 1725 571 1789 εί
595 1725 621 1790 δ’
645 1723 789 1801 εὐνομίαν
821 1721 923 1803 ζητεῖς
948 1725 1055 1804 τρῶτα
1080 1725 1138 1802 μὲν
1168 1723 1238 1806 θψει
1267 1728 1333 1792 ατί.

145 1839 182 1900 ei
207 1834 313 1917 §103
345 1829 505 1905 Ἀθήνησιν
527 1830 588 1912 οὐχ
611 1828 826 1904 θτεκςιίσεταί
850 1852 896 1894 σοι
922 1827 1072 1902 θδοῦλος.
1103 1837 1135 1894 et
1165 1831 1183 1913 §
1210 1836 1270 1896 ll:
1303 1832 1334 1895 ἐν

145 1938 181 2006 dl
201 1945 243 2021 τῇ
265 1935 476 2014 Λακεδαίμονι
497 1935 511 1999 θ
533 1935 606 2014 epte
635 1935 740 2007 δοῦλος
768 1933 802 1998 σέ
834 1933 974 2000 δέδοικεν.
1007 1931 1046 1997 aa
1073 1933 1105 1998 dl
1132 1934 1252 2018 δεδίρθ
1281 1936 1333 2010 σθς

142 2042 254 2116 Ιδοῦλος
277 2040 335 2120 ἐμέ
357 2041 422 2106 κτὲ.
447 2046 480 2106 ei
499 2038 538 2105 ll.
566 2045 626 2105 11:
658 2038 711 2104 καὶ
743 2038 778 2114 δη
809 2037 876 2115 νῆές
899 2060 951 2117 μοι
975 2037 1061 2103 εἰσίν.
1086 2044 1119 2103 et
1143 2038 1162 2121 §
1188 2041 1248 2103 12:
1279 2041 1332 2106 καί

147 2146 213 2228 θγθο
233 2146 292 2228 μὶν
315 2145 398 2213 οὐδὲν
424 2150 518 2210 πονῶν
540 2145 575 2210 ἐκ
594 2152 651 2221 τῆς
680 2151 740 2222 γῆς
766 2144 874 2210 τιθντα
896 2146 1004 2209 ταῦτα
1034 2140 1099 2224 ἔχοι
1125 2141 1175 2207 διαὶ
1202 2144 1258 2220 τὴν
1280 2145 1334 2211 θοί-

140 2266 294 2330 Ιοιοτταν,
325 2258 358 2318 et
383 2252 401 2335 §
429 2253 469 2315 19
494 2257 526 2315 et
550 2252 611 2328 20,
642 2257 674 2316 et
698 2248 753 2315 lll.
779 2254 810 2315 b.
840 2256 873 2315 et
897 2246 969 2313 aliis
992 2247 1081 2314 locis.
1128 2247 1253 2314 Dixerit
1276 2249 1333 2315 ali·

140 2357 244 2446 quis:
269 2364 322 2422 »at
351 2355 396 2421 ita
419 2373 532 2420 omnes
556 2372 652 2440 saepe
675 2352 777 2419 solent
800 2350 942 2420 secunda
965 2371 1101 2438 persona
1127 2353 1174 2419 uti
1197 2364 1231 2420 et
1258 2375 1334 2422 oum

139 2460 268 2530 lectore
288 2459 389 2526 veluti
414 2459 576 2545 colloqui.¹
608 2457 761 2524 Facimus
785 2457 845 2525 boc
868 2476 999 2535 omnes,
1034 2464 1067 2524 et
1101 2465 1138 2524 tu
1169 2459 1238 2545 ipse
1268 2479 1335 2528 sae·

140 2568 223 2656 'pius
245 2566 291 2634 ita
319 2564 436 2632 lacis,'’
485 2563 557 2629 Scio
585 2562 734 2649 equidem
759 2582 853 2651 saepe
884 2563 930 2628 ita
956 2561 1047 2641 lieri,
1078 2562 1135 2630 sed
1166 2565 1200 2630 in
1235 2568 1335 2634 certis

145 2669 342 2761 quibusdam
366 2669 473 2736 verbis
495 2677 527 2735 et
559 2667 795 2747 locutionibus,
828 2676 864 2735 ut
895 2668 929 2733 in
952 2668 1050 2749 Φαίης
1081 2694 1133 2735 κεν
1166 2669 1336 2738 Homerico

142 2786 179 2845 et
197 2776 295 2851 σίτοις
316 2773 355 2841 σίν
379 2775 581 2850 Atticorum,
604 2781 637 2839 et
659 2773 830 2839 similibus.
878 2771 941 2839 Sed
962 2774 1035 2858 quis
1059 2773 1212 2842 Veterum
1236 2777 1275 2843 σθ
1299 2779 1332 2843 in

144 2881 203 2950 tali
235 2901 272 2948 re
303 2881 410 2968 posuit
445 2898 621 2964 umqruam,
655 2887 711 2945 aut
742 2879 815 2956 σθς,
846 2887 883 2944 ut
907 2879 940 2943 in
966 2877 1071 2945 verbis
1103 2881 1196 2954 ὅσοι
1226 2881 1332 2954 δοῦλος

144 2988 202 3068 decl
223 2985 375 3054 liberm?
424 2983 510 3051 Nibil
533 2983 585 3049 bis
608 2983 713 3051 simile
735 3005 787 3051 ure
810 2983 915 3070 legere
940 2984 1095 3061 memini,
1120 2984 1183 3050 nisi
1207 2986 1239 3051 iu
1266 2987 1332 3073 epi-

145 3099 328 3182 grammate
351 3089 511 3178 quodam,
535 3087 620 3174 quod
640 3089 673 3153 in
699 3088 869 3155 Lucianeis
890 3085 1140 3155 circumfertur:

345 3197 421 3262 ἄλλ’
443 3191 458 3260 ὃ
481 3196 519 3261 σὺ
543 3192 712 3276 θαυμάζεις
735 3196 816 3260 τοῦθ’
840 3195 963 3277 ἑτέροισι
987 3192 1100 3272 τέλος.

192 3300 287 3390 Apud
309 3300 442 3367 Veteres
466 3302 504 3367 σιί
527 3321 589 3366 non
615 3299 747 3365 additur
770 3306 802 3365 et
824 3299 957 3386 perinde
981 3309 1030 3366 est
1052 3298 1176 3368 dieere:

328 3403 402 3487 ὕδωρ
425 3407 456 3473 δὲ
480 3405 677 3473 eleucobilo
700 3406 739 3472 θον
762 3405 898 3479 τέκοις
922 3405 1028 3489 σοΦθν.

144 3521 179 3583 et
201 3512 284 3581 οὐδὲν
307 3511 346 3579 θον
370 3512 450 3578 τέκοι
482 3535 539 3585 τις.
587 3511 756 3576 Praeterea
781 3508 859 3595 quid
894 3508 991 3577 iacies
1020 3509 1089 3576 loco
1110 3511 1166 3576 lll.
1196 3517 1252 3578 10:
1287 3514 1332 3580 δο-

145 3624 233 3688 κοῦσι
258 3618 290 3685 δὲ
315 3619 467 3693 Ἀθηναῖοι
491 3617 543 3682 καί
566 3617 659 3683 τοῦτθ
681 3639 753 3696 μοι
777 3618 832 3682 οὐκ
852 3617 940 3697 ὀρθῶς
962 3617 1165 3697 βουλεύεσθαι
1189 3614 1235 3684 θ’τι
1261 3620 1331 3692 τοὺς

139 3725 268 3810 ’χοίρους
287 3726 442 3806 αἱροῦνται
467 3723 497 3788 ἕν
522 3730 592 3797 ταῖς
614 3723 724 3790 τθλεσι
746 3731 818 3797 ταῖς
842 3721 1074 3804 ςασιαζοθσαις.
1123 3725 1164 3788 Oi
1191 3722 1222 3788 δὲ
1241 3728 1331 3790 τοῦτο

143 3830 283 3916 padue
310 3832 458 3905 ποιοῦσιν,
491 3847 553 3893 non
576 3836 625 3894 est
646 3830 733 3895 enim
762 3827 905 3895 eiusdem
929 3828 1070 3894 bominis
1094 3826 1205 3893 eadem
1235 3828 1332 3894 simul

143 3932 381 4024 reprehendere
411 3942 443 4000 et
474 3941 561 4000 reete
585 3942 617 4000 et
641 3932 753 4000 ordine
778 3933 847 4001 lieri
878 3931 1080 4000 contendere.
1129 3930 1228 3998 Video
1256 3932 1331 3998 Edi·

145 4047 236 4108 tores
257 4039 297 4106 de
327 4039 467 4106 Weiskii
492 4040 677 4105 coniectura
710 4038 935 4106 substituisse:
969 4040 1086 4105 δοκοῦσι
1119 4037 1150 4103 δὲ
1179 4040 1330 4114 Ἀθηναῖοι

145 4146 200 4214 καὶ
225 4144 318 4212 τοῦτθ
348 4169 403 4211 τοι
438 4147 492 4210 οὐκ
523 4146 608 4226 ὀρθῶς
632 4145 853 4224 βουλεύεσθαι,
879 4143 933 4212 sed
960 4144 1032 4232 quis
1056 4142 1238 4209 admonitus
1269 4163 1330 4209 non

141 4248 301 4320 concedet
326 4249 455 4317 voculae
476 4275 520 4316 σοι
544 4250 666 4318 rudium
690 4274 759 4319 osso
785 4254 816 4317 in
842 4272 878 4319 oa
897 4271 932 4318 ro
954 4250 1059 4317 locum
1081 4259 1112 4316 et
1135 4269 1196 4315 non
1223 4250 1331 4315 miurus
