2940 5010
649 316 712 379 465

128 484 166 553 ln
190 488 216 577 S
236 492 290 555 52.
322 490 538 556 ἐπεδείκνυσαν
562 492 668 563 αὐτοῖς
692 491 809 564 παῖδας
829 497 888 555 τῶν
908 490 1092 570 εὐδαιμόνων
1111 493 1269 566 σιτευτούς

26 640 30 645 -
83 592 341 683 [τεθραμμένους]
368 596 488 676 καρύοις
508 596 621 679 ἑφθοῖς.
669 594 834 661 Ernhleme
856 594 897 659 nh
916 594 988 663 eliis
1004 596 1174 683 expulsum
1198 618 1269 685 per·

78 696 236 767 tineciter
255 699 398 767 retinent
420 700 486 767 alii.
533 698 623 781 Quod
643 699 755 765 Pollux
775 699 900 767 duohns
922 701 1001 767 loeis
1022 701 1047 767 l.
1070 706 1135 769 253
1159 710 1191 769 et
1216 702 1269 776 vt,

81 806 139 869 56.
161 804 209 871 ita
231 804 311 872 haee
334 804 428 872 ellert
453 814 490 871 ut
512 804 738 885 τεθραμμένους
759 806 792 870 in
817 808 886 871 suis
908 805 1001 873 lihris
1025 826 1089 873 non
1110 809 1271 875 inuenisse

80 906 251 991 rideatur,
285 919 336 977 est
370 920 457 978 certe
480 909 624 997 aliquid,
646 909 702 975 sed
726 912 904 977 marimum
935 920 984 978 est
1016 911 1099 998 qnod
1132 920 1206 1000 post
1224 937 1270 979 οι-

80 1016 211 1090 τευσούς
231 1016 441 1103 participium
466 1016 692 1097 τεθραμμένους
717 1017 862 1103 ineptum
886 1017 918 1082 in
952 1016 1083 1083 modum
1115 1017 1268 1085 abundat.

80 1116 175 1201 Quod
197 1122 346 1207 sequitur
366 1121 418 1187 eci
452 1125 490 1188 ού
521 1126 676 1187 πολλοῦ
711 1121 834 1195 δέοντας
856 1122 937 1197 ἴσους
961 1123 996 1189 τὸ
1028 1128 1125 1202 μῆκος
1156 1123 1208 1189 καί
1233 1123 1269 1187 ri

78 1221 302 1299 trinoctium
326 1224 477 1292 admonet
499 1245 551 1292 me
574 1225 635 1291 loci
660 1225 807 1313 lysiaci,
838 1247 934 1313 quem
963 1227 1039 1294 olim
1073 1229 1194 1295 tentavi
1221 1232 1269 1295 ού·

79 1330 130 1397 ’ir
161 1330 248 1406 δίον,
284 1331 317 1396 in
353 1329 441 1397 Orat.
466 1330 577 1397 XXIV.
604 1336 642 1407 1,
677 1349 817 1417 nemque
843 1335 963 1419 optime
994 1332 1058 1399 dici
1081 1335 1117 1399 ού
1151 1336 1268 1399 πολλοῦ

79 1436 137 1503 δίον
159 1436 255 1519 κύριν
281 1436 368 1519 ἔχειν
392 1435 612 1523 Xenophontis
635 1434 724 1502 locus
747 1435 958 1505 demonstret.

125 1538 164 1607 ln
189 1540 230 1607 V.
254 1562 284 1608 ν.
310 1545 364 1607 22.
400 1550 490 1608 certa
525 1541 708 1628 corruptela
740 1540 992 1628 deprehenditur
1015 1545 1050 1611 iu
1073 1543 1198 1611 verhis:
1231 1540 1270 1608 io

79 1646 113 1713 di
135 1648 210 1737 deofl
232 1648 328 1727 ἡμῖν,
352 1647 405 1714 καὶ
429 1650 522 1731 Φίλον
558 1649 786 1725 ποιήσομεν
818 1649 871 1714 σὸν
892 1650 1108 1732 Παφλαγόνα.
1156 1647 1271 1713 Amici·
1327 1722 1331 1727 ,

79 1750 181 1831 nam,
211 1751 381 1839 hospitium
411 1774 482 1819 cum
504 1751 610 1839 utiquo
633 1752 713 1817 inire
744 1752 864 1819 Graece
892 1753 1014 1819 dicitur
1044 1755 1158 1836 φίλον,
1188 1752 1269 1845 ξένον

78 1858 235 1925 κοιείσίού
254 1882 346 1936 σινοι,
381 1878 444 1923 non
476 1868 595 1934 ποιεῖν,
626 1857 659 1923 id
682 1858 767 1945 quod
792 1861 875 1924 retio
907 1859 1099 1926 Graecitatis
1129 1856 1271 1924 ostendit

78 1968 114 2029 et
135 1962 308 2029 confirmat
335 1982 424 2031 usus.
473 1962 576 2049 Supra
606 1962 630 2051 S
658 1968 709 2028 lh.
741 1964 868 2043 οὶνοίγκνι
904 1966 977 2043 tre
1008 1964 1146 2045 Κορύλαν
1176 1962 1269 2046 φίλον

78 2068 254 2143 πονεῖσθαι,
279 2076 312 2135 et
335 2068 373 2134 V.
397 2090 439 2134 tu.
464 2074 495 2135 ὅ.
527 2071 566 2141 ὥς
585 2070 637 2134 τὸν
663 2070 870 2150 Παφλαγόνα
894 2070 990 2151 Φίλον
1012 2069 1181 2144 ποιήσοιντο
1193 2114 1203 2145 ,
1236 2075 1269 2133 et

78 2172 114 2239 in
137 2170 261 2239 Hellen.
285 2172 339 2239 lv,
363 2194 385 2239 1.
410 2177 463 2240 59.
496 2172 578 2251 ξένον
600 2198 659 2252 σε,
682 2171 704 2239 ὦ
725 2176 921 2253 Ἀγησίλαε,
944 2180 1112 2253 ποιοῦμαι,
1142 2182 1174 2239 et
1198 2192 1269 2260 pes·

77 2278 145 2345 sim
177 2276 265 2345 elihi.
313 2279 424 2364 ltequc
451 2280 545 2361 φίλον
576 2277 766 2357 σοινοίμεία
791 2299 901 2345 verum
930 2288 991 2346 est.
1039 2279 1162 2346 Vitium
1194 2299 1268 2345 con-

78 2384 169 2471 cepit
199 2380 290 2449 locus
318 2382 470 2450 Herodoti
490 2382 558 2449 vll.
584 2388 637 2449 29.
672 2382 726 2449 uhi
751 2383 873 2451 Xerxes
901 2384 942 2450 ad
973 2384 1128 2473 Pythium
1151 2386 1198 2453 ite
1218 2384 1268 2451 di-

76 2488 147 2555 cu:
169 2486 267 2567 ξείνύν
289 2488 325 2553 σέ
346 2513 383 2555 σε
404 2496 551 2568 ποιεῦμαι
580 2489 707 2577 [ἕμύν],
741 2487 829 2554 nullo
852 2490 938 2555 enim
964 2501 1056 2573 pecto
1088 2490 1161 2569 ἐμίν
1193 2489 1268 2557 eddi

75 2594 186 2683 potuit
207 2602 241 2659 et
262 2593 513 2679 expungendum
537 2602 598 2660 est.

123 2698 162 2765 ln
184 2698 224 2767 V.
246 2718 288 2764 vt.
313 2703 345 2765 d.
391 2696 480 2775 Αὕτη
503 2699 566 2781 γὰρ
587 2701 604 2776 οἱ
625 2702 692 2782 ἱεροὶ
715 2699 880 2780 ξυμβουλὴ
900 2699 1055 2779 λεγομένη
1082 2697 1189 2790 [εἶναι]
1217 2702 1266 2767 δσ-

74 2812 130 2873 nri
148 2826 201 2883 μοι
224 2812 386 2887 παρεῖναι,
409 2803 646 2870 emendandum
674 2814 723 2871 est
745 2807 856 2883 λύσίς
886 2804 972 2885 γαρ,
997 2814 1034 2873 ιιι
1056 2806 1267 2895 Pluygersins

75 2928 184 2997 nuper
210 2906 321 2977 docuit
343 2918 377 2976 et
400 2908 463 2975 elie
492 2928 684 2996 comparans
709 2918 742 2976 et
772 2911 1023 2977 Terentianum:
1058 2910 1185 2997 Ipsosi
1215 2933 1265 2978 cu·

69 3016 146 3101 piot
167 3014 287 3105 &tuit
307 3036 432 3081 οοσυσσο
450 3036 583 3101 prorius
606 3037 668 3081 non
689 3026 788 3103 potest
816 3016 896 3082 ίιοιιο
918 3014 1089 3103 furnilium.
1136 3016 1265 3084 Praete·

74 3138 135 3189 ree
155 3116 233 3187 είναι
253 3121 403 3209 spurium
423 3128 490 3186 est:
514 3122 671 3201 λεγομένη
692 3120 856 3208 significat
879 3120 1070 3200 καλουμένη,
1095 3130 1133 3187 ut
1156 3119 1265 3187 nullus

73 3226 125 3293 sit
146 3224 307 3291 inlinitiro
328 3225 427 3293 loeus.
475 3224 716 3293 Eiusdemmodi
742 3224 946 3311 interpolatio
968 3227 1001 3291 in
1026 3226 1142 3291 ricinis
1166 3245 1265 3312 eppe·

72 3338 149 3401 ml:
172 3330 213 3399 ἂν
235 3332 294 3411 μὲν
318 3328 353 3399 εὖ
376 3330 618 3410 ξυμβουλεύσας
642 3338 732 3415 Φανῶ
755 3332 866 3398 πολλοὶ
890 3330 994 3397 ἓσεσύε
1017 3332 1044 3397 oi
1069 3332 1264 3405 ἐπαινοῦντές

72 3460 139 3519 ραν,
169 3434 209 3503 ἂν
230 3438 264 3504 δὲ
292 3442 393 3512 κακῶς
424 3437 533 3503 πολλοὶ
563 3435 694 3525 [ἔσεσθε]
721 3439 747 3503 oi
771 3438 1001 3517 καταρώμενοι,
1037 3455 1101 3501 non
1137 3444 1264 3504 lentum

71 3548 213 3609 venusta
234 3550 268 3607 et
291 3540 421 3628 elegans
445 3542 566 3628 ellipsis
599 3550 665 3619 est,
696 3541 752 3607 sed
782 3544 963 3610 necessaria
987 3550 1023 3609 ut
1052 3542 1159 3609 Attico
1180 3542 1263 3609 sori·

70 3654 169 3737 ptore
188 3646 380 3733 compositio
402 3646 463 3713 loci
487 3646 585 3733 digna
608 3646 767 3715 rideatur.

120 3750 159 3819 ht
189 3750 269 3841 stt.
301 3752 337 3827 ἣν
368 3753 400 3819 δὲ
431 3754 517 3819 κατὰ
551 3762 627 3832 γῆς
660 3751 896 3828 ςέλλνσύεύίοί
920 3751 1085 3840 potestati
1111 3772 1184 3827 eos,
1206 3754 1263 3837 qui

70 3854 118 3927 ed
145 3854 266 3923 inleros
298 3855 492 3925 descendere
519 3868 656 3945 parant,
688 3858 772 3945 quod
803 3860 983 3945 requiritur
1011 3858 1097 3924 κατίι
1121 3864 1181 3935 γῆν
1205 3856 1263 3922 du·

69 3960 154 4029 dum
173 3960 339 4028 Iiohreeus
358 3963 605 4030 commendavit.

122 4064 328 4154 Xenophonti
346 4087 474 4156 quoque
494 4068 715 4149 reddendum,
748 4068 832 4155 quod
853 4068 1003 4135 omnihus
1030 4068 1146 4133 Atticis
1176 4086 1262 4133 com·

70 4190 175 4241 mnne
197 4170 298 4239 luisse
318 4174 398 4239 setis
421 4182 563 4253 constat,
589 4174 808 4242 sedescrihis
831 4182 957 4241 tarituiu
984 4194 1045 4239 nou
1066 4172 1185 4259 uhique
1208 4171 1260 4236 ob·

69 4288 247 4356 sedeatur,
279 4287 312 4346 el
342 4276 417 4344 alibi
447 4288 479 4345 el
514 4282 547 4346 iu
578 4280 653 4370 §9-
689 4290 799 4349 πλεῖν
834 4284 851 4355 ἢ
885 4282 999 4346 δώδεκα
1032 4300 1088 4366 pro
1122 4279 1259 4346 lectione

69 4380 231 4453 librorum
255 4394 362 4453 πλεῖον
387 4393 416 4452 el
441 4388 544 4453 πλέον.
