2940 5010
698 114 762 179 160

135 287 292 367 satyricis
320 281 347 356 oi
379 289 622 373 παραγενόμενοι
652 292 759 355 τᾶσαν
782 285 917 353 σπουδὰν
947 286 1096 359 ότοόησαν
1125 286 1232 353 radron
1250 286 1326 353 διι·

135 394 275 469 λνόὲντος
299 396 368 470 τοὺς
392 398 524 471 satiras
547 396 592 462 τοὶ
613 397 682 461 τοτ’
702 393 815 468 αὐτοὺς
839 390 1055 458 πολιτεύεσθαι
1074 394 1148 469 μετ’
1170 392 1330 471 amotae.

136 498 263 586 Siquis
289 520 440 587 umquam
464 502 634 587 antiquum
657 497 794 586 lapidem
818 495 920 564 ocuiis
941 495 1142 564 acutioribus
1172 499 1336 587 inspiciet

136 624 200 670 uon
235 603 348 672 dubito
384 607 463 693 quin
503 626 562 694 pro
598 610 1338 673 ΕΠΟΙΗΣΛΝΤΟΤΤΟΤΔΙΔΛΤΘΕΝΤΟΣ

135 710 330 797 scripturam
355 713 398 777 sit
421 721 609 799 reperturus
630 709 771 776 hancce:
794 714 1340 777 ΕΠΟΙΗΣΛΝΤΟΤΟΤΔΙΑΛΤ-

137 824 325 883 ΘΕΝΤΑΣ.
361 816 574 885 scribendum
598 822 646 883 est
667 816 769 883 euim:
792 807 821 882 11
838 813 1085 893 παραγινόμενοι
1104 817 1213 881 στᾶσαν
1231 838 1342 883 σταν-

136 918 193 986 tato
227 923 408 999 ἐποιήσαντο
442 928 497 989 τοῦ
528 920 729 994 διαλυθέντος
762 921 832 995 τοὺς
871 919 1005 993 τολόταρ
1038 916 1083 984 τὸ
1111 920 1181 985 ποθ’
1211 922 1342 993 αὖτοὺς

135 1027 351 1094 πολιτεύεσθαι
374 1030 443 1108 μεό
464 1030 615 1107 ὁμονοίας.
1190 1082 1196 1091 .

182 1130 250 1197 Non
279 1133 414 1199 rueurini
439 1154 492 1201 rue
522 1133 630 1201 ridere
660 1132 740 1199 alias
766 1127 970 1197 manifestius
1000 1128 1117 1195 ritiuru
1141 1147 1182 1195 ex
1212 1128 1343 1197 eada-

139 1233 199 1301 trac
226 1234 403 1304 formarum
433 1237 620 1306 confusione
647 1245 760 1305 uatum
788 1255 886 1325 quam
908 1234 994 1321 apud
1020 1232 1268 1303 Demosthenem
1289 1252 1344 1321 p.

141 1344 246 1419 1161,
270 1360 365 1429 quum
385 1344 511 1421 iocum,
535 1346 611 1431 quia
635 1353 701 1411 tam
726 1340 857 1409 euidens
880 1349 929 1407 est
955 1340 1134 1418 correctio,
1156 1340 1226 1409 όδοῖι
1248 1338 1345 1423 τόρ-

137 1468 227 1524 epyro
256 1449 418 1535 corrigere
449 1450 549 1515 iurat.
596 1448 689 1537 Apud
720 1466 832 1515 omncs
860 1447 909 1513 sic
931 1444 1059 1527 editur:
1090 1444 1271 1529 ψσόσασόαι
1292 1442 1347 1511 31

139 1552 213 1631 πρὸς
236 1553 321 1632 ὑμᾶς
343 1556 396 1621 καὶ
420 1554 620 1634 διομόσασθαι
642 1554 737 1627 αὐτὸς
769 1553 900 1620 καὶτὸν
928 1552 990 1619 υἱὸν
1020 1551 1073 1617 καὶ
1101 1550 1159 1627 σὺν
1187 1558 1346 1629 γυναῖκα

138 1657 193 1721 οὐκ
214 1656 254 1723 διν
274 1660 458 1740 ἐτόλμησα,
480 1662 542 1727 οὐδ’
562 1658 601 1726 διν
624 1655 706 1725 1ἷεῦ
731 1658 812 1741 ᾔδειν
835 1655 881 1723 ότι
905 1659 1071 1739 αἱρήσομαι
1095 1656 1222 1731 αὐτούς.
1266 1652 1348 1721 Rc·

139 1760 213 1847 quis
232 1764 317 1830 enirn
330 1766 447 1852 estqui
467 1766 590 1833 nesciat
610 1765 643 1829 in
663 1762 718 1829 tati
738 1782 773 1830 re
791 1765 887 1845 αἱρεῖν
907 1763 971 1829 dici
992 1770 1158 1849 oportere,
1174 1768 1209 1828 ct
1228 1772 1350 1847 quam

139 1876 327 1937 constanter
352 1870 438 1958 apud
461 1890 573 1937 omnes
600 1875 769 1937 accusator
791 1868 920 1935 dicatur
942 1870 1038 1949 αἱρεῖν
1066 1867 1124 1943 τὴν
1145 1868 1275 1949 γραφήν
1298 1866 1350 1929 ei

140 1974 236 2055 αόρεῒν
258 1976 312 2043 τὸν
341 1975 529 2061 Φεύγονταῖ
577 1975 697 2061 Ecquis
722 1984 773 2041 est
803 1974 859 2061 qui
885 1975 1036 2055 αἱρεῖσθαι
1059 1970 1110 2039 vei
1135 1970 1262 2037 έλόσόαι
1288 1980 1351 2035 ed

141 2096 237 2145 seusu
260 2080 325 2147 dici
346 2102 436 2169 posse
457 2079 583 2158 credat,
605 2088 664 2147 aut
684 2080 816 2146 omuino
833 2080 928 2160 αἱρεῖν
952 2088 985 2145 et
1006 2078 1157 2163 αἱρεῖσθαι
1174 2074 1241 2143 ulio
1260 2074 1351 2141 inc<

140 2183 188 2249 sic
209 2184 296 2252 iutcr
317 2206 352 2253 sc
369 2186 568 2273 permutari,
591 2195 630 2254 ut
650 2206 714 2252 non
738 2185 852 2251 vitiosa
870 2193 904 2251 et
924 2182 1061 2251 ridicula
1085 2184 1190 2250 oratio
1212 2169 1351 2251 excat!

140 2287 241 2355 Nemo
261 2289 387 2357 heroic:
412 2298 477 2355 taur
502 2298 591 2358 certa
611 2301 644 2359 et
669 2289 838 2358 manifesta
861 2309 912 2356 res
928 2299 989 2357 est.
1035 2286 1181 2355 Emeuda
1204 2287 1338 2375 igitur

140 2394 167 2460 εἰ
191 2391 226 2461 εὖ
250 2395 330 2477 ᾔδειν
351 2394 397 2462 ότι
425 2397 579 2478 αἱρήσοιμῖ
609 2398 733 2471 αὐτοός.
779 2395 881 2478 Quam
915 2394 994 2461 110110
1019 2395 1175 2477 αἱρήσοιμι
1207 2392 1242 2458 iu
1272 2380 1351 2459 tn]

140 2497 210 2565 loco
232 2500 274 2565 sit
295 2499 484 2568 collocatum
508 2499 610 2586 fugiet
632 2502 792 2568 nemiuem
814 2508 847 2567 et
866 2501 947 2567 satis
966 2498 1171 2566 coniirmabit
1193 2496 1246 2565 rel
1265 2496 1351 2565 Ka

141 2603 267 2690 nophon
304 2604 385 2673 11011.
408 2606 446 2672 V.
471 2627 512 2673 rv.
538 2611 592 2673 15.
637 2606 792 2689 ΣΦοδρόαν
822 2606 886 2688 γὰρ
919 2603 953 2673 εὖ
980 2605 1090 2672 εἰδέναι
1120 2604 1250 2688 ἔφασαν
1280 2594 1351 2669 0⁸¹¹

139 2710 329 2777 ἀπολωλότα
351 2713 527 2791 τεόσοιντο,
550 2721 584 2779 01
604 2711 657 2777 vl.
670 2732 698 2778 v.
714 2716 766 2779 19.
789 2708 823 2778 εὖ
847 2712 878 2778 δὲ
898 2710 1008 2777 εἰδέναι
1030 2710 1157 2795 ἔφασαν
1179 2706 1228 2775 ότι
1251 2720 1351 2781 Μ

139 2813 273 2887 ε’σοιντο.
296 2815 414 2903 quihus
434 2817 496 2885 alia
515 2817 634 2884 similia
655 2818 772 2904 passim
794 2826 982 2885 occurrunt.

185 2920 222 2986 in
255 2924 451 2990 contrariam
485 2932 608 3011 partem
642 2922 775 2989 immani
801 2921 988 2988 soloecismo
1019 2928 1188 3009 peccatum
1220 2928 1273 2987 est
1310 2910 1352 2979 5¹

140 3022 321 3111 fragmento
344 3028 472 3117 Tragici
496 3037 629 3117 1100110,
653 3029 771 3107 unius,
795 3035 948 3114 utputo,
978 3026 1018 3095 de
1040 3024 1169 3095 Pleiade
1193 3023 1352 3094 alexan·

141 3128 258 3209 1111111,
283 3134 368 3221 apud
391 3132 565 3202 Stoiaeunr
588 3135 622 3201 in
649 3133 758 3219 Eciog.
784 3132 982 3221 1111015.
1011 3137 1061 3200 10.

320 3243 355 3306 οὐ
378 3242 441 3322 reip
464 3265 511 3314 τις
535 3240 601 3306 οὐδὲ
623 3238 795 3322 χρημάτων
819 3238 1002 3322 impetitur

323 3346 412 3425 νόμον
434 3347 563 3426 μιαίνων
585 3346 740 3428 ἀσφαλῶς
763 3344 1043 3428 γηράσκεται,

141 3444 227 3531 quod
249 3448 348 3515 nihilo
372 3450 489 3517 metius
509 3458 559 3517 est
579 3470 677 3537 quana
700 3450 865 3532 χαίρομαι.
912 3448 975 3517 Sed
995 3448 1069 3536 quis
1087 3466 1151 3514 uon
1175 3446 1266 3515 ridet
1283 3462 1322 3514 re

142 3551 229 3637 quiri
253 3550 425 3623 futurum?
450 3557 559 3643 itaque
580 3557 650 3623 siue
673 3575 763 3622 mora
785 3554 1107 3642 1011011ογηρόσεσαι.
1154 3551 1277 3619 Contra
1296 3552 1322 3617 11

143 3657 345 3742 praecedenti
368 3658 568 3748 fragmento:
592 3665 653 3745 οὐχ
671 3660 754 3728 sire
775 3662 847 3735 Διὸς
868 3660 1032 3744 ὀφθαλμός
1052 3679 1110 3746 pro
1129 3658 1323 3745 ineptissimo

143 3759 254 3830 iuturo
275 3763 357 3834 εόσει
383 3765 523 3857 (crudit)
548 3776 751 3857 quantocyus
774 3766 916 3833 rescribe
941 3784 1092 3853 praeseus
1114 3762 1205 3832 εὕδοι.

188 3868 349 3939 Fraudem
372 3870 449 3941 iecit
470 3872 634 3939 liiudoriio
652 3872 693 3939 ad
714 3872 823 3960 steph.
848 3871 943 3939 Thes.
966 3871 1056 3938 iocus
1076 3868 1199 3936 Photii:
1234 3864 1327 3937 Educ:

143 3971 285 4059 ἔβρεχεν.
310 3986 346 4045 tu
366 3980 508 4066 corrige:
532 3976 616 4045 ὗενε
649 3978 801 4061 ἔβρεχεν,
825 3986 862 4044 11
880 3984 969 4044 recte
990 3976 1109 4063 legitur
1125 3992 1185 4039 suo
1207 3971 1281 4041 loco
1297 3982 1329 4043 et

144 4081 228 4164 apud
247 4084 455 4173 Hesyciriuru.
481 4084 614 4152 l'irotius
634 4083 726 4151 aiibi:
751 4085 911 4163 ’τόμενοςε
935 4082 1141 4165 βρεχόμενοι,
1162 4078 1331 4155 οῑὝσαςι

144 4184 275 4267 βρέξαι,
297 4199 329 4257 01
349 4190 448 4259 “Tem
472 4191 606 4273 βρέχων.
655 4189 779 4257 Siruiiia
802 4189 877 4258 aiii:
910 4188 1052 4257 solebant
1073 4184 1161 4253 0111111
1184 4183 1337 4255 (iracundi
