<?xml version="1.0" encoding="UTF-8"?>
<!DOCTYPE html PUBLIC "-//W3C//DTD XHTML 1.0 Transitional//EN"
    "http://www.w3.org/TR/xhtml1/DTD/xhtml1-transitional.dtd">
<html xmlns="http://www.w3.org/1999/xhtml" xml:lang="en" lang="en">
 <head>
  <title>
</title>
<meta http-equiv="Content-Type" content="text/html;charset=utf-8" />
  <meta name='ocr-system' content='tesseract 3.04.00' />
  <meta name='ocr-capabilities' content='ocr_page ocr_carea ocr_par ocr_line ocrx_word'/>
</head>
<body>
  <div class='ocr_page' id='page_1' title='image "./novaelectionesq00cobegoog/novaelectionesq00cobegoog_0348.png"; bbox 0 0 2940 5010; ppageno 0'>
   <div class='ocr_carea' id='block_1_1' title="bbox 702 266 762 327">
    <p class='ocr_par' dir='ltr' id='par_1_1' title="bbox 702 266 762 327">
     <span class='ocr_line' id='line_1_1' title="bbox 702 266 762 327; baseline -0.017 0"><span class='ocrx_word' id='word_1_1' title='bbox 702 266 762 327; x_wconf 82' lang='lat'><strong>511</strong></span> 
     </span>
    </p>
   </div>
   <div class='ocr_carea' id='block_1_2' title="bbox 140 436 1337 1901">
    <p class='ocr_par' dir='ltr' id='par_1_2' title="bbox 142 436 1337 1375">
     <span class='ocr_line' id='line_1_2' title="bbox 166 436 1334 531; baseline 0.002 -24"><span class='ocrx_word' id='word_1_2' title='bbox 166 460 247 531; x_wconf 70' lang='lat' dir='ltr'><strong>paam</strong></span> <span class='ocrx_word' id='word_1_3' title='bbox 269 440 420 507; x_wconf 83' lang='lat' dir='ltr'><strong>uitiosum</strong></span> <span class='ocrx_word' id='word_1_4' title='bbox 443 456 580 507; x_wconf 77' lang='lat' dir='ltr'>acumen</span> <span class='ocrx_word' id='word_1_5' title='bbox 605 447 637 505; x_wconf 90' lang='lat' dir='ltr'><strong>et</strong></span> <span class='ocrx_word' id='word_1_6' title='bbox 656 458 694 505; x_wconf 81' lang='lat' dir='ltr'><strong>cn</strong></span> <span class='ocrx_word' id='word_1_7' title='bbox 719 438 827 524; x_wconf 88' lang='lat' dir='ltr'><strong>inepta</strong></span> <span class='ocrx_word' id='word_1_8' title='bbox 850 436 1029 505; x_wconf 69' lang='lat' dir='ltr'>subtilitate</span> <span class='ocrx_word' id='word_1_9' title='bbox 1049 446 1124 505; x_wconf 90' lang='lat' dir='ltr'><strong>nata</strong></span> <span class='ocrx_word' id='word_1_10' title='bbox 1143 438 1334 511; x_wconf 76' lang='lat' dir='ltr'><strong>obscuritas.</strong></span> 
     </span>
     <span class='ocr_line' id='line_1_3' title="bbox 161 542 1335 637; baseline -0.001 -20"><span class='ocrx_word' id='word_1_11' title='bbox 161 548 306 637; x_wconf 73' lang='lat' dir='ltr'><strong>Apertum</strong></span> <span class='ocrx_word' id='word_1_12' title='bbox 328 553 380 614; x_wconf 87' lang='lat' dir='ltr'><strong>est</strong></span> <span class='ocrx_word' id='word_1_13' title='bbox 402 544 636 613; x_wconf 79' lang='lat' dir='ltr'><strong>Theramenem</strong></span> <span class='ocrx_word' id='word_1_14' title='bbox 659 544 719 611; x_wconf 92' lang='lat' dir='ltr'><strong>boc</strong></span> <span class='ocrx_word' id='word_1_15' title='bbox 740 544 847 610; x_wconf 87' lang='lat' dir='ltr'><strong>dicere</strong></span> <span class='ocrx_word' id='word_1_16' title='bbox 867 542 1003 609; x_wconf 90' lang='lat' dir='ltr'><strong>debere:</strong></span> <span class='ocrx_word' id='word_1_17' title='bbox 1026 545 1097 626; x_wconf 75' lang='grc' dir='ltr'><strong><em>πρὶν</em></strong></span> <span class='ocrx_word' id='word_1_18' title='bbox 1115 546 1170 613; x_wconf 72' lang='grc' dir='ltr'><strong><em>καὶ</em></strong></span> <span class='ocrx_word' id='word_1_19' title='bbox 1192 550 1218 614; x_wconf 82' lang='grc' dir='ltr'><strong>οἱ</strong></span> <span class='ocrx_word' id='word_1_20' title='bbox 1235 549 1335 615; x_wconf 81' lang='grc' dir='ltr'><strong><em>δοῦλοι</em></strong></span> 
     </span>
     <span class='ocr_line' id='line_1_4' title="bbox 154 649 1337 739; baseline -0.001 -18"><span class='ocrx_word' id='word_1_21' title='bbox 154 654 204 721; x_wconf 74' lang='grc' dir='ltr'><strong>τι)</strong></span> <span class='ocrx_word' id='word_1_22' title='bbox 219 656 249 721; x_wconf 82' lang='grc' dir='ltr'><strong>οδ</strong></span> <span class='ocrx_word' id='word_1_23' title='bbox 267 652 460 735; x_wconf 62' lang='lat' dir='ltr'><strong>&amp;cedmae</strong></span> <span class='ocrx_word' id='word_1_24' title='bbox 486 661 543 729; x_wconf 77' lang='grc' dir='ltr'><strong>της</strong></span> <span class='ocrx_word' id='word_1_25' title='bbox 561 650 768 733; x_wconf 69' lang='grc' dir='ltr'><strong>δημοκρατίας</strong></span> <span class='ocrx_word' id='word_1_26' title='bbox 793 649 976 733; x_wconf 76' lang='grc' dir='ltr'><strong><em>μετέχοιεν,</em></strong></span> <span class='ocrx_word' id='word_1_27' title='bbox 1001 650 1071 732; x_wconf 74' lang='grc' dir='ltr'><strong><em>πρὶν</em></strong></span> <span class='ocrx_word' id='word_1_28' title='bbox 1099 660 1156 739; x_wconf 73' lang='grc' dir='ltr'><strong>τῆς</strong></span> <span class='ocrx_word' id='word_1_29' title='bbox 1181 653 1337 737; x_wconf 84' lang='grc' dir='ltr'><strong><em>δημοκρα·</em></strong></span> 
     </span>
     <span class='ocr_line' id='line_1_5' title="bbox 151 754 1335 847; baseline 0 -21"><span class='ocrx_word' id='word_1_30' title='bbox 151 760 218 835; x_wconf 71' lang='lat' dir='ltr'><strong>alac</strong></span> <span class='ocrx_word' id='word_1_31' title='bbox 245 768 389 841; x_wconf 72' lang='grc' dir='ltr'><strong><em>μετεῖναι</em></strong></span> <span class='ocrx_word' id='word_1_32' title='bbox 418 757 472 825; x_wconf 79' lang='grc' dir='ltr'><strong><em>καὶ</em></strong></span> <span class='ocrx_word' id='word_1_33' title='bbox 503 766 567 833; x_wconf 77' lang='grc' dir='ltr'><strong><em>τοῖς</em></strong></span> <span class='ocrx_word' id='word_1_34' title='bbox 591 756 706 829; x_wconf 76' lang='grc' dir='ltr'><strong><em>δούλοις</em></strong></span> <span class='ocrx_word' id='word_1_35' title='bbox 735 755 788 821; x_wconf 75' lang='grc' dir='ltr'><strong><em>καὶ</em></strong></span> <span class='ocrx_word' id='word_1_36' title='bbox 811 764 875 829; x_wconf 72' lang='grc' dir='ltr'><strong><em>τοις</em></strong></span> <span class='ocrx_word' id='word_1_37' title='bbox 909 754 1138 838; x_wconf 78' lang='grc' dir='ltr'><strong><em>οξπορωτοὶτοις,</em></strong></span> <span class='ocrx_word' id='word_1_38' title='bbox 1166 766 1198 825; x_wconf 85' lang='lat' dir='ltr'><strong>et</strong></span> <span class='ocrx_word' id='word_1_39' title='bbox 1223 779 1282 847; x_wconf 91' lang='lat' dir='ltr'><strong>pro</strong></span> <span class='ocrx_word' id='word_1_40' title='bbox 1308 762 1335 827; x_wconf 85' lang='lat' dir='ltr'><strong>al</strong></span> 
     </span>
     <span class='ocr_line' id='line_1_6' title="bbox 148 861 1337 952; baseline -0.012 -19"><span class='ocrx_word' id='word_1_41' title='bbox 148 866 340 947; x_wconf 71' lang='grc' dir='ltr'><strong><em>δτιρύτοοποι</em></strong></span> <span class='ocrx_word' id='word_1_42' title='bbox 366 863 554 952; x_wconf 76' lang='lat' dir='ltr'><strong>eloquenter</strong></span> <span class='ocrx_word' id='word_1_43' title='bbox 585 861 705 929; x_wconf 79' lang='lat' dir='ltr'><strong>dixisse</strong></span> <span class='ocrx_word' id='word_1_44' title='bbox 729 863 755 927; x_wconf 85' lang='lat' dir='ltr'><strong>ol</strong></span> <span class='ocrx_word' id='word_1_45' title='bbox 778 861 816 927; x_wconf 88' lang='grc' dir='ltr'><strong>δι’</strong></span> <span class='ocrx_word' id='word_1_46' title='bbox 837 861 968 944; x_wconf 71' lang='grc' dir='ltr'><strong><em>ἀπορίαν</em></strong></span> <span class='ocrx_word' id='word_1_47' title='bbox 990 862 1135 944; x_wconf 71' lang='grc' dir='ltr'><strong><em>δραχμῆς</em></strong></span> <span class='ocrx_word' id='word_1_48' title='bbox 1159 862 1198 930; x_wconf 70' lang='grc' dir='ltr'><strong>ἂν</strong></span> <span class='ocrx_word' id='word_1_49' title='bbox 1221 865 1337 933; x_wconf 58' lang='grc' dir='ltr'><strong>ἁπαλά.</strong></span> 
     </span>
     <span class='ocr_line' id='line_1_7' title="bbox 144 965 1336 1056; baseline 0.002 -19"><span class='ocrx_word' id='word_1_50' title='bbox 144 992 231 1051; x_wconf 78' lang='grc' dir='ltr'><strong><em>μενοι</em></strong></span> <span class='ocrx_word' id='word_1_51' title='bbox 253 972 311 1047; x_wconf 80' lang='grc' dir='ltr'><strong>την</strong></span> <span class='ocrx_word' id='word_1_52' title='bbox 328 970 433 1040; x_wconf 71' lang='grc' dir='ltr'><strong><em>πόλιν.</em></strong></span> <span class='ocrx_word' id='word_1_53' title='bbox 481 969 595 1056; x_wconf 86' lang='lat' dir='ltr'><strong>ltaque</strong></span> <span class='ocrx_word' id='word_1_54' title='bbox 616 987 674 1055; x_wconf 93' lang='lat' dir='ltr'><strong>pro</strong></span> <span class='ocrx_word' id='word_1_55' title='bbox 697 968 842 1049; x_wconf 76' lang='grc' dir='ltr'><strong><em>δραχμῆς</em></strong></span> <span class='ocrx_word' id='word_1_56' title='bbox 873 965 1092 1053; x_wconf 91' lang='lat' dir='ltr'><strong>reponendum</strong></span> <span class='ocrx_word' id='word_1_57' title='bbox 1127 976 1176 1035; x_wconf 88' lang='lat' dir='ltr'><strong>est</strong></span> <span class='ocrx_word' id='word_1_58' title='bbox 1208 974 1336 1049; x_wconf 76' lang='grc' dir='ltr'><strong><em>αὐτῆς</em></strong></span> 
     </span>
     <span class='ocr_line' id='line_1_8' title="bbox 143 1070 1336 1163; baseline 0.001 -20"><span class='ocrx_word' id='word_1_59' title='bbox 143 1074 333 1161; x_wconf 64' lang='lat' dir='ltr'><strong>mimam,</strong></span> <span class='ocrx_word' id='word_1_60' title='bbox 355 1073 441 1163; x_wconf 91' lang='lat' dir='ltr'><strong>quod</strong></span> <span class='ocrx_word' id='word_1_61' title='bbox 464 1094 565 1162; x_wconf 90' lang='lat' dir='ltr'><strong>quum</strong></span> <span class='ocrx_word' id='word_1_62' title='bbox 592 1072 700 1140; x_wconf 89' lang='lat' dir='ltr'><strong>nescio</strong></span> <span class='ocrx_word' id='word_1_63' title='bbox 732 1073 806 1158; x_wconf 88' lang='lat' dir='ltr'><strong>quis</strong></span> <span class='ocrx_word' id='word_1_64' title='bbox 833 1070 940 1137; x_wconf 92' lang='lat' dir='ltr'><strong>obtusi</strong></span> <span class='ocrx_word' id='word_1_65' title='bbox 975 1072 1097 1158; x_wconf 79' lang='lat' dir='ltr'><strong>ingenii</strong></span> <span class='ocrx_word' id='word_1_66' title='bbox 1122 1073 1163 1140; x_wconf 90' lang='lat' dir='ltr'><strong>ad</strong></span> <span class='ocrx_word' id='word_1_67' title='bbox 1189 1078 1336 1162; x_wconf 81' lang='lat' dir='ltr'><strong>proxime</strong></span> 
     </span>
     <span class='ocr_line' id='line_1_9' title="bbox 142 1176 1335 1271; baseline -0.001 -21"><span class='ocrx_word' id='word_1_68' title='bbox 142 1180 343 1271; x_wconf 66' lang='lat' dir='ltr'><strong>praxedem</strong></span> <span class='ocrx_word' id='word_1_69' title='bbox 370 1184 517 1264; x_wconf 77' lang='grc' dir='ltr'><strong><em>δραχμῆς</em></strong></span> <span class='ocrx_word' id='word_1_70' title='bbox 540 1185 744 1267; x_wconf 88' lang='lat' dir='ltr'><strong>praepostere</strong></span> <span class='ocrx_word' id='word_1_71' title='bbox 774 1176 939 1245; x_wconf 69' lang='lat' dir='ltr'><strong>retulisset</strong></span> <span class='ocrx_word' id='word_1_72' title='bbox 967 1186 1043 1243; x_wconf 89' lang='lat' dir='ltr'><strong>nata</strong></span> <span class='ocrx_word' id='word_1_73' title='bbox 1072 1188 1123 1247; x_wconf 87' lang='lat' dir='ltr'><strong>est</strong></span> <span class='ocrx_word' id='word_1_74' title='bbox 1150 1179 1231 1248; x_wconf 91' lang='lat' dir='ltr'><strong>bella</strong></span> <span class='ocrx_word' id='word_1_75' title='bbox 1253 1185 1335 1250; x_wconf 88' lang='lat' dir='ltr'><strong>seri·</strong></span> 
     </span>
     <span class='ocr_line' id='line_1_10' title="bbox 142 1282 747 1375; baseline -0.012 -20"><span class='ocrx_word' id='word_1_76' title='bbox 142 1294 267 1375; x_wconf 84' lang='lat' dir='ltr'><strong>ptura,</strong></span> <span class='ocrx_word' id='word_1_77' title='bbox 291 1305 374 1374; x_wconf 90' lang='lat' dir='ltr'><strong>quae</strong></span> <span class='ocrx_word' id='word_1_78' title='bbox 398 1306 485 1353; x_wconf 90' lang='lat' dir='ltr'><strong>nune</strong></span> <span class='ocrx_word' id='word_1_79' title='bbox 505 1282 747 1353; x_wconf 77' lang='lat' dir='ltr'><strong>circumfertur.</strong></span> 
     </span>
    </p>

    <p class='ocr_par' dir='ltr' id='par_1_3' title="bbox 140 1389 1336 1901">
     <span class='ocr_line' id='line_1_11' title="bbox 190 1389 1335 1473; baseline -0.001 -12"><span class='ocrx_word' id='word_1_80' title='bbox 190 1390 231 1461; x_wconf 82' lang='lat' dir='ltr'><strong>lu</strong></span> <span class='ocrx_word' id='word_1_81' title='bbox 249 1390 372 1461; x_wconf 76' lang='lat' dir='ltr'><strong>Hellen.</strong></span> <span class='ocrx_word' id='word_1_82' title='bbox 393 1392 435 1459; x_wconf 89' lang='lat' dir='ltr'><strong>ll.</strong></span> <span class='ocrx_word' id='word_1_83' title='bbox 459 1411 505 1458; x_wconf 83' lang='lat'>111.</span> <span class='ocrx_word' id='word_1_84' title='bbox 530 1396 584 1459; x_wconf 83' lang='lat' dir='ltr'><strong>tt.</strong></span> <span class='ocrx_word' id='word_1_85' title='bbox 613 1389 821 1472; x_wconf 73' lang='grc' dir='ltr'><strong><em>παραδίδομεν</em></strong></span> <span class='ocrx_word' id='word_1_86' title='bbox 844 1389 916 1468; x_wconf 77' lang='grc' dir='ltr'><strong><em>ὑμῖν</em></strong></span> <span class='ocrx_word' id='word_1_87' title='bbox 940 1389 1122 1471; x_wconf 65' lang='grc' dir='ltr'><strong><em>Θηραμένην</em></strong></span> <span class='ocrx_word' id='word_1_88' title='bbox 1143 1394 1335 1473; x_wconf 78' lang='grc' dir='ltr'><strong><em>τοντονΙ-,</em></strong></span> 
     </span>
     <span class='ocr_line' id='line_1_12' title="bbox 142 1492 1336 1582; baseline 0.001 -17"><span class='ocrx_word' id='word_1_89' title='bbox 142 1495 239 1581; x_wconf 63' lang='grc' dir='ltr'><strong><em>ὑμεῖς</em></strong></span> <span class='ocrx_word' id='word_1_90' title='bbox 262 1498 297 1565; x_wconf 79' lang='grc' dir='ltr'><strong>δδ</strong></span> <span class='ocrx_word' id='word_1_91' title='bbox 318 1497 474 1579; x_wconf 72' lang='grc' dir='ltr'><strong><em>λαβόντες</em></strong></span> <span class='ocrx_word' id='word_1_92' title='bbox 497 1498 551 1563; x_wconf 77' lang='grc' dir='ltr'><strong><em>καὶ</em></strong></span> <span class='ocrx_word' id='word_1_93' title='bbox 574 1493 804 1574; x_wconf 65' lang='grc' dir='ltr'><strong><em>ἀπαγαγόντες</em></strong></span> <span class='ocrx_word' id='word_1_94' title='bbox 828 1495 870 1579; x_wconf 75' lang='grc' dir='ltr'><strong>[οἱ</strong></span> <span class='ocrx_word' id='word_1_95' title='bbox 894 1492 1018 1582; x_wconf 81' lang='grc' dir='ltr'><strong><em>ἕνδεκα]</em></strong></span> <span class='ocrx_word' id='word_1_96' title='bbox 1042 1494 1073 1563; x_wconf 78' lang='grc' dir='ltr'><strong>οἶ</strong></span> <span class='ocrx_word' id='word_1_97' title='bbox 1086 1498 1136 1564; x_wconf 80' lang='grc' dir='ltr'><strong>δεῖ</strong></span> <span class='ocrx_word' id='word_1_98' title='bbox 1150 1498 1194 1564; x_wconf 70' lang='grc' dir='ltr'><strong>τὰ</strong></span> <span class='ocrx_word' id='word_1_99' title='bbox 1216 1500 1251 1565; x_wconf 78' lang='grc' dir='ltr'><strong>ἐκ</strong></span> <span class='ocrx_word' id='word_1_100' title='bbox 1268 1500 1336 1567; x_wconf 77' lang='grc' dir='ltr'><strong>τού-</strong></span> 
     </span>
     <span class='ocr_line' id='line_1_13' title="bbox 140 1596 1336 1693; baseline -0.002 -20"><span class='ocrx_word' id='word_1_101' title='bbox 140 1622 207 1673; x_wconf 74' lang='lat' dir='ltr'><strong>m</strong></span> <span class='ocrx_word' id='word_1_102' title='bbox 226 1602 398 1687; x_wconf 70' lang='grc' dir='ltr'><strong><em>πρὶπετε.</em></strong></span> <span class='ocrx_word' id='word_1_103' title='bbox 444 1602 543 1670; x_wconf 83' lang='lat' dir='ltr'><strong>Recte</strong></span> <span class='ocrx_word' id='word_1_104' title='bbox 566 1598 711 1668; x_wconf 88' lang='lat' dir='ltr'><strong>iliodori.</strong></span> <span class='ocrx_word' id='word_1_105' title='bbox 735 1596 766 1667; x_wconf 81' lang='lat' dir='ltr'><strong>el</strong></span> <span class='ocrx_word' id='word_1_106' title='bbox 783 1602 832 1667; x_wconf 81' lang='grc' dir='ltr'><strong>δεῖ</strong></span> <span class='ocrx_word' id='word_1_107' title='bbox 847 1601 1030 1668; x_wconf 82' lang='lat' dir='ltr'><strong>emendavit</strong></span> <span class='ocrx_word' id='word_1_108' title='bbox 1048 1622 1107 1690; x_wconf 85' lang='lat' dir='ltr'><strong>pro</strong></span> <span class='ocrx_word' id='word_1_109' title='bbox 1129 1600 1164 1671; x_wconf 80' lang='grc' dir='ltr'><strong>οὗ</strong></span> <span class='ocrx_word' id='word_1_110' title='bbox 1183 1604 1248 1681; x_wconf 81' lang='grc' dir='ltr'><strong><em>δεῖ,</em></strong></span> <span class='ocrx_word' id='word_1_111' title='bbox 1271 1625 1336 1693; x_wconf 92' lang='lat' dir='ltr'><strong>quo</strong></span> 
     </span>
     <span class='ocr_line' id='line_1_14' title="bbox 142 1703 1336 1795; baseline -0.002 -16"><span class='ocrx_word' id='word_1_112' title='bbox 142 1706 235 1779; x_wconf 70' lang='lat' dir='ltr'><strong>bete</strong></span> <span class='ocrx_word' id='word_1_113' title='bbox 252 1708 354 1777; x_wconf 80' lang='grc' dir='ltr'><strong><em>οῑίοιιι</em></strong></span> <span class='ocrx_word' id='word_1_114' title='bbox 385 1707 502 1775; x_wconf 84' lang='lat' dir='ltr'><strong>melius</strong></span> <span class='ocrx_word' id='word_1_115' title='bbox 529 1712 662 1795; x_wconf 87' lang='lat' dir='ltr'><strong>apparet</strong></span> <span class='ocrx_word' id='word_1_116' title='bbox 690 1704 788 1772; x_wconf 82' lang='lat' dir='ltr'><strong>verba</strong></span> <span class='ocrx_word' id='word_1_117' title='bbox 810 1708 836 1771; x_wconf 85' lang='lat' dir='ltr'><strong>ot</strong></span> <span class='ocrx_word' id='word_1_118' title='bbox 859 1703 968 1773; x_wconf 75' lang='grc' dir='ltr'><strong><em>ἕνδεκα</em></strong></span> <span class='ocrx_word' id='word_1_119' title='bbox 991 1708 1134 1775; x_wconf 90' lang='lat' dir='ltr'><strong>insiticia</strong></span> <span class='ocrx_word' id='word_1_120' title='bbox 1165 1728 1254 1776; x_wconf 85' lang='lat' dir='ltr'><strong>csse:</strong></span> <span class='ocrx_word' id='word_1_121' title='bbox 1284 1730 1336 1777; x_wconf 91' lang='lat' dir='ltr'><strong>ar·</strong></span> 
     </span>
     <span class='ocr_line' id='line_1_15' title="bbox 143 1810 1335 1901; baseline -0.003 -15"><span class='ocrx_word' id='word_1_122' title='bbox 143 1814 295 1885; x_wconf 62' lang='lat' dir='ltr'><strong>tibine</strong></span> <span class='ocrx_word' id='word_1_123' title='bbox 316 1815 404 1883; x_wconf 79' lang='lat' dir='ltr'><strong>ultim</strong></span> <span class='ocrx_word' id='word_1_124' title='bbox 428 1810 646 1881; x_wconf 79' lang='lat' dir='ltr'><strong>connectenda</strong></span> <span class='ocrx_word' id='word_1_125' title='bbox 670 1819 747 1877; x_wconf 81' lang='lat' dir='ltr'><strong>suut</strong></span> <span class='ocrx_word' id='word_1_126' title='bbox 771 1812 1000 1891; x_wconf 71' lang='grc' dir='ltr'><strong><em>ἀπαγαγόντες</em></strong></span> <span class='ocrx_word' id='word_1_127' title='bbox 1030 1810 1061 1880; x_wconf 75' lang='grc' dir='ltr'><strong>οἶ</strong></span> <span class='ocrx_word' id='word_1_128' title='bbox 1078 1816 1127 1880; x_wconf 82' lang='grc' dir='ltr'><strong>δεῖ</strong></span> <span class='ocrx_word' id='word_1_129' title='bbox 1154 1830 1259 1901; x_wconf 81' lang='lat' dir='ltr'><strong>neque</strong></span> <span class='ocrx_word' id='word_1_130' title='bbox 1288 1817 1335 1883; x_wconf 84' lang='lat' dir='ltr'><strong>in·</strong></span> 
     </span>
    </p>
   </div>
   <div class='ocr_carea' id='block_1_3' title="bbox 144 1914 1465 2009">
    <p class='ocr_par' dir='ltr' id='par_1_4' title="bbox 144 1914 1465 2009">
     <span class='ocr_line' id='line_1_16' title="bbox 144 1914 1465 2009; baseline 0 -22"><span class='ocrx_word' id='word_1_131' title='bbox 144 1920 306 2009; x_wconf 61' lang='lat' dir='ltr'><strong>inperito</strong></span> <span class='ocrx_word' id='word_1_132' title='bbox 335 1916 490 1987; x_wconf 81' lang='lat' dir='ltr'><strong>vocabulo</strong></span> <span class='ocrx_word' id='word_1_133' title='bbox 519 1914 708 1984; x_wconf 83' lang='lat' dir='ltr'><strong>divellenda.</strong></span> <span class='ocrx_word' id='word_1_134' title='bbox 756 1915 926 1983; x_wconf 87' lang='lat' dir='ltr'><strong>Praeterea</strong></span> <span class='ocrx_word' id='word_1_135' title='bbox 956 1920 1131 2005; x_wconf 89' lang='lat' dir='ltr'><strong>repetitum</strong></span> <span class='ocrx_word' id='word_1_136' title='bbox 1160 1940 1336 2005; x_wconf 89' lang='lat' dir='ltr'><strong>pronomen</strong></span> <span class='ocrx_word' id='word_1_137' title='bbox 1462 1944 1465 1953; x_wconf 95' lang='lat'>·</span> 
     </span>
    </p>
   </div>
   <div class='ocr_carea' id='block_1_4' title="bbox 142 2019 1340 3587">
    <p class='ocr_par' dir='ltr' id='par_1_5' title="bbox 142 2019 1340 3587">
     <span class='ocr_line' id='line_1_17' title="bbox 143 2019 1336 2111; baseline -0.003 -17"><span class='ocrx_word' id='word_1_138' title='bbox 143 2026 241 2107; x_wconf 69' lang='grc' dir='ltr'><strong><em>ὑμεῖς</em></strong></span> <span class='ocrx_word' id='word_1_139' title='bbox 263 2024 325 2093; x_wconf 89' lang='lat' dir='ltr'><strong>lroe</strong></span> <span class='ocrx_word' id='word_1_140' title='bbox 345 2024 603 2093; x_wconf 87' lang='lat' dir='ltr'><strong>additamentum</strong></span> <span class='ocrx_word' id='word_1_141' title='bbox 627 2041 689 2087; x_wconf 92' lang='lat' dir='ltr'><strong>non</strong></span> <span class='ocrx_word' id='word_1_142' title='bbox 710 2019 877 2097; x_wconf 87' lang='lat' dir='ltr'><strong>admittit;</strong></span> <span class='ocrx_word' id='word_1_143' title='bbox 900 2022 1051 2089; x_wconf 75' lang='lat' dir='ltr'><strong>resedere</strong></span> <span class='ocrx_word' id='word_1_144' title='bbox 1074 2032 1198 2110; x_wconf 89' lang='lat' dir='ltr'><strong>poterat</strong></span> <span class='ocrx_word' id='word_1_145' title='bbox 1222 2044 1336 2111; x_wconf 91' lang='lat' dir='ltr'><strong>prono·</strong></span> 
     </span>
     <span class='ocr_line' id='line_1_18' title="bbox 145 2126 1337 2216; baseline -0.002 -17"><span class='ocrx_word' id='word_1_146' title='bbox 145 2132 232 2199; x_wconf 80' lang='lat' dir='ltr'><strong>mini</strong></span> <span class='ocrx_word' id='word_1_147' title='bbox 253 2132 347 2213; x_wconf 76' lang='grc' dir='ltr'><strong><em>ὑμῖν,</em></strong></span> <span class='ocrx_word' id='word_1_148' title='bbox 377 2130 432 2197; x_wconf 86' lang='lat' dir='ltr'><strong>ubi</strong></span> <span class='ocrx_word' id='word_1_149' title='bbox 460 2130 604 2216; x_wconf 89' lang='lat' dir='ltr'><strong>primum</strong></span> <span class='ocrx_word' id='word_1_150' title='bbox 635 2126 760 2193; x_wconf 82' lang='lat' dir='ltr'><strong>dixerat</strong></span> <span class='ocrx_word' id='word_1_151' title='bbox 793 2128 998 2208; x_wconf 81' lang='grc' dir='ltr'><strong><em>παραδιδομεν</em></strong></span> <span class='ocrx_word' id='word_1_152' title='bbox 1030 2130 1119 2209; x_wconf 80' lang='grc' dir='ltr'><strong><em>ὑμῖν,</em></strong></span> <span class='ocrx_word' id='word_1_153' title='bbox 1150 2132 1178 2197; x_wconf 69' lang='grc' dir='ltr'><strong>οἱ</strong></span> <span class='ocrx_word' id='word_1_154' title='bbox 1205 2127 1337 2209; x_wconf 75' lang='grc' dir='ltr'><strong><em>ἕνδεκα,</em></strong></span> 
     </span>
     <span class='ocr_line' id='line_1_19' title="bbox 142 2232 1337 2323; baseline -0.003 -17"><span class='ocrx_word' id='word_1_155' title='bbox 142 2238 289 2315; x_wconf 71' lang='lat' dir='ltr'><strong>ml,</strong></span> <span class='ocrx_word' id='word_1_156' title='bbox 319 2234 377 2305; x_wconf 86' lang='lat' dir='ltr'><strong>scd</strong></span> <span class='ocrx_word' id='word_1_157' title='bbox 406 2244 517 2323; x_wconf 87' lang='lat' dir='ltr'><strong>postea</strong></span> <span class='ocrx_word' id='word_1_158' title='bbox 545 2253 606 2299; x_wconf 94' lang='lat' dir='ltr'><strong>non</strong></span> <span class='ocrx_word' id='word_1_159' title='bbox 637 2239 686 2299; x_wconf 91' lang='lat' dir='ltr'><strong>est</strong></span> <span class='ocrx_word' id='word_1_160' title='bbox 713 2232 852 2319; x_wconf 91' lang='lat' dir='ltr'><strong>amplius</strong></span> <span class='ocrx_word' id='word_1_161' title='bbox 878 2234 907 2299; x_wconf 91' lang='lat' dir='ltr'><strong>ei</strong></span> <span class='ocrx_word' id='word_1_162' title='bbox 940 2234 986 2299; x_wconf 85' lang='lat' dir='ltr'><strong>rei</strong></span> <span class='ocrx_word' id='word_1_163' title='bbox 1018 2232 1119 2302; x_wconf 86' lang='lat' dir='ltr'><strong>loeus.</strong></span> <span class='ocrx_word' id='word_1_164' title='bbox 1168 2235 1274 2303; x_wconf 82' lang='lat' dir='ltr'><strong>liliam</strong></span> <span class='ocrx_word' id='word_1_165' title='bbox 1298 2255 1337 2303; x_wconf 91' lang='lat' dir='ltr'><strong>ca</strong></span> 
     </span>
     <span class='ocr_line' id='line_1_20' title="bbox 144 2336 1336 2431; baseline -0.001 -22"><span class='ocrx_word' id='word_1_166' title='bbox 144 2359 234 2431; x_wconf 79' lang='lat' dir='ltr'><strong>quae</strong></span> <span class='ocrx_word' id='word_1_167' title='bbox 254 2339 453 2431; x_wconf 88' lang='lat' dir='ltr'><strong>praecedunt</strong></span> <span class='ocrx_word' id='word_1_168' title='bbox 480 2338 563 2406; x_wconf 90' lang='lat' dir='ltr'><strong>banc</strong></span> <span class='ocrx_word' id='word_1_169' title='bbox 595 2338 753 2404; x_wconf 89' lang='lat' dir='ltr'><strong>rationem</strong></span> <span class='ocrx_word' id='word_1_170' title='bbox 777 2336 970 2405; x_wconf 81' lang='lat' dir='ltr'><strong>confirmant</strong></span> <span class='ocrx_word' id='word_1_171' title='bbox 997 2340 1064 2406; x_wconf 82' lang='lat' dir='ltr'><strong>sive</strong></span> <span class='ocrx_word' id='word_1_172' title='bbox 1088 2341 1244 2408; x_wconf 87' lang='lat' dir='ltr'><strong>retinebis</strong></span> <span class='ocrx_word' id='word_1_173' title='bbox 1267 2341 1336 2408; x_wconf 84' lang='lat' dir='ltr'><strong>vul·</strong></span> 
     </span>
     <span class='ocr_line' id='line_1_21' title="bbox 145 2441 1336 2535; baseline -0.002 -20"><span class='ocrx_word' id='word_1_174' title='bbox 145 2454 259 2535; x_wconf 64' lang='lat' dir='ltr'><strong>filim</strong></span> <span class='ocrx_word' id='word_1_175' title='bbox 283 2446 482 2533; x_wconf 78' lang='lat' dir='ltr'><strong>scripturam</strong></span> <span class='ocrx_word' id='word_1_176' title='bbox 512 2444 710 2511; x_wconf 68' lang='grc' dir='ltr'><strong><em>ἐκέλευσε</em></strong></span> <span class='ocrx_word' id='word_1_177' title='bbox 742 2444 814 2516; x_wconf 77' lang='grc' dir='ltr'><strong><em>τοὺς</em></strong></span> <span class='ocrx_word' id='word_1_178' title='bbox 844 2441 952 2511; x_wconf 79' lang='grc' dir='ltr'><strong><em>ἕνδεκα</em></strong></span> <span class='ocrx_word' id='word_1_179' title='bbox 982 2444 1034 2509; x_wconf 79' lang='grc' dir='ltr'><strong>ἐπὶ</strong></span> <span class='ocrx_word' id='word_1_180' title='bbox 1060 2447 1113 2513; x_wconf 83' lang='grc' dir='ltr'><strong>τὸν</strong></span> <span class='ocrx_word' id='word_1_181' title='bbox 1137 2448 1336 2529; x_wconf 78' lang='grc' dir='ltr'><strong><em>Θηραμένην,</em></strong></span> 
     </span>
     <span class='ocr_line' id='line_1_22' title="bbox 145 2547 1336 2637; baseline 0 -17"><span class='ocrx_word' id='word_1_182' title='bbox 145 2552 219 2621; x_wconf 75' lang='lat' dir='ltr'><strong>n&#39;rc</strong></span> <span class='ocrx_word' id='word_1_183' title='bbox 246 2570 375 2619; x_wconf 89' lang='lat' dir='ltr'><strong>mecum</strong></span> <span class='ocrx_word' id='word_1_184' title='bbox 408 2552 504 2618; x_wconf 90' lang='lat' dir='ltr'><strong>unice</strong></span> <span class='ocrx_word' id='word_1_185' title='bbox 533 2548 684 2637; x_wconf 90' lang='lat' dir='ltr'><strong>probabis</strong></span> <span class='ocrx_word' id='word_1_186' title='bbox 715 2547 870 2635; x_wconf 78' lang='lat' dir='ltr'><strong>Stephani</strong></span> <span class='ocrx_word' id='word_1_187' title='bbox 903 2549 1159 2617; x_wconf 84' lang='lat' dir='ltr'><strong>emendationem</strong></span> <span class='ocrx_word' id='word_1_188' title='bbox 1192 2551 1336 2621; x_wconf 60' lang='lat' dir='ltr'><strong>idaeos.</strong></span> 
     </span>
     <span class='ocr_line' id='line_1_23' title="bbox 146 2654 1337 2741; baseline 0.001 -16"><span class='ocrx_word' id='word_1_189' title='bbox 146 2654 302 2725; x_wconf 74' lang='lat' dir='ltr'><strong>Suaviter</strong></span> <span class='ocrx_word' id='word_1_190' title='bbox 319 2654 414 2723; x_wconf 90' lang='lat' dir='ltr'><strong>multi</strong></span> <span class='ocrx_word' id='word_1_191' title='bbox 434 2657 468 2721; x_wconf 91' lang='lat' dir='ltr'><strong>in</strong></span> <span class='ocrx_word' id='word_1_192' title='bbox 488 2655 608 2722; x_wconf 90' lang='lat' dir='ltr'><strong>talibus</strong></span> <span class='ocrx_word' id='word_1_193' title='bbox 625 2655 701 2721; x_wconf 78' lang='lat' dir='ltr'><strong>lber</strong></span> <span class='ocrx_word' id='word_1_194' title='bbox 719 2654 889 2740; x_wconf 77' lang='lat' dir='ltr'><strong>cogitando</strong></span> <span class='ocrx_word' id='word_1_195' title='bbox 910 2654 1123 2741; x_wconf 90' lang='lat' dir='ltr'><strong>supplendum</strong></span> <span class='ocrx_word' id='word_1_196' title='bbox 1144 2677 1214 2725; x_wconf 89' lang='lat' dir='ltr'><strong>esse</strong></span> <span class='ocrx_word' id='word_1_197' title='bbox 1232 2660 1337 2726; x_wconf 89' lang='lat' dir='ltr'><strong>aiunt.</strong></span> 
     </span>
     <span class='ocr_line' id='line_1_24' title="bbox 144 2758 1338 2847; baseline 0.001 -16"><span class='ocrx_word' id='word_1_198' title='bbox 144 2758 253 2847; x_wconf 73' lang='lat' dir='ltr'><strong>onem</strong></span> <span class='ocrx_word' id='word_1_199' title='bbox 285 2760 393 2829; x_wconf 91' lang='lat' dir='ltr'><strong>lecum</strong></span> <span class='ocrx_word' id='word_1_200' title='bbox 423 2760 464 2827; x_wconf 92' lang='lat' dir='ltr'><strong>ad</strong></span> <span class='ocrx_word' id='word_1_201' title='bbox 495 2760 527 2827; x_wconf 90' lang='lat' dir='ltr'><strong>id</strong></span> <span class='ocrx_word' id='word_1_202' title='bbox 558 2759 816 2827; x_wconf 80' lang='lat' dir='ltr'><strong>confirmandum</strong></span> <span class='ocrx_word' id='word_1_203' title='bbox 846 2779 958 2826; x_wconf 87' lang='lat' dir='ltr'><strong>omnes</strong></span> <span class='ocrx_word' id='word_1_204' title='bbox 986 2758 1126 2827; x_wconf 88' lang='lat' dir='ltr'><strong>alierum</strong></span> <span class='ocrx_word' id='word_1_205' title='bbox 1149 2782 1188 2829; x_wconf 88' lang='lat' dir='ltr'><strong>ex</strong></span> <span class='ocrx_word' id='word_1_206' title='bbox 1218 2765 1338 2832; x_wconf 85' lang='lat' dir='ltr'><strong>vicinia</strong></span> 
     </span>
     <span class='ocr_line' id='line_1_25' title="bbox 144 2864 1338 2952; baseline 0.001 -16"><span class='ocrx_word' id='word_1_207' title='bbox 144 2866 250 2937; x_wconf 76' lang='lat' dir='ltr'><strong>lbtu.</strong></span> <span class='ocrx_word' id='word_1_208' title='bbox 267 2871 322 2936; x_wconf 76' lang='lat'><strong>20.</strong></span> <span class='ocrx_word' id='word_1_209' title='bbox 346 2867 448 2935; x_wconf 88' lang='lat' dir='ltr'><strong>miror</strong></span> <span class='ocrx_word' id='word_1_210' title='bbox 470 2867 632 2933; x_wconf 87' lang='lat' dir='ltr'><strong>nerninem</strong></span> <span class='ocrx_word' id='word_1_211' title='bbox 652 2864 772 2932; x_wconf 76' lang='lat' dir='ltr'><strong>vidisse</strong></span> <span class='ocrx_word' id='word_1_212' title='bbox 790 2884 923 2952; x_wconf 92' lang='lat' dir='ltr'><strong>prorsus</strong></span> <span class='ocrx_word' id='word_1_213' title='bbox 942 2865 1120 2932; x_wconf 92' lang='lat' dir='ltr'><strong>absurdum</strong></span> <span class='ocrx_word' id='word_1_214' title='bbox 1140 2887 1220 2934; x_wconf 86' lang='lat' dir='ltr'><strong>esse.</strong></span> <span class='ocrx_word' id='word_1_215' title='bbox 1257 2869 1338 2937; x_wconf 91' lang='lat' dir='ltr'><strong>Vide</strong></span> 
     </span>
     <span class='ocr_line' id='line_1_26' title="bbox 143 2969 1336 3051; baseline 0 -10"><span class='ocrx_word' id='word_1_216' title='bbox 143 2970 261 3041; x_wconf 70' lang='lat' dir='ltr'><strong>natio:</strong></span> <span class='ocrx_word' id='word_1_217' title='bbox 290 2974 318 3039; x_wconf 87' lang='lat' dir='ltr'><strong>ol</strong></span> <span class='ocrx_word' id='word_1_218' title='bbox 339 2974 373 3039; x_wconf 75' lang='grc' dir='ltr'><strong>δὲ</strong></span> <span class='ocrx_word' id='word_1_219' title='bbox 395 2970 536 3050; x_wconf 78' lang='grc' dir='ltr'><strong><em>ἐξέτασον</em></strong></span> <span class='ocrx_word' id='word_1_220' title='bbox 559 2973 743 3047; x_wconf 76' lang='grc' dir='ltr'><strong><em>ποιήσαντες</em></strong></span> <span class='ocrx_word' id='word_1_221' title='bbox 770 2978 829 3036; x_wconf 78' lang='grc' dir='ltr'><strong>τῶν</strong></span> <span class='ocrx_word' id='word_1_222' title='bbox 859 2969 916 3047; x_wconf 70' lang='grc' dir='ltr'><strong>ἔξω</strong></span> <span class='ocrx_word' id='word_1_223' title='bbox 940 2978 994 3037; x_wconf 80' lang='grc' dir='ltr'><strong>τοῦ</strong></span> <span class='ocrx_word' id='word_1_224' title='bbox 1023 2973 1205 3051; x_wconf 72' lang='grc' dir='ltr'><strong><em>καταλόγου</em></strong></span> <span class='ocrx_word' id='word_1_225' title='bbox 1231 2974 1336 3041; x_wconf 76' lang='grc' dir='ltr'><strong><em>ἄλλων</em></strong></span> 
     </span>
     <span class='ocr_line' id='line_1_27' title="bbox 142 3072 1336 3161; baseline -0.001 -14"><span class='ocrx_word' id='word_1_226' title='bbox 142 3080 302 3161; x_wconf 55' lang='lat' dir='ltr'><strong>&amp;buxeti</strong></span> <span class='ocrx_word' id='word_1_227' title='bbox 333 3072 405 3145; x_wconf 74' lang='lat' dir='ltr'><strong>alre</strong></span> <span class='ocrx_word' id='word_1_228' title='bbox 434 3077 695 3151; x_wconf 68' lang='lat' dir='ltr'><strong>sotadeorum</strong></span> <span class='ocrx_word' id='word_1_229' title='bbox 727 3077 788 3142; x_wconf 73' lang='grc' dir='ltr'><strong>ἐπὶ</strong></span> <span class='ocrx_word' id='word_1_230' title='bbox 816 3076 866 3141; x_wconf 74' lang='grc' dir='ltr'><strong>τοὶ</strong></span> <span class='ocrx_word' id='word_1_231' title='bbox 895 3073 996 3142; x_wconf 76' lang='grc' dir='ltr'><strong><em>ὅπλα</em></strong></span> <span class='ocrx_word' id='word_1_232' title='bbox 1020 3079 1051 3142; x_wconf 79' lang='grc' dir='ltr'><strong>ἐν</strong></span> <span class='ocrx_word' id='word_1_233' title='bbox 1074 3072 1096 3158; x_wconf 79' lang='grc' dir='ltr'><strong><em>ᾧ</em></strong></span> <span class='ocrx_word' id='word_1_234' title='bbox 1120 3079 1225 3144; x_wconf 76' lang='grc' dir='ltr'><strong><em>ἐκεῖνοι</em></strong></span> <span class='ocrx_word' id='word_1_235' title='bbox 1256 3083 1336 3146; x_wconf 78' lang='grc' dir='ltr'><strong><em>οξπε-</em></strong></span> 
     </span>
     <span class='ocr_line' id='line_1_28' title="bbox 144 3178 1337 3268; baseline 0 -17"><span class='ocrx_word' id='word_1_236' title='bbox 144 3184 326 3261; x_wconf 63' lang='lat' dir='ltr'><strong>Maiiam</strong></span> <span class='ocrx_word' id='word_1_237' title='bbox 356 3182 541 3266; x_wconf 63' lang='grc' dir='ltr'><strong><em>πέμψαντες</em></strong></span> <span class='ocrx_word' id='word_1_238' title='bbox 569 3182 641 3255; x_wconf 81' lang='grc' dir='ltr'><strong><em>τοὺς</em></strong></span> <span class='ocrx_word' id='word_1_239' title='bbox 671 3182 815 3264; x_wconf 80' lang='grc' dir='ltr'><strong><em>Φρονροὺς</em></strong></span> <span class='ocrx_word' id='word_1_240' title='bbox 842 3181 886 3247; x_wconf 75' lang='grc' dir='ltr'><strong>τοὶ</strong></span> <span class='ocrx_word' id='word_1_241' title='bbox 918 3178 1004 3246; x_wconf 74' lang='grc' dir='ltr'><strong><em>ὅπλα</em></strong></span> <span class='ocrx_word' id='word_1_242' title='bbox 1035 3184 1226 3263; x_wconf 83' lang='grc' dir='ltr'><strong><em>παρείλοντο.</em></strong></span> <span class='ocrx_word' id='word_1_243' title='bbox 1274 3185 1337 3268; x_wconf 86' lang='lat' dir='ltr'><strong>Qui</strong></span> 
     </span>
     <span class='ocr_line' id='line_1_29' title="bbox 143 3282 1339 3374; baseline -0.001 -17"><span class='ocrx_word' id='word_1_244' title='bbox 143 3286 233 3357; x_wconf 73' lang='lat' dir='ltr'><strong>hee</strong></span> <span class='ocrx_word' id='word_1_245' title='bbox 252 3290 324 3357; x_wconf 82' lang='lat' dir='ltr'><strong>siue</strong></span> <span class='ocrx_word' id='word_1_246' title='bbox 342 3290 411 3355; x_wconf 89' lang='lat' dir='ltr'><strong>risu</strong></span> <span class='ocrx_word' id='word_1_247' title='bbox 431 3288 537 3374; x_wconf 82' lang='lat' dir='ltr'><strong>legere</strong></span> <span class='ocrx_word' id='word_1_248' title='bbox 558 3293 661 3374; x_wconf 90' lang='lat' dir='ltr'><strong>potest</strong></span> <span class='ocrx_word' id='word_1_249' title='bbox 678 3284 839 3365; x_wconf 74' lang='grc' dir='ltr'><strong><em>αγελαςός</em></strong></span> <span class='ocrx_word' id='word_1_250' title='bbox 858 3311 907 3359; x_wconf 77' lang='grc' dir='ltr'><strong>τις</strong></span> <span class='ocrx_word' id='word_1_251' title='bbox 932 3282 1012 3353; x_wconf 72' lang='grc' dir='ltr'><strong><em>εἶναι</em></strong></span> <span class='ocrx_word' id='word_1_252' title='bbox 1033 3312 1084 3367; x_wconf 91' lang='grc' dir='ltr'><strong><em>μοι</em></strong></span> <span class='ocrx_word' id='word_1_253' title='bbox 1104 3289 1200 3368; x_wconf 79' lang='grc' dir='ltr'><strong><em>δοκεῖ,</em></strong></span> <span class='ocrx_word' id='word_1_254' title='bbox 1223 3298 1281 3355; x_wconf 91' lang='lat' dir='ltr'><strong>ant</strong></span> <span class='ocrx_word' id='word_1_255' title='bbox 1306 3290 1339 3357; x_wconf 92' lang='lat' dir='ltr'><strong>id</strong></span> 
     </span>
     <span class='ocr_line' id='line_1_30' title="bbox 143 3390 1340 3483; baseline 0.003 -22"><span class='ocrx_word' id='word_1_256' title='bbox 143 3390 239 3483; x_wconf 74' lang='lat' dir='ltr'><strong>&#39;qued</strong></span> <span class='ocrx_word' id='word_1_257' title='bbox 257 3394 416 3482; x_wconf 78' lang='lat' dir='ltr'><strong>scriptum</strong></span> <span class='ocrx_word' id='word_1_258' title='bbox 437 3403 488 3461; x_wconf 91' lang='lat' dir='ltr'><strong>est</strong></span> <span class='ocrx_word' id='word_1_259' title='bbox 512 3412 575 3460; x_wconf 91' lang='lat' dir='ltr'><strong>non</strong></span> <span class='ocrx_word' id='word_1_260' title='bbox 588 3391 777 3477; x_wconf 80' lang='lat' dir='ltr'><strong>intelligere.</strong></span> <span class='ocrx_word' id='word_1_261' title='bbox 812 3391 947 3458; x_wconf 85' lang='lat' dir='ltr'><strong>Gravem</strong></span> <span class='ocrx_word' id='word_1_262' title='bbox 969 3392 1184 3479; x_wconf 84' lang='lat' dir='ltr'><strong>corruptelam</strong></span> <span class='ocrx_word' id='word_1_263' title='bbox 1208 3394 1340 3464; x_wconf 88' lang='lat' dir='ltr'><strong>subesse</strong></span> 
     </span>
     <span class='ocr_line' id='line_1_31' title="bbox 146 3496 1340 3587; baseline -0.002 -18"><span class='ocrx_word' id='word_1_264' title='bbox 146 3508 184 3569; x_wconf 78' lang='lat' dir='ltr'><strong>at</strong></span> <span class='ocrx_word' id='word_1_265' title='bbox 207 3498 366 3567; x_wconf 73' lang='lat' dir='ltr'><strong>excidisse</strong></span> <span class='ocrx_word' id='word_1_266' title='bbox 389 3498 542 3565; x_wconf 91' lang='lat' dir='ltr'><strong>nonnulla</strong></span> <span class='ocrx_word' id='word_1_267' title='bbox 565 3496 773 3565; x_wconf 81' lang='lat' dir='ltr'><strong>manifestum</strong></span> <span class='ocrx_word' id='word_1_268' title='bbox 794 3504 854 3564; x_wconf 85' lang='lat' dir='ltr'><strong>cst.</strong></span> <span class='ocrx_word' id='word_1_269' title='bbox 880 3496 1025 3583; x_wconf 83' lang='lat' dir='ltr'><strong>Namque</strong></span> <span class='ocrx_word' id='word_1_270' title='bbox 1043 3518 1095 3565; x_wconf 89' lang='lat' dir='ltr'><strong>res</strong></span> <span class='ocrx_word' id='word_1_271' title='bbox 1108 3499 1175 3585; x_wconf 91' lang='lat' dir='ltr'><strong>ipsa</strong></span> <span class='ocrx_word' id='word_1_272' title='bbox 1195 3500 1340 3587; x_wconf 92' lang='lat' dir='ltr'><strong>loquitur</strong></span> 
     </span>
    </p>
   </div>
   <div class='ocr_carea' id='block_1_5' title="bbox 146 3599 1342 3675">
    <p class='ocr_par' dir='ltr' id='par_1_6' title="bbox 146 3599 1342 3675">
     <span class='ocr_line' id='line_1_32' title="bbox 146 3599 1342 3675; baseline -0.001 0"><span class='ocrx_word' id='word_1_273' title='bbox 146 3624 219 3675; x_wconf 79' lang='lat' dir='ltr'><strong>m</strong></span> <span class='ocrx_word' id='word_1_274' title='bbox 239 3624 312 3673; x_wconf 81' lang='lat' dir='ltr'><strong>case</strong></span> <span class='ocrx_word' id='word_1_275' title='bbox 333 3604 405 3672; x_wconf 89' lang='lat' dir='ltr'><strong>illos</strong></span> <span class='ocrx_word' id='word_1_276' title='bbox 427 3606 533 3671; x_wconf 82' lang='lat' dir='ltr'><strong>iussos</strong></span> <span class='ocrx_word' id='word_1_277' title='bbox 554 3604 605 3669; x_wconf 73' lang='lat' dir='ltr'><strong>iel</strong></span> <span class='ocrx_word' id='word_1_278' title='bbox 628 3603 672 3669; x_wconf 80' lang='grc' dir='ltr'><strong>τοὶ</strong></span> <span class='ocrx_word' id='word_1_279' title='bbox 699 3599 785 3667; x_wconf 70' lang='grc' dir='ltr'><strong><em>ὅπλα</em></strong></span> <span class='ocrx_word' id='word_1_280' title='bbox 815 3603 892 3670; x_wconf 74' lang='grc' dir='ltr'><strong><em>ἱέναι</em></strong></span> <span class='ocrx_word' id='word_1_281' title='bbox 916 3603 971 3668; x_wconf 89' lang='lat' dir='ltr'><strong>scd</strong></span> <span class='ocrx_word' id='word_1_282' title='bbox 999 3614 1112 3671; x_wconf 90' lang='lat' dir='ltr'><strong>contra</strong></span> <span class='ocrx_word' id='word_1_283' title='bbox 1135 3604 1267 3674; x_wconf 91' lang='lat' dir='ltr'><strong>subdole</strong></span> <span class='ocrx_word' id='word_1_284' title='bbox 1291 3629 1342 3674; x_wconf 91' lang='lat' dir='ltr'><strong>re·</strong></span> 
     </span>
    </p>
   </div>
   <div class='ocr_carea' id='block_1_6' title="bbox 143 3707 1340 4428">
    <p class='ocr_par' dir='ltr' id='par_1_7' title="bbox 143 3707 1340 4428">
     <span class='ocr_line' id='line_1_33' title="bbox 147 3707 1339 3801; baseline 0.002 -24"><span class='ocrx_word' id='word_1_285' title='bbox 147 3718 279 3801; x_wconf 78' lang='lat' dir='ltr'><strong>pettam</strong></span> <span class='ocrx_word' id='word_1_286' title='bbox 306 3730 377 3779; x_wconf 86' lang='lat' dir='ltr'><strong>esse</strong></span> <span class='ocrx_word' id='word_1_287' title='bbox 399 3709 540 3797; x_wconf 85' lang='lat' dir='ltr'><strong>aliquam</strong></span> <span class='ocrx_word' id='word_1_288' title='bbox 569 3708 750 3786; x_wconf 79' lang='lat' dir='ltr'><strong>fallaciam,</strong></span> <span class='ocrx_word' id='word_1_289' title='bbox 782 3728 866 3793; x_wconf 85' lang='lat' dir='ltr'><strong>quae</strong></span> <span class='ocrx_word' id='word_1_290' title='bbox 891 3707 962 3774; x_wconf 87' lang='lat' dir='ltr'><strong>illos</strong></span> <span class='ocrx_word' id='word_1_291' title='bbox 991 3710 1156 3796; x_wconf 90' lang='lat' dir='ltr'><strong>impulerit</strong></span> <span class='ocrx_word' id='word_1_292' title='bbox 1186 3713 1250 3778; x_wconf 79' lang='grc' dir='ltr'><strong><em>ιὶπδ</em></strong></span> <span class='ocrx_word' id='word_1_293' title='bbox 1280 3721 1339 3779; x_wconf 79' lang='grc' dir='ltr'><strong>τῶν</strong></span> 
     </span>
     <span class='ocr_line' id='line_1_34' title="bbox 145 3812 1339 3902; baseline -0.001 -17"><span class='ocrx_word' id='word_1_294' title='bbox 145 3812 257 3885; x_wconf 69' lang='lat' dir='ltr'><strong>hacc</strong></span> <span class='ocrx_word' id='word_1_295' title='bbox 282 3816 419 3883; x_wconf 67' lang='lat' dir='ltr'><strong>leidrat.</strong></span> <span class='ocrx_word' id='word_1_296' title='bbox 472 3814 627 3902; x_wconf 84' lang='lat' dir='ltr'><strong>Compara</strong></span> <span class='ocrx_word' id='word_1_297' title='bbox 656 3814 689 3878; x_wconf 93' lang='lat' dir='ltr'><strong>id</strong></span> <span class='ocrx_word' id='word_1_298' title='bbox 721 3812 806 3898; x_wconf 88' lang='lat' dir='ltr'><strong>quod</strong></span> <span class='ocrx_word' id='word_1_299' title='bbox 840 3812 915 3879; x_wconf 86' lang='lat' dir='ltr'><strong>iecit</strong></span> <span class='ocrx_word' id='word_1_300' title='bbox 950 3814 1138 3881; x_wconf 84' lang='lat' dir='ltr'><strong>Pisistratus</strong></span> <span class='ocrx_word' id='word_1_301' title='bbox 1173 3819 1339 3892; x_wconf 73' lang='grc' dir='ltr'><strong><em>Ἀθηναίων</em></strong></span> 
     </span>
     <span class='ocr_line' id='line_1_35' title="bbox 146 3916 1339 4009; baseline 0.001 -21"><span class='ocrx_word' id='word_1_302' title='bbox 146 3922 341 4005; x_wconf 70' lang='grc' dir='ltr'><strong><em>βουλομινος</em></strong></span> <span class='ocrx_word' id='word_1_303' title='bbox 370 3922 415 3988; x_wconf 76' lang='grc' dir='ltr'><strong>τα</strong></span> <span class='ocrx_word' id='word_1_304' title='bbox 442 3916 529 3987; x_wconf 78' lang='grc' dir='ltr'><strong><em>ὅπλα</em></strong></span> <span class='ocrx_word' id='word_1_305' title='bbox 559 3919 747 4001; x_wconf 71' lang='grc' dir='ltr'><strong><em>παρελέσθαι</em></strong></span> <span class='ocrx_word' id='word_1_306' title='bbox 777 3917 862 4005; x_wconf 91' lang='lat' dir='ltr'><strong>apud</strong></span> <span class='ocrx_word' id='word_1_307' title='bbox 894 3919 1089 4008; x_wconf 82' lang='lat' dir='ltr'><strong>Polyaenum</strong></span> <span class='ocrx_word' id='word_1_308' title='bbox 1119 3919 1230 3987; x_wconf 85' lang='lat' dir='ltr'><strong>l.xx1.</strong></span> <span class='ocrx_word' id='word_1_309' title='bbox 1266 3928 1339 4009; x_wconf 67' lang='lat'><strong>§2</strong></span> 
     </span>
     <span class='ocr_line' id='line_1_36' title="bbox 146 4024 1340 4115; baseline 0 -18"><span class='ocrx_word' id='word_1_310' title='bbox 146 4024 217 4097; x_wconf 70' lang='grc' dir='ltr'>Η</span> <span class='ocrx_word' id='word_1_311' title='bbox 238 4024 510 4115; x_wconf 81' lang='lat' dir='ltr'><strong>quemadmodum</strong></span> <span class='ocrx_word' id='word_1_312' title='bbox 539 4024 617 4092; x_wconf 89' lang='lat' dir='ltr'><strong>bace</strong></span> <span class='ocrx_word' id='word_1_313' title='bbox 638 4024 834 4111; x_wconf 82' lang='lat' dir='ltr'><strong>expedienda</strong></span> <span class='ocrx_word' id='word_1_314' title='bbox 856 4024 922 4091; x_wconf 87' lang='lat' dir='ltr'><strong>sint</strong></span> <span class='ocrx_word' id='word_1_315' title='bbox 946 4044 1032 4090; x_wconf 93' lang='lat' dir='ltr'><strong>nunc</strong></span> <span class='ocrx_word' id='word_1_316' title='bbox 1052 4045 1114 4090; x_wconf 94' lang='lat' dir='ltr'><strong>non</strong></span> <span class='ocrx_word' id='word_1_317' title='bbox 1135 4046 1204 4112; x_wconf 86' lang='lat' dir='ltr'><strong>ago.</strong></span> <span class='ocrx_word' id='word_1_318' title='bbox 1253 4028 1340 4097; x_wconf 87' lang='lat' dir='ltr'><strong>Satis</strong></span> 
     </span>
     <span class='ocr_line' id='line_1_37' title="bbox 143 4127 1337 4203; baseline 0.002 -2"><span class='ocrx_word' id='word_1_319' title='bbox 143 4130 276 4201; x_wconf 64' lang='lat' dir='ltr'><strong>utem</strong></span> <span class='ocrx_word' id='word_1_320' title='bbox 306 4132 335 4199; x_wconf 88' lang='lat' dir='ltr'><strong>si</strong></span> <span class='ocrx_word' id='word_1_321' title='bbox 365 4150 461 4199; x_wconf 87' lang='lat' dir='ltr'><strong>nemo</strong></span> <span class='ocrx_word' id='word_1_322' title='bbox 492 4130 552 4197; x_wconf 92' lang='lat' dir='ltr'><strong>boe</strong></span> <span class='ocrx_word' id='word_1_323' title='bbox 581 4129 651 4197; x_wconf 93' lang='lat' dir='ltr'><strong>loco</strong></span> <span class='ocrx_word' id='word_1_324' title='bbox 681 4130 836 4196; x_wconf 90' lang='lat' dir='ltr'><strong>abutetur</strong></span> <span class='ocrx_word' id='word_1_325' title='bbox 867 4127 908 4194; x_wconf 90' lang='lat' dir='ltr'><strong>ad</strong></span> <span class='ocrx_word' id='word_1_326' title='bbox 942 4127 1229 4201; x_wconf 86' lang='lat' dir='ltr'><strong>demonstrandum</strong></span> <span class='ocrx_word' id='word_1_327' title='bbox 1261 4137 1337 4203; x_wconf 76' lang='lat' dir='ltr'><strong>ilem</strong></span> 
     </span>
     <span class='ocr_line' id='line_1_38' title="bbox 145 4232 1337 4325; baseline 0.003 -20"><span class='ocrx_word' id='word_1_328' title='bbox 145 4232 317 4325; x_wconf 66' lang='lat' dir='ltr'><strong>demist·</strong></span> <span class='ocrx_word' id='word_1_329' title='bbox 344 4236 450 4303; x_wconf 77' lang='lat' dir='ltr'><strong>emilii</strong></span> <span class='ocrx_word' id='word_1_330' title='bbox 478 4236 651 4303; x_wconf 68' lang='lat' dir='ltr'><strong>inusitatior</strong></span> <span class='ocrx_word' id='word_1_331' title='bbox 682 4236 734 4302; x_wconf 74' lang='grc' dir='ltr'><strong>ἐπὶ</strong></span> <span class='ocrx_word' id='word_1_332' title='bbox 765 4236 808 4302; x_wconf 75' lang='grc' dir='ltr'><strong>τοὶ</strong></span> <span class='ocrx_word' id='word_1_333' title='bbox 839 4232 935 4302; x_wconf 70' lang='grc' dir='ltr'><strong><em>ὅπλα.</em></strong></span> <span class='ocrx_word' id='word_1_334' title='bbox 991 4245 1107 4303; x_wconf 83' lang='grc' dir='ltr'><strong><em>Καλεῖν</em></strong></span> <span class='ocrx_word' id='word_1_335' title='bbox 1131 4241 1201 4315; x_wconf 82' lang='grc' dir='ltr'><strong><em>τοὺς</em></strong></span> <span class='ocrx_word' id='word_1_336' title='bbox 1230 4239 1337 4310; x_wconf 80' lang='grc' dir='ltr'><strong><em>ἕνδεκα</em></strong></span> 
     </span>
     <span class='ocr_line' id='line_1_39' title="bbox 144 4340 1337 4428; baseline 0.005 -21"><span class='ocrx_word' id='word_1_337' title='bbox 144 4344 203 4411; x_wconf 67' lang='grc' dir='ltr'><strong>διδ</strong></span> <span class='ocrx_word' id='word_1_338' title='bbox 237 4344 291 4411; x_wconf 69' lang='lat' dir='ltr'><strong>clv</strong></span> <span class='ocrx_word' id='word_1_339' title='bbox 322 4340 503 4425; x_wconf 70' lang='grc' dir='ltr'><strong><em>θηραμένην</em></strong></span> <span class='ocrx_word' id='word_1_340' title='bbox 538 4343 616 4428; x_wconf 88' lang='lat' dir='ltr'><strong>qrrio</strong></span> <span class='ocrx_word' id='word_1_341' title='bbox 652 4341 832 4408; x_wconf 90' lang='lat' dir='ltr'><strong>rectissime</strong></span> <span class='ocrx_word' id='word_1_342' title='bbox 867 4340 996 4407; x_wconf 91' lang='lat' dir='ltr'><strong>dicatur</strong></span> <span class='ocrx_word' id='word_1_343' title='bbox 1026 4360 1120 4409; x_wconf 94' lang='lat' dir='ltr'><strong>nemo</strong></span> <span class='ocrx_word' id='word_1_344' title='bbox 1155 4344 1337 4415; x_wconf 89' lang='lat' dir='ltr'><strong>dubitabit:</strong></span> 
     </span>
    </p>
   </div>
   <div class='ocr_carea' id='block_1_7' title="bbox 1394 4551 1462 4724">
    <p class='ocr_par' dir='ltr' id='par_1_8' title="bbox 1394 4551 1462 4724">
     <span class='ocr_line' id='line_1_40' title="bbox 1394 4551 1462 4724; baseline 0 0"><span class='ocrx_word' id='word_1_345' title='bbox 1394 4551 1462 4724; x_wconf 78' lang='lat' dir='ltr'><strong><em>s</em></strong></span> 
     </span>
    </p>
   </div>
   <div class='ocr_carea' id='block_1_8' title="bbox 0 0 1475 5010">
    <p class='ocr_par' dir='ltr' id='par_1_9' title="bbox 0 0 1475 5010">
     <span class='ocr_line' id='line_1_41' title="bbox 0 0 1475 5010; baseline 0 0"><span class='ocrx_word' id='word_1_346' title='bbox 0 0 1475 5010; x_wconf 95' lang='lat' dir='ltr'><strong> </strong></span> 
     </span>
    </p>
   </div>
  </div>
 </body>
</html>
