2940 5010
664 304 727 367 257

283 478 376 557 κὶμοί
399 476 487 555 λέγει
511 478 568 557 μὲν
590 479 625 541 ot
647 483 758 560 σιιφῶς
770 525 779 555 ,
804 478 892 555 λέγει
915 479 946 542 δέ
970 504 1055 557 πως,

280 585 364 663 ἡμᾶς
385 583 444 661 μίν
466 581 568 657 ἄλλην
591 588 689 660 petav
713 582 858 665 εὑρίσκειν
886 582 975 659 raud,

281 688 375 761 αὐτὸς
396 686 429 753 δὲ
456 694 553 753 coium
575 686 666 763 τήνδε
696 689 721 767 β
729 688 900 754 ιύλετκι
932 688 1048 770 χίίνιι,

133 790 341 873 &Dilecto
363 800 451 859 certa
475 790 697 859 emendatione
720 794 865 859 restituit
887 793 1011 880 primus
1034 792 1204 874 lleishius,
1227 795 1283 862 de·

131 894 187 965 init
200 894 267 975 uit,
289 895 345 963 scd
364 914 460 964 nemo
478 916 549 964 eam
572 898 709 983 recepit,
733 898 823 984 quasi
842 897 971 983 vulgata
993 897 1087 965 lectio
1108 897 1171 965 ullo
1187 910 1281 985 pacto

129 1002 222 1069 artari
249 1009 308 1069 aut
334 1003 483 1069 excusari
510 1011 627 1089 posset.
675 1001 758 1069 llaec
788 1023 914 1089 quoque
938 1024 995 1089 per
1017 1002 1146 1070 voculas
1168 1006 1225 1084 μὲν
1248 1013 1282 1072 ct

129 1104 207 1173 ileo
224 1107 399 1195 composita
421 1115 518 1185 suut,
542 1116 580 1175 ut
598 1106 687 1187 λέγει
706 1147 752 1161 --
766 1109 934 1187 βούλεσθαι
957 1108 1052 1183 corde
1079 1130 1141 1175 nou
1171 1110 1281 1177 miuus

127 1210 177 1279 ulti
191 1212 272 1279 iuter
293 1232 329 1279 se
346 1210 569 1298 coniungenda
589 1232 686 1299 quam
716 1215 804 1293 λέγει
827 1216 911 1293 ἡμᾶς
938 1216 1103 1297 εὑρίσκειν,
1136 1213 1192 1281 sed
1215 1235 1281 1281 nou

128 1314 267 1407 ψεῖ
291 1315 543 1396 homunciones,
574 1317 653 1405 quid
675 1326 760 1385 essct
788 1324 873 1398 ἡμᾶς
901 1321 959 1399 μὲν
985 1320 1153 1402 εὑρίσκειν,
1185 1322 1280 1394 αὐτὸς

127 1420 339 1503 limaretur,
361 1424 513 1509 quoniam
536 1424 596 1510 ipsi
618 1424 650 1489 in
674 1423 793 1491 talibus
811 1432 924 1491 contra
946 1426 1097 1512 antiquae
1120 1424 1282 1491 Graecita-

129 1526 288 1597 l'ncrtam
313 1526 416 1616 legem
438 1528 586 1595 αὑτὸνδὲ
613 1529 782 1609 βιύλεσίινι
807 1529 1008 1618 negligenter
1030 1529 1197 1608 dicebaut,
1229 1529 1282 1597 de·

130 1630 184 1701 hta
208 1634 323 1701 inscite
353 1642 493 1700 veterem
526 1653 620 1731 usum
653 1634 890 1721 depravabant,
921 1636 1015 1701 cuius
1042 1635 1090 1701 rei
1118 1634 1284 1723 complura

128 1736 243 1827 mpla
269 1738 305 1805 iu
328 1738 433 1826 priore
456 1746 547 1826 parte
569 1742 815 1826 enpromsirnus.
862 1739 1073 1807 Peridoneum
1098 1739 1281 1828 exemplum

128 1838 195 1911 ὧν
210 1842 326 1911 allerre
347 1843 525 1910 Dohraeum
546 1842 586 1909 ad
604 1843 636 1911 h.
649 1843 669 1910 l.
694 1864 733 1911 ex
749 1845 973 1912 Demosthenis
990 1845 1130 1912 llidiaua
1153 1867 1183 1932 p.
1197 1850 1281 1925 580,

129 1948 292 2033 &radgero
325 1952 409 2029 ἡμᾶς
439 1950 497 2029 μὲν
523 1948 685 2026 ιίνέξεσίσιί
709 1975 778 2030 σιν,
805 1952 899 2024 αὐτὸς
922 1952 954 2017 δὲ
984 1954 1175 2029 roardum
1210 1951 1282 2019 Alia

128 2052 255 2139 padum
278 2050 463 2120 Diodorfius
484 2056 633 2141 apposuit
652 2054 871 2142 Xenophontis
892 2054 1014 2123 llelleu.
1036 2056 1075 2123 ll.
1099 2079 1119 2123 r.
1144 2061 1196 2122 26.
1221 2060 1280 2123 ιιύ·

128 2158 171 2225 ειί
195 2160 255 2241 νίιρ
282 2164 334 2226 νῦν
356 2170 544 2242 ςρνινκγεῖν,
576 2164 630 2226 οὐκ
652 2160 784 2235 ἐκεῖνον,
817 2160 870 2226 uhi
896 2162 999 2227 maior
1023 2182 1098 2247 pars
1126 2161 1280 2229 librorum

127 2264 214 2339 drale
232 2264 297 2345 νιίρ
319 2264 456 2331 exhibet.
504 2264 591 2330 ldem
617 2266 649 2330 in
674 2267 829 2333 similive
853 2267 1058 2333 Demostheni
1083 2265 1281 2333 reddidimus

127 2364 216 2457 ’βίῃ
238 2374 336 2437 1080.
360 2370 454 2443 αὐτὸς
479 2370 630 2451 κρίνεσίιιι
654 2371 707 2436 eal
732 2374 787 2450 ἐμὲ
811 2373 915 2451 λέγειν
938 2374 970 2437 ἐν
992 2374 1085 2452 ὑμῖν,
1110 2371 1163 2438 uhi
1186 2375 1281 2440 adria

127 2472 268 2553 Μαι,
287 2474 373 2563 quod
395 2474 427 2540 iu
439 2472 589 2540 omnihus
608 2474 699 2541 liluis
712 2477 897 2563 est,quihus
909 2475 1282 2545 deheaturmauilestum

128 2586 168 2646 ΙΙ.
186 2578 301 2669 Nempe
321 2580 456 2656 iisdem,
484 2580 540 2667 qui
553 2580 703 2647 llerodoti
724 2580 829 2647 locum
842 2582 869 2650 l.
883 2587 938 2649 no.
962 2585 1009 2650 sic
1028 2581 1281 2668 interpolaruut:

127 2678 231 2769 θείζνν
243 2688 364 2767 ἥμίννσν
383 2685 506 2764 caldarole
518 2688 588 2753 σίνε*
599 2687 703 2767 ἀνδρὸς
715 2688 916 2767 βιισιλεύσειν
928 2691 1052 2764 Μήδων.
1063 2688 1125 2754 οὐδ’
1137 2683 1175 2753 ὦν
1187 2690 1282 2762 αὐτὸς

128 2786 174 2857 ddi
190 2794 216 2859 ti
230 2788 267 2869 ίξ
283 2796 380 2859 αὑτοῦ
399 2791 575 2857 reticerent
590 2816 662 2858 κιτε
680 2801 737 2868 τῆς
757 2794 858 2874 ἀρχῆς
884 2812 940 2879 pro
958 2795 1025 2860 οὐδὲ
1036 2794 1106 2865 τοὺς
1119 2790 1154 2868 ἐξ
1164 2797 1281 2860 αὐτοῦς

128 2906 171 2961 Ι
190 2894 250 2963 vidi
281 2896 375 2965 lacile
407 2896 486 2963 alias
507 2906 574 2964 tam
608 2898 749 2964 humane
773 2898 804 2962 iu
837 2896 895 2963 hoc
924 2918 1040 2985 genere
1069 2898 1196 2963 vitium.
1243 2900 1281 2965 ln

127 2994 258 3089 filaque
288 3002 321 3067 in
345 3002 539 3069 contrariam
567 3011 690 3088 partem
721 3002 811 3068 video
840 3005 965 3089 peccari
998 3012 1029 3070 et
1060 3003 1281 3071 accusativum

127 3106 295 3175 utmaivo
326 3106 502 3185 substitui,
537 3117 574 3174 ut
598 3108 683 3195 apud
715 3106 923 3175 Plutarchum
957 3110 989 3173 in
1020 3107 1134 3173 Crasso
1157 3108 1281 3177 xxttt:

125 3206 200 3289 ῧίγνι
222 3214 430 3292 ἀπήγγειλαν
461 3214 658 3280 σίπιλνιλίνιιι
686 3216 757 3287 τσὺς
785 3213 901 3289 ἄλλους
926 3214 984 3279 ὑπὸ
1015 3220 1074 3279 τῶν
1105 3216 1281 3294 πολεμίων,

124 3314 211 3393 drale
231 3318 264 3385 δὲ
285 3318 377 3397 adan
400 3318 574 3400 ἐκφυγεῖν,
599 3339 661 3385 nou
686 3328 735 3386 est
754 3318 948 3385 Plutarchus
971 3326 1037 3384 tam
1061 3317 1227 3405 negligens
1250 3329 1283 3387 et

123 3414 288 3491 &aecimis
316 3424 469 3509 ignarus,
502 3432 539 3490 ut
563 3445 625 3490 non
648 3426 815 3511 scripserit
838 3426 925 3491 edroi
948 3424 991 3490 ll.
1038 3424 1182 3491 Grassati
1204 3436 1281 3493 suut

122 3526 219 3611 piter
240 3528 274 3593 iu
297 3526 359 3593 hoc
381 3548 498 3613 genere
522 3532 554 3594 in
578 3528 727 3596 omnihus
750 3529 982 3616 scriptoribus,
1008 3530 1158 3616 optimis,
1182 3533 1280 3617 pessi·

122 3630 174 3701 B'.
214 3630 308 3719 hpud
339 3632 583 3700 Demosthenem
615 3635 654 3701 de
687 3635 722 3701 F.
743 3636 779 3702 h.
814 3655 845 3722 p.
867 3638 954 3711 384,
979 3638 1032 3700 24.
1068 3634 1101 3701 iu
1132 3636 1282 3703 omnihus

122 3732 265 3807 Uibilius
283 3746 350 3806 cel:
372 3736 446 3815 ὅλην
466 3765 503 3806 σε
522 3742 578 3817 rio
601 3741 690 3807 πόλιν
710 3739 786 3806 οὕτω
807 3740 859 3806 κιιί
883 3744 971 3822 σφᾶς
987 3740 1163 3819 ὦμνλίγσνν
1185 3742 1282 3823 ὑπιίρ-

122 3838 164 3915 'au
180 3844 290 3927 aurp,
316 3864 401 3911 unus
424 3853 551 3911 tautum
579 3844 633 3912 sed
658 3844 751 3932 louge
773 3847 914 3932 optimus
935 3847 987 3911 κιιὶ
1013 3852 1105 3929 σφεῖς
1130 3848 1281 3913 servavit.

122 3944 200 4017 lein
222 3950 362 4037 Diogene
391 3949 518 4017 haertiu
540 3950 670 4036 quidem
702 3960 772 4017 orat
793 3949 960 4018 terendum
981 3950 1021 4015 ll.
1046 3955 1100 4017 54.
1135 3952 1227 4031 ἔλεγε
1250 3953 1281 4018 δὲ

122 4054 293 4145 Βερνίκης)
316 4056 388 4130 τοὺς
410 4058 468 4135 μὲν
490 4054 606 4130 ἄλλους
629 4058 799 4139 ιίνίριίσσνς
823 4058 875 4139 ζῆν
899 4054 935 4121 ἵν’
958 4056 1101 4132 ε’σίίσιεν,
1133 4057 1283 4122 αὑτὸνδὲ

122 4162 205 4231 atton
226 4158 278 4229 ίνσ
297 4160 376 4245 (dp,
401 4162 574 4247 proculeio
603 4164 635 4228 δέ
656 4171 688 4229 ct
711 4160 760 4229 ίνσι
784 4162 842 4245 ζῴη
857 4168 878 4226 ¹.
927 4159 1015 4227 tuem
1039 4158 1153 4226 vitium
1178 4161 1210 4226 in
1233 4182 1282 4229 eo·

134 4398 159 4479 Ι)
189 4408 262 4461 dolat
290 4410 430 4463 acribarum
451 4414 520 4465 notio
547 4400 620 4478 ζῴης
641 4420 667 4465 et
688 4402 745 4477 ζῴη
768 4416 804 4465 εἰσ
825 4414 960 4480 depravere
988 4413 1013 4459 in
1037 4398 1109 4477 ζώίίς
1131 4420 1157 4461 ⁰2
1177 4402 1234 4478 ζὼν
1254 4422 1281 4463 ⁰²
