2940 5010
693 319 756 383 755

310 492 443 577 Φεθγειν
464 495 522 572 μὲν
545 495 598 559 οῦκ
622 495 749 560 ἀνεκτὸν
771 493 831 558 οὐδ’
855 494 1020 573 εἰώθαμεν·

309 601 362 666 τὸν
384 603 439 665 τοῦ
461 601 526 664 θεοῦ
550 601 582 665 δὲ
604 602 746 681 χρησμὸν
769 603 806 666 οῦ
830 600 1018 669 κακιςέον.

175 700 376 790 intelligisne
399 704 476 791 quid
496 706 538 770 sit
561 708 594 771 οῦ
617 705 807 774 κακιςὲον
831 706 883 771 τὸν
904 704 1066 787 χρητμθνί
1100 705 1167 771 Non
1190 707 1313 792 opinor.

125 808 271 892 Κικίζειν
301 818 350 877 est
377 812 538 891 λοιδορεῖν,
570 813 672 884 κακῶς
696 810 817 888 λέγειν,
850 821 882 876 et
912 811 1091 892 κακίζεσθαι
1127 810 1222 877 κακθν
1245 814 1313 879 sive

125 914 228 983 ueste
250 910 348 982 einai:
383 917 492 1002 itaque
515 918 548 981 ni
573 917 712 984 κακιτέον
736 925 791 980 ent
814 916 983 995 τολμητέον
1013 915 1174 1002 significat
1199 924 1256 982 atrt
1281 922 1315 985 οῦ

126 1020 323 1103 λοιδορητθον.
369 1019 527 1087 Neutrum
560 1019 673 1086 horum
708 1021 882 1108 quidquem
908 1019 984 1086 iecit
1007 1020 1047 1086 ed
1072 1041 1152 1087 rem.
1200 1021 1315 1088 Emen-

127 1122 272 1192 dtndum
306 1145 379 1193 esse*
407 1145 520 1192 censeo
548 1129 601 1192 οῦκ
632 1127 816 1203 ἀτιςέον,
852 1145 990 1213 namque
1019 1128 1072 1192 τὸν
1095 1129 1237 1209 χρησμὸν
1260 1131 1314 1194 οῦκ

125 1229 247 1314 ἀτίζειν
279 1229 389 1297 eodem
422 1250 519 1298 sensu
553 1231 617 1297 dici
654 1241 751 1318 utque
784 1234 925 1314 χρησμὸν
958 1231 1073 1314 ηζθμην
1106 1234 1194 1310 θεοῦ,
1229 1233 1315 1319 quod

125 1334 270 1403 nondum
301 1337 442 1422 poenitet
475 1338 656 1422 reposuisse
688 1339 720 1402 in
754 1335 932 1402 Heraclidis
967 1355 1013 1402 rs.
1042 1342 1138 1403 1053.
1196 1338 1233 1404 ln
1266 1358 1315 1405 ra·

125 1440 215 1508 riorc
238 1440 341 1508 forme
363 1442 498 1507 minime
519 1444 639 1508 mirum
664 1451 714 1508 est
740 1440 863 1507 scribas
887 1442 1081 1528 impegisse:
1106 1443 1314 1530 quemadmo-

127 1544 207 1613 dum
244 1556 498 1615 orxAzontnt
536 1547 576 1635 (i.
603 1567 630 1613 e.
665 1550 727 1629 οὐχ
761 1545 898 1632 ἅζομαι)
933 1567 1176 1634 nonnumquam
1212 1551 1244 1614 io
1280 1552 1314 1616 οῦ

125 1650 272 1737 χθζομαι
294 1652 526 1739 depravarunt,
550 1653 597 1716 sic
619 1662 931 1722 οΤΚΑΤΙΣΤΕοΝ
954 1652 1084 1738 proclivi
1102 1674 1212 1721 errore
1233 1656 1316 1721 meio

129 1755 272 1824 divisum
297 1759 328 1822 in
350 1761 384 1825 οῦ
406 1757 548 1827 κακιςίον
571 1757 675 1842 potuit
698 1755 798 1823 abire.
847 1758 1023 1843 Utramque
1054 1756 1189 1824 formem
1218 1760 1314 1843 ἀτίζοι

126 1872 161 1930 ot
191 1861 337 1944 ἀτιμάζο
371 1863 403 1927 in
437 1861 547 1928 eadem
583 1862 744 1928 sententia
782 1863 890 1948 posuit
923 1862 1096 1950 Euripides
1127 1864 1212 1952 opud
1246 1865 1316 1932 Sto·

127 1966 244 2035 lineum
269 1967 377 2035 i'iorii.
400 1972 455 2034 59.
482 1972 525 2044 7,
551 1972 591 2033 8:

310 2074 335 2140 εί
359 2073 386 2138 δ’
410 2069 487 2148 ἦσθα
510 2074 555 2153 μη
577 2072 703 2146 κάκιςος
727 2071 832 2138 οῦτοτ’
856 2071 895 2139 ἀν
919 2073 1042 2157 τάτραν

309 2180 366 2255 την
388 2181 444 2255 σῦν
467 2178 603 2261 ἀτίζων
628 2179 711 2255 τήνδ’
734 2177 774 2243 ἀν
797 2178 937 2258 cestren
961 2180 1063 2246 τίλιν.

129 2292 164 2353 et
184 2284 249 2352 ulio
269 2283 357 2350 loeo:
664 2297 665 2300 ’

311 2392 349 2464 ῦς
374 2386 404 2453 ἔν
427 2393 461 2466 γ’
484 2388 552 2467 ἐμοὶ
576 2388 695 2470 κρίνοιτ’
719 2386 758 2453 ῦν
781 2391 814 2453 οῦ
838 2396 942 2463 καλῶς
964 2396 1084 2473 φρονεῖν

308 2491 371 2568 ists
395 2492 541 2575 πατρῴας
565 2502 626 2572 γῆς
649 2493 852 2576 ἀτιμάζων
875 2491 955 2576 ipone

309 2599 632 2674 essentessent
656 2600 808 2681 τρόποισιν
832 2600 948 2678 ἥδεται.

173 2706 318 2792 lienique
341 2702 662 2770 animadvertendum
687 2713 736 2771 ost
759 2708 944 2791 sequiorum
974 2714 1153 2792 temporum
1180 2709 1314 2795 scripto·

127 2826 181 2880 res
204 2813 238 2876 in
270 2810 329 2875 hac
359 2829 544 2896 quoquere
570 2818 689 2876 temere
721 2812 858 2876 miseere
888 2811 1006 2876 omnis.
1055 2810 1108 2878 Sic
1132 2811 1314 2898 Appianum

127 2917 222 2985 rideo
243 2921 340 2996 τιμάν
364 2924 396 2980 et
418 2917 551 2992 ἀτιμοῦν
575 2935 636 2980 non
671 2916 769 2981 semei
801 2918 886 2982 inter
908 2936 943 2982 se
973 2935 1153 3003 opponere,
1188 2925 1223 2981 ut
1249 2919 1317 2982 ἀτι·

126 3030 206 3109 μοῦν
234 3042 292 3110 pro
315 3019 480 3101 ἀτιμάζειν
515 3028 709 3107 usurpetur,
741 3019 840 3086 veluti
873 3022 904 3085 io
940 3020 1015 3086 Beli.
1048 3020 1137 3086 Ciril.
1162 3019 1201 3087 ΙΙ.
1230 3022 1316 3087 129:

126 3131 200 3205 τοῦς
223 3126 422 3210 ἀνδροφθνονς
447 3128 564 3204 τιμῦν
597 3124 754 3202 ἀξιοῦντες
775 3127 846 3199 τοὺς
867 3124 1025 3208 ἄρχοντας
1057 3131 1144 3208 σφῶν
1176 3127 1317 3206 ἀτιμῦ·

127 3250 290 3309 coortu,
316 3240 348 3298 et
379 3250 448 3317 cup.
471 3234 554 3296 134:
579 3233 648 3304 τοὺς
672 3229 789 3296 ῦτιατον
813 3231 1050 3305 κατακανόντας
1073 3255 1112 3297 τι
1121 3236 1201 3311 μῦν
1224 3230 1317 3309 ἀξιῦ·

125 3364 243 3422 σομεν,
277 3338 452 3416 ἀτιμοῦν
488 3336 519 3401 ii
548 3340 600 3401 riv
633 3335 773 3410 καὶτοῖς
806 3337 964 3415 πολεμίοις
994 3336 1031 3402 δι’
1061 3338 1172 3419 ἀρετὴν
1203 3338 1314 3416 τίμιον.

126 3443 177 3515 ct.
201 3451 234 3511 et
255 3442 310 3510 ΙΙΙ.
332 3446 377 3508 28
400 3448 432 3507 et
455 3444 510 3506 64.
559 3439 645 3506 Idem
678 3461 778 3526 quum
803 3440 910 3507 dicere
934 3440 1028 3508 veliet
1061 3441 1181 3529 »Leges
1203 3462 1318 3508 memo·

125 3551 211 3617 riom
233 3547 372 3625 aboleri,
397 3546 475 3611 ione
495 3545 653 3631 publicari
676 3545 822 3613 iubent.”
847 3566 908 3612 non
937 3546 1099 3614 dubitant
1128 3546 1236 3614 dicere
1257 3548 1313 3615 111.

128 3662 193 3725 18:
230 3657 270 3723 Oi
294 3655 377 3734 νθμοι
401 3653 458 3727 τὴν
488 3654 611 3731 μνήμην
634 3653 820 3731 ἀτιμοῦσι
854 3653 906 3719 καὶ
931 3654 1093 3732 δημεύουσι
1118 3655 1173 3729 τὴν
1197 3676 1315 3734 τεριον·

128 3764 218 3841 τίαν,
243 3760 298 3827 tibi
326 3777 421 3826 nemo
444 3757 618 3823 mirabitur
640 3757 673 3822 io
699 3757 861 3824 nonnuliis
891 3777 1000 3825 errore
1030 3757 1220 3845 pervulgato
1248 3761 1316 3826 ἀτι-

127 3874 209 3951 μῶτι
233 3866 391 3951 scriptum
415 3883 495 3931 esse.

174 3974 366 4041 Percurrem
391 3990 477 4037 nunc
502 3967 720 4055 Xenophontis
743 3967 903 4047 libellum,
927 3969 981 4056 qui
1005 3969 1203 4050 Πάροιητερὶ
1223 3993 1314 4051 τροτ·

125 4081 200 4149 θῦσον
226 4076 438 4155 inscribitur,
462 4076 556 4142 cuius
580 4076 800 4162 inscriptionis
828 4077 917 4161 prior
950 4095 1025 4162 pers
1045 4075 1134 4157 Πθροι
1157 4074 1237 4141 mihi
1260 4095 1315 4142 eo·

128 4187 219 4273 tique
250 4191 282 4251 et
306 4182 346 4248 sb
369 4183 438 4269 ipso
470 4179 678 4267 Xenophonte
709 4180 851 4267 proiecte
881 4200 950 4248 esse
981 4179 1119 4247 ridetur.
1166 4181 1209 4247 Et
1237 4181 1315 4249 haec

128 4290 261 4380 quidem
293 4297 342 4355 est
377 4287 475 4375 proha
507 4286 676 4371 inscriptio
709 4294 740 4352 et
774 4285 870 4352 iibelii
902 4294 1094 4373 argumento
1134 4287 1314 4374 respondet.

127 4395 275 4465 Seoume
306 4413 380 4482 pars
404 4394 472 4476 τερί
495 4391 645 4474 τροσθδον
669 4391 709 4458 sb
741 4390 877 4459 eruditis
912 4393 1099 4480 sequiorem
1129 4400 1310 4480 temporum
