2940 5010
718 323 783 385 778

161 497 414 576 κελεύμασιν
443 504 476 564 et
507 499 602 583 §24.
634 495 791 579 χρώμενον
827 504 890 570 τοῖο
920 498 1027 571 αὐτοῖς
1057 498 1341 581 testandum

160 601 318 669 Graccum
344 610 392 668 est
414 603 575 682 κύλευσμα
596 608 626 668 el
651 600 871 681 ἐγκέλευσμα,
896 608 932 669 ul
952 605 1113 682 κελενςύρ.
1160 605 1344 675 Dominulnr

162 709 196 773 in
231 706 349 773 talibus
384 727 485 785 usus,
519 708 576 793 qui
610 726 648 774 eo
680 725 752 773 esse
785 704 865 774 solet
900 707 1019 774 certior
1052 728 1118 796 quo
1152 708 1344 798 frequentius

160 812 350 879 vocabulum
379 811 527 899 quodque
559 811 711 877 occurrit.
759 811 796 878 ln
828 810 993 878 nonnullis
1018 812 1254 883 Graeculorum
1282 834 1344 885 eon·

160 918 298 987 suetudo
320 917 361 985 ab
384 919 527 1003 antiquis
550 915 711 983 dissidens
741 914 897 983 admiscet
920 915 999 985 lalsa
1029 921 1126 988 reris.
1173 924 1343 999 Ἐτούσῖκ

161 1023 310 1091 dicebaut
340 1024 491 1090 Veteres:
528 1022 575 1088 illi
607 1022 752 1098 ἐπαύύκν.
800 1021 931 1103 Quoties
963 1024 1065 1110 igitur
1088 1025 1174 1093 male
1190 1030 1341 1106 παυθῆναι

161 1131 309 1216 irrepsill
359 1130 412 1196 Sto
435 1128 642 1207 κεκέλευσριαι
668 1134 700 1194 et
716 1128 897 1204 ἐκελεύσύνρν
922 1129 1062 1216 entique·
1077 1139 1156 1199 eunt
1172 1138 1209 1199 et
1224 1132 1341 1201 κύλικ-

162 1259 230 1313 aa,
253 1235 474 1314 ἐγκέλευσμα,
497 1232 657 1301 dissident
677 1232 846 1313 Graeculi,
870 1234 981 1320 itaque
1003 1236 1126 1322 passim
1149 1238 1342 1309 ratiatensi·

161 1345 268 1425 ptura.
316 1338 352 1405 ln
372 1342 519 1416 κελευτύς
545 1338 732 1427 perduravit
752 1339 951 1407 consuetudo
972 1350 1084 1421 retus,
1107 1341 1222 1429 itaque
1240 1342 1342 1413 σκύτει

160 1442 281 1531 ubique
304 1443 398 1511 lectio
417 1455 552 1513 constat.
884 1474 887 1480 ⁸

161 1589 166 1597 ·
206 1547 327 1617 Eadem
349 1569 446 1617 causa
474 1558 542 1631 est,
575 1570 635 1617 cur
661 1560 727 1618 tam
750 1568 844 1638 saepe
874 1560 1060 1620 veteresne
1087 1552 1209 1640 probae
1231 1554 1343 1625 lemae

161 1665 323 1734 κλινῆναι,
355 1666 600 1735 κατακλινῆναι,
631 1658 916 1736 ἐγκατακλινῆναι,
941 1669 1235 1738 σνγκατακλινῆναι
1258 1664 1290 1729 in
1311 1661 1342 1731 li·

160 1761 229 1829 bris
252 1764 384 1830 vitiatae
410 1763 484 1828 siut.
532 1760 679 1829 Graeculi
701 1764 821 1840 ἐκλῖύκν
841 1761 1004 1840 dicebant,
1029 1761 1127 1851 idque
1148 1767 1261 1853 ipsum
1282 1786 1341 1837 sae

160 1869 294 1955 pissime
313 1868 353 1936 de
376 1888 434 1935 suo
454 1869 659 1942 invexerunt,
683 1866 723 1935 de
742 1887 805 1955 qua
828 1889 865 1935 re
885 1867 1022 1937 subinde
1042 1868 1196 1937 diximus.
1232 1872 1340 1961 limen·

160 1973 201 2040 da
237 1975 339 2060 igitur
362 1972 447 2040 Vlll.
472 1979 512 2040 5:
549 1973 752 2056 ἀπορούμενοι
788 1969 863 2042 ύπον
897 1986 1120 2061 κατακλινρῖ
1157 1997 1218 2065 pru
1248 2002 1340 2049 κατα

157 2082 255 2162 κλιθῇ.

204 2183 288 2251 Sunt
320 2192 426 2251 certae
450 2182 607 2270 quaedam
633 2182 753 2250 formae
772 2184 946 2270 antiquae.
972 2203 1053 2271 quas
1076 2184 1244 2274 plerisque
1265 2188 1337 2258 locis

158 2289 268 2357 uidens
289 2290 320 2355 iu
346 2297 435 2356 certa
454 2289 609 2375 quaedam
633 2287 748 2355 menda
771 2288 961 2376 depravari,
984 2291 1167 2361 cuiusmodi
1188 2304 1239 2363 est
1258 2294 1337 2363 lutu-

159 2416 233 2462 rum
254 2398 375 2479 ἀτερῶ,
398 2394 483 2481 quod
507 2395 693 2481 saepissimo
713 2393 812 2460 veluti
837 2415 875 2461 ex
896 2404 1062 2481 compacto
1085 2400 1198 2464 autin
1222 2402 1337 2483 ἀσαῖρν

159 2509 216 2568 eut
238 2502 270 2566 iu
293 2502 396 2582 ἀπορῶ
421 2499 578 2565 ascribis
602 2498 782 2584 refingitur.
829 2499 1019 2567 Nesciebaut
1046 2501 1196 2571 Graeculi
1220 2506 1336 2592 sequio

157 2627 210 2673 res
243 2605 349 2671 veritis
381 2605 589 2684 ἀπαγορεύω,
623 2604 837 2686 συναγορεύω,
872 2609 1105 2687 προσαγορεύω,
1139 2611 1335 2692 ἀναγορεύει,

156 2711 372 2794 προαγορεύω,
397 2710 618 2790 καταγορεύω,
642 2710 822 2789 ἀπαγορεύω
847 2708 994 2775 futurum
1026 2731 1096 2779 esse
1121 2717 1249 2796 ἀπερεῖ,
1272 2742 1333 2783 σνν-

155 2820 233 2901 ερῶ,
268 2822 420 2898 προσερεῖ,
454 2817 569 2896 ἀνερεῖ,
611 2822 741 2896 προερῶ,
783 2822 921 2896 κατερῶ,
956 2817 1075 2900 ύπεροῖ,
1111 2827 1145 2885 el
1181 2822 1334 2889 auriolum

154 2925 287 2989 ἀπεῖπον
315 2928 376 2988 ccl.
401 2928 433 2985 el
456 2918 632 3005 perlectum
659 2921 832 3002 ἀπείρηκα,
855 2921 1046 3001 ἀπεύρκμαι,
1075 2925 1249 3005 ἀπερρύύκν
1277 2936 1334 2994 oet.

154 3028 208 3096 sed
234 3026 439 3108 ἀπαγορεύσω
463 3023 612 3091 dicebant
636 3031 668 3091 et
690 3024 893 3103 ἀπηγόρευσα
920 3035 952 3092 et
975 3028 1178 3109 ἀπηγόρευκα
1203 3040 1237 3098 et
1260 3034 1335 3108 ἀπν-

151 3135 301 3216 γύρευμαι
323 3138 355 3198 el
379 3129 573 3210 ἀπνργσρεύύν
598 3136 658 3195 cet.
706 3129 788 3195 Hinc
810 3131 960 3215 antiquus
983 3129 1086 3198 futuri
1111 3131 1233 3202 surmus
1258 3136 1334 3205 mul·

150 3241 194 3305 tis
217 3237 321 3304 modis
344 3243 567 3320 corrumpunt.
614 3237 689 3314 Ἐρῶ
722 3235 755 3299 iu
778 3234 851 3316 αῖρω
886 3241 918 3300 et
940 3238 1013 3315 αἱρεῖ
1043 3237 1132 3317 abit,
1156 3242 1274 3324 ἀντερῶ
1302 3244 1333 3309 in

148 3343 298 3423 ἀνταύρω,
323 3349 453 3422 συνερεῖν
477 3340 509 3405 in
531 3345 706 3420 συνεργεῖν,
729 3347 761 3405 et
780 3342 906 3420 ἀπερεῖν
928 3359 1174 3430 nonnumquam
1195 3347 1230 3412 in
1243 3348 1334 3414 ἀπαύ·

150 3472 231 3530 ρειν,
264 3444 319 3511 sed
343 3446 471 3530 saepius
498 3443 530 3509 in
554 3447 678 3526 ἀπορεῖν
710 3443 777 3510 vidi
800 3443 991 3530 depravari,
1021 3448 1120 3514 veluti
1147 3451 1179 3516 iu
1203 3450 1272 3518 Xll.
1296 3456 1333 3518 2:

150 3550 225 3618 ύταν
248 3551 431 3632 πορεύωνται
455 3549 538 3621 leole
560 3549 714 3630 χαλεπάς
742 3552 797 3615 ούκ
828 3552 1071 3633 ἀπεροῦσιν,
1096 3553 1152 3620 atti
1172 3556 1334 3638 ἀποροῦσιν

151 3655 322 3734 exhibent,
346 3663 379 3721 et
403 3656 434 3720 in
460 3653 676 3740 Hipparchico
698 3654 755 3722 ΙΙΙ.
781 3660 821 3723 9;
852 3657 879 3720 οῖ
908 3656 939 3721 δὲ
970 3656 1056 3724 ἵπποι
1088 3663 1142 3726 οὐκ
1172 3662 1333 3744 ἀπεροῦ-

149 3787 232 3839 σιν,
256 3762 289 3827 in
313 3759 405 3826 libris
428 3768 478 3827 est
501 3760 693 3840 ἀπαίρουσιν.
741 3761 777 3826 ln
807 3758 950 3827 Platonis
973 3762 1103 3850 Gratylo
1133 3785 1165 3851 p.
1188 3771 1268 3833 596.
1290 3766 1333 3833 G:

148 3869 174 3934 si
199 3867 260 3949 ἀρα
283 3869 429 3946 ἀπερεῖ
449 3866 466 3942 ἢ
489 3865 541 3942 ού,
562 3873 639 3931 sunl
663 3867 719 3951 qui
743 3868 854 3947 ἀπορεῖ
872 3876 1064 3948 servaruul,
1088 3880 1128 3957 el¹
1144 3873 1264 3956 passim
1293 3870 1332 3939 ad

148 3971 284 4040 eundem
306 3970 436 4037 niodum
456 3971 488 4035 in
511 3968 603 4035 libris
625 3969 720 4047 tiss„
744 3990 984 4057 nonnumquam
1005 3982 1036 4039 et
1056 3975 1090 4039 in
1110 3974 1208 4043 editis
1228 3996 1331 4045 emen·

145 4076 317 4162 datisque,
339 4083 482 4142 erratum
504 4094 574 4140 esse
596 4074 842 4141 arrimadvertes.

191 4182 284 4249 lutat
307 4180 405 4248 huius
428 4179 681 4258 observationis,
712 4199 795 4266 quae
816 4201 909 4269 saepe
939 4185 1024 4252 iuter
1057 4184 1233 4272 legendum
1256 4207 1328 4274 pru·

146 4286 246 4365 derit,
271 4285 416 4372 exempla
447 4283 667 4372 compluscula
702 4304 897 4374 expromere.
945 4300 1083 4373 Συνερεῖν
1115 4291 1149 4359 in
1181 4294 1329 4377 συναίρειν

144 4398 333 4479 ουιοιιρῑιιιο
358 4399 406 4459 est
431 4391 463 4457 iu
490 4390 611 4478 optimu
639 4389 670 4458 S.
696 4390 780 4478 apud
808 4390 1052 4464 Demosthenem
1076 4418 1109 4486 p.
1130 4403 1210 4477 tet,
1234 4406 1264 4467 c.
1295 4407 1326 4465 et
