2940 5010
711 293 776 355 710

155 485 287 544 avaros,
312 464 391 531 alios
414 464 595 531 luxuriosos
617 482 705 540 esse,
730 464 881 551 quoniam
910 462 963 530 illa
992 463 1095 552 pestis
1118 466 1248 535 oeoulta
1271 488 1338 537 esso

154 592 217 638 non
242 580 383 659 poterat,
416 571 588 658 Xenophon
619 568 718 657 probe
745 570 890 650 sciehat,
920 568 975 637 sed
1009 570 1061 660 (ut
1091 570 1199 639 solent
1225 574 1281 661 qui
1307 575 1336 641 lu

154 677 262 765 aliqua
286 698 322 745 re
347 676 535 743 admiranda
561 675 690 741 modum
721 675 881 742 excedunt
908 683 942 743 et
963 695 1042 763 prae
1064 677 1170 743 nimia
1204 678 1335 746 admira·

155 785 241 850 tione
265 783 463 872 caecutiunt)
490 792 636 869 paratum
661 782 690 848 ei
714 790 765 847 est
789 781 896 847 dieere
919 801 1019 869 quum
1044 782 1198 851 veritalis
1218 784 1334 851 viriltnr

152 874 638 956 coactus'naeeeaenrontorum
666 887 717 952 sul
744 888 898 974 temporis
924 888 1001 953 vitia
1029 896 1330 957 commemorant:

151 993 234 1060 οὐδὲν
257 994 361 1073 μέντοι
387 997 436 1061 δεῖ
463 990 631 1074 θαυμάζειν
662 992 777 1059 τούτων
807 1000 867 1059 τῶν
899 992 1060 1077 ἒτιψογυν
1092 997 1203 1069 αὐτοῖς
1234 1016 1330 1075 ruyro·

150 1099 248 1178 μένων
280 1100 384 1175 ἐπειδὴ
408 1099 536 1182 φανεροί
566 1101 640 1165 εἰσιν
670 1097 741 1165 οὔτε
773 1099 816 1180 τῷ
850 1100 904 1180 θεῷ
929 1098 1099 1179 πειθόμενοι
1134 1100 1230 1167 οὔτε
1260 1108 1328 1177 τοῖς

151 1205 389 1284 Λυκούργου
422 1204 534 1283 νᾶμοις.
586 1204 654 1270 Νοιι
688 1203 769 1269 vitlil
794 1202 966 1289 Xenophon
997 1205 1030 1269 itt
1061 1222 1163 1290 quent
1196 1224 1328 1273 errorem

153 1328 223 1374 sese
243 1308 413 1387 indueret,
437 1329 537 1395 qurum
566 1309 706 1398 Lycurgi
727 1307 852 1394 legibus
874 1308 1002 1386 omnia,
1027 1309 1175 1377 civitatis
1196 1308 1328 1377 morihu

151 1413 232 1480 nihil
257 1414 425 1481 tribueret.
473 1415 549 1481 lllae
577 1413 664 1499 leges
695 1415 904 1503 quantumvis
936 1416 1239 1501 praestantissimae
1261 1414 1328 1483 hena

150 1527 309 1585 moralem
334 1520 499 1586 civilatem
524 1526 637 1586 uectae
668 1517 899 1587 saluberrimae
921 1528 1036 1599 erant,
1067 1518 1124 1587 οτι]
1146 1520 1183 1587 in
1207 1522 1328 1589 eivitatt

151 1624 267 1690 vitiosa
299 1632 332 1691 et
362 1632 515 1711 corrupta
548 1623 587 1689 ad
617 1622 725 1691 mores
754 1621 971 1691 emendandos
1003 1623 1084 1691 nihil
1114 1624 1327 1714 proflolehant

151 1729 320 1797 merorum
340 1749 379 1795 ex
405 1727 457 1795 itta
480 1727 628 1815 querela,
650 1729 778 1811 Φανεροί
800 1731 859 1795 εἱσι
881 1737 945 1803 τοῖς
970 1730 1156 1813 Λυκούργου
1180 1732 1327 1812 rigatori

151 1835 342 1914 πειθόμενοι,
365 1853 441 1900 eave
461 1834 593 1921 colligas
618 1833 792 1920 Spartanos
820 1834 948 1901 illorum
973 1842 1158 1921 temporum
1184 1845 1244 1903 aot
1263 1834 1327 1923 legi

148 1939 211 2006 ltus
233 1960 296 2005 non
318 1940 465 2027 paruisse
488 1946 546 2006 aut
571 1938 813 2024 Magistraliltus
838 1959 901 2005 uon
926 1939 1026 2007 luisse
1055 1941 1139 2007 satis
1164 1940 1256 2009 elielo
1283 1960 1328 2007 an·

149 2046 286 2113 dientes.
333 2046 421 2127 Quae
445 2046 566 2133 soripla
597 2053 675 2110 sunt
699 2042 783 2110 Vlll.
808 2048 840 2112 h.
874 2044 904 2109 ἐν
928 2054 968 2129 op
993 2046 1126 2131 Σπάρτα
1148 2048 1177 2115 oi
1200 2047 1327 2130 κραταιι

148 2153 202 2219 καὶ
228 2152 414 2234 ὑπέρχονται
437 2149 563 2230 μάλα-α
587 2150 645 2224 τας
670 2151 776 2232 ἀρχὰς
806 2150 860 2217 καὶ
890 2152 934 2233 τῷ
956 2151 1096 2218 ταπεινοὶ
1123 2148 1206 2220 εἶναι
1235 2176 1327 2234 gerra·

146 2255 292 2323 λύνονται
315 2258 368 2324 καὶ
401 2258 444 2339 τῷ
474 2252 550 2321 ὅταν
580 2258 738 2321 καλῶνται
767 2256 932 2338 τρέχοντες
954 2256 1044 2322 ἀλλὰ
1075 2260 1121 2337 μὴ
1154 2258 1327 2341 βαδίζοντος

146 2362 330 2439 ὑπακούειν,
353 2360 394 2426 ab
412 2359 539 2426 oculato
560 2367 641 2425 teste
667 2360 787 2446 scripta
811 2370 898 2426 sunt.
949 2360 1075 2427 Viderat
1096 2362 1178 2431 haee
1203 2362 1327 2451 Spartae

146 2465 334 2552 Xenophon,
376 2465 559 2551 Agesilaum
598 2465 702 2550 ipsum
739 2466 844 2551 potuit
879 2464 957 2532 haee
994 2464 1170 2535 facientem
1217 2468 1326 2539 sidat.

145 2570 340 2638 Plutarchus
370 2572 401 2637 in
436 2571 530 2653 liges.
552 2574 583 2635 i.
613 2575 649 2636 τὸ
679 2579 828 2650 πολεμεῖν
858 2580 922 2645 τοῖς
944 2572 1084 2656 Ἐφόροις
1109 2573 1212 2649 ἔασας
1237 2572 1325 2657 trapi·

144 2702 243 2755 πονε,
275 2675 379 2750 ποίοιρς
409 2677 467 2754 μὲν
499 2676 558 2741 ἀπ’
582 2674 700 2741 ἐκείνων
720 2674 861 2757 πράξεως
891 2677 1081 2759 ἀρχόμενος,
1106 2680 1141 2745 εἰ
1173 2679 1214 2747 δὲ
1248 2694 1325 2755 κλο-

145 2784 231 2859 irin
261 2783 407 2848 θῖιττον
438 2782 456 2859 ἦ
484 2779 608 2859 βοίδιον
639 2781 905 2860 ἐπειγόμενος.
953 2781 1087 2847 Athenis
1107 2793 1227 2851 contra
1251 2784 1325 2851 vitie-

142 2897 195 2956 rel
219 2887 303 2975 quod
335 2894 410 2952 ante
442 2885 541 2950 dicit:
576 2884 622 2951 ὅτι
654 2890 679 2952 ol
711 2888 919 2953 δυνατώτατοι
950 2888 1014 2952 οὐδὲ
1039 2888 1212 2967 βούλονται
1238 2892 1324 2957 δοκεῖν

143 2996 204 3069 τοὶς
226 2994 331 3076 οὶρχοὶς
364 2992 551 3076 φοβεῖσθαι,
581 2991 670 3057 ἄλλα
706 2994 856 3074 νομίζουσι
890 2996 980 3058 τοῦτο
1011 2993 1211 3075 οένελεύθερον
1246 2992 1323 3063 εἶναι.

144 3099 307 3185 Agnosces
340 3100 373 3164 ln
408 3096 458 3163 his
492 3095 652 3172 eundem,
688 3097 743 3182 qui
780 3100 809 3162 in
846 3096 1107 3165 Memoraltillhus
1133 3099 1190 3166 ttl.
1217 3122 1248 3167 ν.
1279 3104 1322 3169 tn

143 3206 339 3290 scripserat:
364 3202 442 3269 τότε
465 3202 498 3269 δὲ
520 3199 614 3275 οὕτως
638 3202 790 3276 Ἀθηναῖοι
814 3202 914 3284 ὥσπερ
945 3203 1186 3281 Λακεδαιμόνιοι
1216 3206 1324 3273 πεῖσον·

143 3335 198 3378 ται
228 3316 293 3381 τοῖς
324 3306 489 3391 ἄρχουσιν,
520 3300 546 3371 oi
571 3307 622 3372 καὶ
647 3307 847 3386 ἀγάλλονται
882 3309 933 3374 ἐπὶ
964 3311 1007 3390 τῷ
1032 3318 1244 3391 καταφρονεῖν
1274 3314 1324 3380 ruit

144 3414 321 3500 ἀρχόντωνς
345 3412 406 3494 Qui
432 3414 517 3477 eires
537 3412 782 3497 llagistratibus
799 3413 846 3479 sic
859 3412 1099 3500 obtemperant,
1123 3413 1255 3501 leglltus
1269 3436 1323 3483 non

143 3541 257 3612 parere
281 3539 343 3585 nou
367 3525 512 3606 possunt.
561 3517 621 3584 Sed
646 3519 796 3603 antiquas
820 3517 890 3584 illas
915 3527 947 3585 et
971 3518 1166 3586 durissimas
1191 3520 1324 3611 lapeurp

143 3629 231 3714 leges
260 3646 336 3690 usur
366 3622 452 3711 longi
478 3624 643 3709 temporis,
675 3622 729 3708 qui
751 3644 831 3688 ιυιιιι
856 3634 902 3689 eet
923 3624 1026 3711 legum
1059 3636 1216 3692 corrector
1250 3628 1323 3719 (nir.

142 3734 238 3802 XLV.
266 3728 332 3818 52.)
369 3728 549 3795 molliverat
580 3736 612 3794 ot
647 3729 746 3794 tacito
776 3730 921 3795 omnium
958 3748 1116 3795 consensu
1153 3731 1260 3801 multa
1291 3732 1324 3799 al

143 3836 293 3909 omnihus
311 3835 455 3922 neglecta
468 3834 660 3913 sustulerat,
682 3853 763 3920 quae
785 3833 929 3900 moribus
950 3834 1093 3900 civitatis
1114 3839 1324 3926 nouumplitu

141 3940 383 4013 accommodata
407 3948 524 4005 essent.
573 3941 658 4006 Haec
683 3940 780 4004 nimis
801 3958 914 4025 aspera
939 3950 971 4007 et
987 3939 1091 4026 rigida
1112 3964 1227 4020 mous,
1250 3946 1323 4023 oito,

141 4071 264 4127 rueres,
287 4047 397 4113 uiuitur
419 4047 488 4131 ipsu
512 4047 675 4132 respuebat
687 4045 707 4075 ’³
738 4054 774 4110 ut
803 4045 947 4132 loquitur
974 4045 1006 4111 in
1036 4046 1137 4113 simili
1161 4068 1197 4114 ru
1220 4048 1323 4119 Gleero

139 4178 197 4246 pro
232 4155 364 4221 Murena
388 4157 442 4218 55.
477 4154 571 4237 §te
619 4152 654 4218 ln
689 4153 730 4216 ils
764 4170 846 4237 quae
880 4150 965 4217 lerre
997 4159 1146 4238 poterunt
1177 4155 1247 4233 sio,
1279 4156 1321 4223 uti

139 4263 301 4338 vidimus,
325 4257 449 4345 legibus
471 4258 778 4345 magistratibusque
797 4258 961 4343 parebant.
1009 4256 1184 4344 Xenophon
1215 4269 1319 4329 autem

136 4388 238 4455 quum
262 4368 428 4455 antiquam
455 4363 684 4453 Spartanorum
711 4366 810 4431 vitam
836 4372 869 4431 et
895 4371 981 4431 artes
1001 4364 1143 4451 optimas
1163 4367 1319 4434 maiorum
