2940 5010
715 274 778 338 106

143 450 200 539 qni
230 450 262 515 in
292 447 437 537 Lysiaeis
467 444 716 520 circumfertur.
748 444 835 513 uncle
862 453 955 513 vetos
983 445 1100 514 vitiam
1128 453 1320 535 comparatio

143 554 338 643 Antiphanis
359 552 448 621 locus
472 550 648 621 tollendum
668 571 738 620 esse
758 550 962 620 monstrabit.
997 550 1093 641 Apud
1114 550 1243 643 Lysiam
1264 552 1319 619 cii·

144 670 200 728 tttr
225 660 266 727 lt.
292 658 317 749 8
342 663 372 726 7.
401 658 588 741 πέμψαντες
619 661 752 740 κήρυκος
782 658 898 726 ἐδέοντο
926 661 1028 727 οοῶτῶν
1056 658 1161 725 boisce
1187 658 1244 733 τῖον
1269 664 1315 725 τοῖν

142 773 250 849 νεκρῶν
270 764 434 847 arataeo.
482 763 740 852 Expungenoum
761 783 830 831 esse
854 761 1029 831 articulum
1052 765 1109 843 τήν
1132 769 1167 831 et
1189 782 1241 831 res
1262 763 1315 851 ipn

144 870 236 938 docet
260 879 293 938 et
314 867 515 957 Antiphanes
541 868 744 937 confirmabit
767 868 852 956 apud
876 867 992 937 btben.
1016 868 1069 936 Vl.
1095 872 1172 938 225.
1197 869 1232 937 b.

370 973 488 1065 (ῖχῶῦρ)
509 972 597 1042 ἕωλον
620 974 751 1055 κείμενον
773 974 821 1041 δύ’
840 976 956 1057 ἡμέροις

368 1084 386 1159 ἢ
409 1087 509 1162 τρεῖς·
531 1079 624 1161 μόλις
647 1081 675 1147 δ’
697 1081 752 1148 ἑῶν
775 1084 845 1148 τοτ’
866 1082 979 1157 ῶνητῖρν
999 1081 1121 1166 τυφλῶν

366 1184 491 1267 λάβετ’
517 1186 632 1254 ἔδωκαν
652 1192 713 1254 τῶν
734 1192 842 1269 νεκρῶν
863 1187 1036 1269 deciperes.

143 1301 175 1360 et
198 1292 385 1381 saepissime
406 1293 438 1359 in
462 1290 625 1360 historicis
644 1291 765 1379 legitor
786 1294 889 1361 ῶοῶνονν
911 1289 1315 1372 veternosissimam

142 1404 266 1481 νεκρῶν,
292 1405 328 1464 ut
351 1396 436 1485 apud
460 1397 605 1487 Thucyd.
631 1398 687 1464 111.
711 1403 784 1465 115.
806 1396 879 1476 ἦλῶε
903 1394 997 1479 κεῖρνξ
1018 1396 1174 1477 orooro
1197 1395 1316 1471 airriror

141 1510 201 1571 τῶν
223 1504 349 1585 νεκρῶν,
372 1501 457 1590 quotl
482 1502 706 1570 Demosthenis
735 1522 833 1571 causa
861 1501 1036 1581 admoneo,
1067 1499 1153 1588 epod
1175 1498 1318 1589 noemin

142 1608 287 1677 oratione
317 1606 385 1690 τερῖ
415 1609 598 1686 Ἀλοννήοον
629 1628 660 1697 p.
689 1613 753 1686 86,
783 1613 814 1677 9.
847 1609 960 1676 vitiose
990 1606 1112 1675 mitur:
1145 1611 1252 1675 τοῦτον
1277 1606 1318 1673 τῶν

142 1712 238 1797 ἄνδρα
265 1714 377 1789 ἐκεῖνος
400 1752 447 1767 -
467 1715 633 1783 ἀπέκτεινε
659 1716 712 1783 καὶ
745 1716 806 1782 οὐδ’
837 1713 992 1795 tratrem
1018 1712 1127 1781 ἔδομεν
1156 1710 1206 1780 ina
1229 1717 1318 1797 ταφῇ.

143 1818 346 1906 Quamquam
375 1818 454 1887 baec
485 1820 588 1887 oratio
618 1840 684 1886 non
713 1828 775 1897 est¹
793 1819 834 1887 ob
863 1821 933 1907 ipso
954 1817 1172 1887 bomostbeno
1192 1818 1320 1906 scripu.

141 1934 248 1993 tamen
273 1924 314 1992 ab
337 1944 374 1993 eo
395 1926 514 2013 scripta
538 1934 605 2004 cst,
628 1926 686 2013 qui
709 1925 754 1992 iili
777 1925 939 2014 popularis
962 1932 995 1991 et
1023 1923 1319 2013 sequanenses

140 2029 181 2099 ad
203 2050 257 2097 cos
280 2029 407 2107 habita,
433 2032 496 2119 qui·
512 2030 592 2098 satis
619 2030 764 2099 sciebant
787 2031 866 2120 quid
891 2038 975 2099 esset
1002 2030 1064 2098 οὐδ’
1085 2030 1243 2113 ῶνονῖρετνν
1261 2028 1318 2095 tio

140 2161 210 2203 νεν.
235 2138 420 2224 supervenit
440 2136 496 2204 din
515 2143 588 2224 post
602 2135 738 2215 sciolos,
761 2137 817 2225 qni
834 2137 886 2205 ῖννν
900 2142 992 2222 τοφῑρ
1012 2136 1054 2204 ilo
1069 2154 1128 2203 suo
1147 2132 1319 2221 adscripsit

186 2240 304 2309 Forma
327 2242 463 2309 barbara
484 2241 636 2329 deturpat
659 2241 843 2311 foedissime
871 2242 979 2311 locom
1004 2239 1169 2331 bristopb.
1192 2241 1227 2309 in
1249 2240 1318 2307 roe

141 2366 188 2413 vs.
213 2352 287 2416 175.

321 2453 376 2531 ἤδη
399 2459 511 2537 τροφεῖ
531 2477 562 2520 τε
585 2457 712 2533 τνεῶμο
734 2452 803 2536 τερῖ
826 2456 880 2521 τὸν
902 2450 1060 2537 ὀμφαλῶν.

139 2553 221 2621 nihii
244 2564 294 2623 est
319 2557 441 2624 certios
472 2577 569 2644 quam
597 2558 705 2641 τρέφεν
728 2578 799 2626 esse
821 2558 1077 2637 emendandum,
1099 2564 1138 2625 nt
1159 2558 1192 2625 in
1214 2554 1318 2645 infin.

140 2661 238 2729 Arist.
262 2661 348 2749 opud
372 2661 449 2729 ΡοΙΙ.
474 2664 513 2730 X.
538 2667 595 2730 44.

319 2768 399 2848 οῖμον
420 2767 542 2847 τέλος,
564 2768 677 2848 τῖμον
698 2769 805 2852 τρέφεν
829 2770 885 2845 τῖρν
907 2769 1050 2852 recem

139 2880 171 2942 et
190 2871 386 2961 Antiphanis
405 2872 491 2962 apud
515 2871 631 2942 btben.
653 2873 710 2941 lib
738 2878 813 2942 123.
837 2874 872 2941 B.

319 2981 353 3048 οὐ
376 2979 440 3062 γὰρ
463 2982 559 3048 κακῶν
581 2978 646 3064 ἔχω
669 2979 742 3060 μηδ’
765 2978 888 3063 ἔχοιμ’.
912 2979 968 3047 ἐῶν
990 2979 1017 3046 δ’
1038 2974 1102 3062 ῶρνο
1125 3044 1128 3049 .

320 3085 419 3169 ςρέφρ
439 3110 481 3167 με
505 3085 573 3169 περὶ
594 3087 651 3162 τῶν
672 3084 783 3168 ματέρ’
807 3085 826 3162 ἣ
851 3087 905 3153 τῶν
925 3084 1074 3169 ῖμφοιλῶν

319 3191 407 3274 τοορῶ
431 3191 589 3273 Φερτοῖτου
612 3189 779 3265 δακτύλιός
799 3187 849 3260 is!
869 3214 920 3270 μον
940 3189 1104 3273 δραχμῆς,

139 3304 172 3364 et
191 3294 264 3363 aliis
283 3293 372 3362 locis.
419 3302 550 3381 Στροφῶ
574 3305 682 3365 antem
704 3314 837 3383 prorsus
860 3294 1034 3363 barbarum
1054 3300 1123 3373 est,
1144 3312 1246 3381 qum
1266 3292 1323 3363 ior·

139 3421 227 3468 mam
258 3408 348 3468 certa
377 3401 571 3470 Graecitatis
596 3401 706 3470 texet
732 3400 880 3487 analogia
906 3400 1047 3487 respuit:
1079 3398 1143 3467 alia
1172 3400 1259 3469 ratio
1278 3406 1324 3469 rot

137 3506 309 3574 verborum
329 3508 556 3592 οῖοκοτροφοῖν,
578 3515 782 3591 χειρονομεῖν,
809 3508 1029 3591 ἱπποτροφεῖν,
1049 3505 1203 3589 ᾧοτονοῖν,
1225 3506 1325 3589 μετίο-

138 3619 261 3695 φορεῖν,
278 3613 473 3695 οῖνῶολογεῖν,
489 3615 687 3698 οῖνοφῖορεῖν,
704 3612 841 3681 tiliorum
858 3620 1101 3691 sexcentorum,
1117 3630 1202 3701 qno
1220 3612 1327 3681 oniti

137 3738 177 3785 en
200 3716 368 3785 adiectivis
397 3720 582 3807 compositis
610 3726 783 3808 propagata
813 3725 907 3797 sunt,
938 3718 1155 3803 οῖονκοςρδΦοσ,
1176 3704 1325 3803 ormn-

136 3831 211 3907 φεῒν
237 3831 298 3891 etc.
327 3823 383 3893 sed
410 3826 518 3913 ipsum
547 3832 767 3910 enuntiatam
795 3824 968 3892 barbarum
1000 3831 1052 3891 est
1079 3830 1178 3912 amno
1207 3830 1327 3905 νεμεῖν,

136 3937 261 4014 τροφεῑν
284 3937 348 3998 etc.
387 3929 557 4018 singulare
579 3937 630 3999 est
651 3938 766 4017 φορεῖν.
808 3928 987 3998 Proiectae
1008 3928 1132 3999 tormao
1153 3936 1234 3998 sunt
1254 3954 1326 4015 ερον·

137 4039 222 4119 φῶν,
245 4041 386 4119 τροπῶν,
410 4042 523 4117 νωμῶν.
572 4038 712 4106 Peccant
734 4038 768 4104 in
792 4036 844 4104 bis
866 4037 1011 4124 graviter
1032 4043 1067 4104 et
1091 4036 1234 4125 turpiter
1254 4044 1325 4125 pob-

138 4142 231 4208 tastri
249 4148 282 4209 et
299 4140 549 4223 versificatores,
572 4144 629 4230 qni
646 4164 719 4211 sero
735 4144 803 4211 nati
819 4143 966 4211 carmina
985 4143 1085 4231 Epica
1099 4149 1134 4211 ot
1148 4140 1214 4210 otia
1232 4158 1326 4229 qnae·

140 4245 217 4314 libet
239 4247 349 4334 lingua
369 4247 538 4316 Homerica
561 4247 717 4317 laborioso
739 4247 877 4315 artifieio
901 4248 1086 4337 pangebant
1109 4246 1209 4334 inquo
1231 4264 1270 4315 oa
1293 4264 1327 4315 m

138 4353 172 4425 in
195 4351 350 4423 mirificos
372 4362 405 4421 et
428 4352 581 4425 ridiculos
612 4374 738 4425 errores
761 4374 795 4425 se
818 4353 1027 4447 implicabant
1058 4359 1238 4425 sescentos.
1274 4350 1324 4423 bi·
