2940 5010
699 270 765 333 titt

139 455 189 516 est
212 454 245 514 et
268 443 308 512 οΙι
332 441 473 511 eiusdem
502 441 651 527 παρῳδθρ.
698 444 855 525 Τετριὶχει
888 438 1096 509 Homericum
1130 441 1184 513 hii
1213 462 1320 535 cogat·

138 561 208 619 turn
230 571 300 619 esse
324 550 528 637 perspicuum
554 555 622 626 est,
646 548 730 632 quoti
763 545 943 635 Hesychius
967 546 1209 635 interpretans:
1235 552 1321 621 τοτθ·

137 659 261 738 ρακτοῆ
277 657 400 738 θορύβου
420 656 538 734 πλήρης
561 648 615 729 ἦν,
635 654 738 739 ipsius
762 651 940 719 Aristarchi
961 653 1059 721 vetita
1080 654 1166 723 mihi
1185 676 1323 725 terrm

138 763 276 828 violetur.
326 761 389 828 Sed
413 759 452 826 etl
484 758 704 845 Xenophontis
736 757 956 825 Memorabilia
984 761 1175 829 revertendi
1203 770 1324 853 lampat

138 877 196 935 est.

184 972 300 1038 Contra
334 972 526 1036 sententiam
551 971 582 1035 ἐν
605 979 645 1052 τῇ
673 969 763 1034 πόλει
789 969 948 1036 insertum
979 978 1028 1037 est
1054 970 1087 1037 iu
1117 968 1255 1041 liemon.
1273 972 1323 1043 tu

138 1100 159 1144 1.
187 1084 217 1144 1.
245 1074 333 1153 ἔλεξε
366 1078 439 1158 πρθς
470 1100 541 1142 τινα
570 1081 629 1141 τῶν
651 1073 799 1151 ξυνόντων
823 1070 854 1141 to
882 1074 1030 1158 pistrinam
1056 1075 1253 1157 βονλθροονον
1273 1086 1324 1157 τῆς
1364 1110 1366 1151 t

138 1194 231 1262 τιμῆς
254 1181 372 1257 ταύτης
398 1183 465 1269 (τῆς
490 1180 678 1269 ςρατννθας)
707 1179 751 1269 [ἐν
773 1190 813 1262 τῇ
842 1180 946 1267 πθλει]
971 1178 1163 1263 τυγχιθνειν.
1211 1182 1325 1253 Βοσιτ·
1363 1206 1366 1285 j

138 1290 181 1354 rit
208 1289 318 1354 statim
347 1285 429 1351 illem
465 1288 579 1350 vitium
612 1287 644 1350 in
677 1287 752 1371 §h
783 1287 836 1352 τὸν
858 1286 1049 1365 βουλθμενον
1077 1286 1142 1377 [ἐν]
1168 1296 1211 1373 τῇ
1240 1287 1323 1357 rita
1363 1294 1367 1379 ἰ

138 1401 329 1474 ςρατηγεῑο,
354 1390 436 1477 quot
464 1392 507 1456 ita
532 1390 656 1456 dictum
685 1398 735 1457 est
768 1398 803 1456 ut
828 1391 933 1479 risum
957 1398 1110 1470 moreat,
1136 1396 1322 1483 namquerl
1363 1396 1367 1469 l

138 1499 291 1581 ςρατιιγοθ
322 1496 375 1561 uhi
405 1515 480 1561 eum
512 1495 649 1582 imperio
671 1503 749 1561 sunt
773 1515 836 1561 non
869 1493 971 1561 solent
994 1514 1066 1563 csse
1097 1496 1131 1563 ἐν
1153 1506 1196 1583 τῇ
1220 1498 1323 1577 σθλοι.
1363 1512 1367 1591 j

139 1614 171 1670 et
195 1623 294 1691 quoni
320 1600 437 1666 lialrent
461 1609 649 1686 potestatem
675 1620 737 1665 uon
761 1609 895 1685 possunt
918 1620 988 1667 esse
1010 1598 1088 1666 alibi
1112 1620 1215 1689 quam
1238 1604 1322 1689 ivri

138 1712 238 1777 πόλει.
265 1716 461 1789 Στρατηρεῖν
485 1717 523 1787 τῇ
549 1706 637 1772 τθλει
658 1714 769 1770 contra
786 1705 967 1771 rectissime
990 1703 1136 1784 dicitur,
1159 1716 1197 1775 ut
1220 1707 1323 1793 ὖρχισ

138 1826 202 1890 τοῖς
237 1813 418 1887 'atrociore
467 1810 585 1877 liatleni
619 1808 732 1876 frande
763 1809 918 1891 spornylr
954 1810 1186 1896 interpolatum
1219 1824 1271 1883 est
1288 1814 1322 1883 ii.

139 1945 171 1989 ιι.
198 1928 228 1988 4.
261 1922 310 1987 δεῖ
329 1916 379 1985 οὖν
402 1918 454 1982 τὸν
477 1920 695 1997 ςρατνγοῦντα
730 1920 821 1983 τοῦτο
856 1916 1106 1998 παρασκευάζειν
1131 1926 1198 1994 τοῖς
1224 1918 1323 2001 ἓλοροθ·

139 2053 196 2101 νοις
220 2027 315 2093 αὐτὸν
339 2022 550 2110 [sperarim.
584 2021 666 2107 qrtotl
691 2042 788 2108 quiam
816 2021 983 2107 pueriliter
1012 2023 1055 2087 sit
1084 2022 1238 2093 additum
1263 2032 1323 2093 sta·

139 2135 200 2199 tim
230 2131 360 2198 senties.
415 2128 502 2193 lolem
536 2126 725 2192 vocabulum
752 2126 872 2193 sciolus
903 2127 943 2192 ile
973 2148 1032 2195 suo
1064 2128 1186 2197 adiecit
1215 2132 1250 2199 iu
1272 2132 1324 2199 lit·

140 2237 320 2306 mosthenis
344 2235 560 2300 Aristocraten
586 2234 604 2316 §
629 2236 701 2297 149.
738 2234 790 2298 rto
816 2233 874 2311 μὲν
904 2234 1085 2316 Ἰφικράτην
1107 2236 1324 2318 comprimar

139 2347 325 2420 ἐποιήσατε,
356 2339 504 2417 Τιμόθεον
527 2339 554 2404 δ’
578 2338 628 2402 ἐπ’
661 2337 858 2419 ’Λμφθπολιν
893 2338 946 2404 καὶ
983 2338 1165 2420 Χερρθννσον
1197 2340 1325 2423 iberita·

140 2460 227 2533 ψαπε
255 2444 463 2536 [ςρατιιγόν],
493 2442 631 2508 credidit
664 2444 751 2508 enirn
785 2445 893 2509 nescio
924 2444 998 2530 quis
1022 2464 1058 2512 eo
1081 2446 1241 2515 vocabulo
1258 2466 1325 2515 esre

140 2575 220 2643 opus
250 2559 281 2617 et
307 2571 367 2615 non
400 2549 501 2614 sensit
525 2567 622 2633 quarn
646 2549 732 2614 iners
756 2557 787 2614 ct
811 2548 976 2615 inficetum
1001 2557 1086 2615 esset
1114 2549 1177 2619 hoc
1207 2552 1323 2619 addita·

141 2668 298 2728 mentum.
347 2654 446 2721 llulto
477 2653 575 2718 etiam
606 2651 730 2718 foedius
757 2654 908 2720 mendum
934 2656 964 2719 in
1000 2654 1099 2720 simili
1125 2676 1163 2723 re
1189 2677 1323 2727 comma·

140 2765 227 2834 culat
251 2763 355 2828 locum
380 2757 605 2825 Demosthenis
639 2758 673 2822 in
697 2756 784 2824 Orat.
808 2759 892 2825 Xlll.
920 2764 970 2825 19.
1005 2761 1105 2826 δοῦλοι
1129 2770 1188 2837 τῆς
1212 2764 1323 2847 ἐστιτῷ

139 2870 376 2956 χειροτονεῖσθαι
400 2864 530 2947 χοθριτος
559 2865 772 2946 περιέρχονται
797 2868 1041 2940 τελεσθῆναι
1074 2870 1235 2947 ςρατνργθο
1258 2866 1324 2937 ἕνα·

140 3005 192 3052 ecc
225 2972 425 3053 σπουδάζων,
460 2973 514 3036 οὖν
546 2971 650 3049 ἀνδρὸς
682 2969 769 3049 ἔργον
807 2971 891 3036 οὐδὲν
921 2967 1049 3051 πρᾶξαι.
1105 2970 1191 3053 Quiri
1228 2978 1325 3060 putul

141 3084 283 3170 ineptius
316 3077 381 3142 elici
417 3095 512 3161 quiam
550 3076 733 3150 τελεσθῆναι
765 3074 945 3155 cecropis,
981 3075 1043 3139 nisi
1075 3073 1158 3143 iorte
1192 3078 1326 3167 ineptior

141 3193 238 3257 etiam
263 3184 424 3250 rirlehilnr
458 3180 621 3247 Schaeieri
646 3180 886 3265 interpretatio:
910 3199 1039 3264 opernm
1062 3181 1174 3247 olentes
1197 3191 1236 3248 tit
1253 3192 1326 3249 stro

141 3295 241 3381 θερίαν
275 3288 437 3353 initientur
467 3285 645 3370 ιιιρροθονθθο,
682 3305 764 3371 quac
796 3285 934 3368 Pergero
965 3283 1117 3373 Hesychii
1155 3287 1326 3375 interprete

142 3418 238 3485 qtranr
263 3390 434 3461 Schaelero
458 3389 586 3474 dignior
607 3396 666 3454 est.
716 3389 803 3455 Unele
834 3391 873 3454 sit
906 3396 1018 3454 netum
1053 3394 1240 3467 τελεσθῆναι
1268 3408 1326 3459 uon

142 3501 296 3589 dispicio,
321 3496 388 3561 sire
412 3514 429 3559 e
453 3492 587 3559 lacunae
613 3493 836 3579 supplemento
861 3495 928 3559 sive
950 3513 987 3559 en
1022 3493 1107 3559 iuthi
1129 3498 1327 3563 correctione

141 3605 266 3691 antiqui
293 3597 817 3671 mcutliEPEeltNA1.setlhoc
844 3597 935 3665 video
963 3599 1043 3665 nihil
1078 3600 1141 3665 nisi
1176 3603 1327 3685 αἱρεθῦ·

140 3739 189 3782 σοι
214 3707 370 3791 ςρατνγθς
396 3703 492 3769 scrihi
519 3723 672 3789 umquam
699 3705 864 3789 potuisse,
893 3712 928 3769 ut
963 3704 1048 3791 apud
1084 3704 1326 3791 Xenophontem

140 3820 197 3890 ill.
224 3837 256 3884 ιι.
284 3821 312 3879 1.
345 3817 513 3892 ςραταγεῑν
545 3810 679 3891 ᾑρημένῳ
708 3836 750 3892 τῳ
788 3817 819 3873 et
845 3808 899 3873 ill.
926 3830 969 3875 ιιι.
998 3815 1026 3875 i.
1062 3812 1242 3894 ἱππαρχεῖν
1265 3814 1328 3895 pipu-

141 3928 221 4009 μὲνῳ
244 3930 275 3988 ct
298 3918 352 3984 tlt.
378 3937 418 3981 tr.
447 3922 474 3979 i.
507 3916 587 3987 τίνες
609 3914 758 3995 ςρατηγοὶ
784 3914 930 3995 ᾕρηνται,
954 3924 987 3980 ct
1011 3916 1132 4001 passim
1157 3916 1246 4002 sputi
1262 3935 1330 3984 um·

141 4052 209 4099 nes.
257 4025 337 4107 Quis
360 4030 410 4087 est
439 4021 494 4107 qui
522 4019 633 4086 eredat
664 4020 696 4085 in
730 4019 841 4103 lingna
875 4018 1121 4087 Atheniensium
1149 4040 1210 4108 pro
1240 4025 1331 4105 αἱρεῖ·

141 4140 235 4211 σθαι,
259 4130 380 4199 ἑλέσθαι
406 4136 437 4194 et
461 4127 612 4209 αἱρεθῆναι
639 4123 724 4191 aliuil
749 4122 882 4190 rertnon
916 4124 1081 4211 quodlibet
1109 4124 1270 4197 substitui
1297 4126 1331 4195 itt

144 4240 199 4307 tali
224 4257 259 4304 re
284 4232 397 4321 posse?
