2940 5010
713 267 778 330 tto

153 445 336 532 opinantur.
384 435 541 526 Equidem
559 458 695 506 excussa
714 439 888 527 diligenter
909 439 996 507 omni
1015 439 1181 530 farragine
1199 444 1331 533 scriptu·

153 570 282 628 rarum,
305 566 387 635 quae
406 543 852 633 exdodSexcerptaesunt,
876 566 990 613 maneo
1001 547 1034 613 in
1047 557 1157 617 vetere
1177 553 1330 619 sententia

152 655 243 721 illum
275 652 421 719 Codicem
447 650 540 737 longe
563 652 720 738 longeque
743 652 889 719 omniurn
913 653 970 740 qui
997 671 1085 720 nunc
1107 664 1236 723 exstent
1259 657 1332 744 opti·

153 781 242 828 mum
265 768 298 825 et
322 757 545 824 fidelissimum
570 764 685 823 testem
708 777 796 835 esse,
818 755 874 824 sed
900 777 939 824 ex
963 776 1000 824 ea
1023 778 1059 824 re
1082 761 1200 828 melius
1224 759 1332 828 cortici

150 886 247 955 quarn
271 865 337 932 sint
370 863 488 929 caeteri
511 881 622 928 omnes
641 862 749 928 vitiosi
768 882 866 949 quam
891 864 995 950 ipsius
1019 861 1041 930 S
1061 866 1285 952 integritatem
1304 875 1333 933 et

150 973 245 1040 tidem
270 991 327 1058 per
357 989 391 1035 se
423 976 600 1054 spectatam
624 966 760 1035 laudari.
807 967 877 1035 Non
900 977 948 1036 est
970 969 1124 1056 peccandi
1148 991 1252 1058 genua
1275 991 1334 1058 qun

150 1079 258 1146 Snon
289 1075 503 1153 deformetur,
535 1083 567 1140 et
597 1074 629 1138 in
657 1073 709 1139 his
731 1072 898 1161 complura
930 1081 1007 1139 suut
1039 1074 1126 1142 unde
1155 1077 1333 1145 scribarum

148 1184 246 1251 stulta
264 1189 296 1248 et
309 1179 438 1245 indocta
462 1180 629 1245 temeritas
651 1180 874 1267 potiusquam
899 1177 1046 1246 socordia
1066 1190 1100 1247 et
1122 1181 1252 1249 incuria
1274 1182 1334 1270 pel

148 1291 297 1364 luceant,
322 1285 377 1373 qui
404 1284 526 1367 όότερος
554 1284 668 1368 όατόρῳ
698 1286 744 1352 nil
765 1284 842 1352 mali
872 1286 1076 1372 suspicantes
1099 1285 1282 1362 dederunt,
1303 1295 1334 1355 et

146 1398 220 1470 τόως
234 1394 355 1481 passim
369 1411 426 1478 pro
447 1389 520 1468 ἕως,
543 1398 575 1456 et
595 1391 768 1473 δημήτραν,
792 1391 1007 1471 όξομνόεσόαο,
1028 1392 1270 1473 ναόεταμόνοος,
1292 1395 1334 1460 δε·

148 1504 284 1585 δέχοιτο,
317 1496 499 1581 similiaque
527 1494 607 1572 alia,
639 1496 672 1561 in
705 1495 824 1582 quibus
854 1504 903 1564 est
933 1496 1085 1584 frequens
1116 1497 1198 1565 illud
1229 1500 1333 1588 ipsum

148 1605 324 1682 mendum,
359 1601 397 1668 de
432 1620 496 1687 quo
532 1601 669 1687 agimus.
719 1601 839 1689 Nempe
871 1603 927 1669 ubi
962 1600 1195 1672 Demosthenes
1230 1606 1333 1686 ὤμοσα

148 1713 196 1780 uel
220 1708 389 1792 ὦμοσόμην
412 1706 558 1783 dixerat,
589 1708 643 1772 isti
665 1708 792 1793 saepius
814 1709 1003 1787 ὡμολόγησα
1024 1715 1057 1774 et
1082 1711 1332 1791 ὦμολογησόμην

148 1817 246 1886 stulte
268 1813 491 1891 substituunt,
515 1821 553 1878 ut
575 1813 645 1899 ipse
665 1812 849 1881 llindoriius
873 1816 999 1901 primus
1020 1814 1167 1882 omnium
1192 1816 1333 1883 animad-

147 1925 246 1993 vertit
275 1930 308 1988 et
335 1919 446 2006 paucis
476 1918 631 2005 exemplis
654 1917 793 1985 ostendit
818 1918 859 1984 ad
885 1939 957 2007 pag.
980 1922 1085 1995 1170,
1110 1925 1150 1987 rt
1174 1922 1332 2006 μάρτυρας

149 2027 360 2107 ἐποιησάμεθα
373 2024 499 2096 -τοὺς
519 2025 622 2103 decbr,
645 2021 695 2097 οὓς
720 2024 929 2105 ὠμόσαμεν
952 2026 1125 2104 αλλήλοις,
1148 2026 1206 2094 ubi
1227 2048 1332 2108 nemo,

148 2145 185 2204 ut
195 2136 325 2222 opinor,
349 2150 388 2198 ex
411 2128 484 2195 God.
501 2129 531 2196 S.
555 2131 805 2211 ὡμολογήσαμεν
827 2132 979 2218 recipiet,
1003 2136 1061 2193 aut
1076 2134 1184 2213 1170,
1210 2137 1253 2201 24
1279 2143 1332 2202 ant

147 2243 310 2314 1031,ιὸ
333 2237 591 2316 ὁμολογήσαντας
615 2235 883 2323 ρ1οόμόοαντοος,
903 2243 960 2302 aut
986 2236 1091 2314 1269,
1112 2241 1155 2305 26
1178 2241 1329 2320 όμολογῆ·

146 2373 198 2416 σοον
223 2341 429 2433 ρ1οόμόσοο1,
460 2350 517 2406 aut
542 2345 629 2418 578,
658 2345 699 2407 19
728 2340 1014 2422 ἕξομολορηοόμην
1038 2360 1095 2427 pro
1118 2343 1331 2426 ἐξωμοσάμην.

148 2454 195 2522 dd
227 2452 309 2518 lranc
332 2447 437 2514 lucem
472 2445 563 2513 lacile
587 2447 763 2535 perspicies
787 2448 901 2533 quanti
925 2448 966 2512 sit
996 2447 1143 2519 iacienda
1171 2452 1331 2537 scriptura

145 2558 370 2639 ὡμολόγησε
394 2554 451 2626 την
473 2553 587 2633 εἰρήνην
606 2571 663 2637 pro
684 2552 794 2628 ὤμοσε.
844 2551 948 2619 Simul
968 2555 1130 2644 intelliges
1154 2555 1243 2644 apud
1263 2555 1331 2623 llio·

146 2683 259 2752 genem
284 2661 389 2726 Latini.
413 2656 452 2722 ll.
479 2661 541 2722 40:
574 2658 637 2734 ἧδ’
661 2658 841 2737 όντωμοοόοο
863 2667 918 2735 τῆς
942 2659 1026 2735 δίκης
1053 2668 1160 2729 τοῦτον
1189 2658 1261 2744 εἶχε
1284 2663 1331 2728 τόν

145 2771 267 2854 τρόπον.
293 2765 502 2832 οὲνόκεοταο
526 2763 590 2845 yae
605 2762 650 2827 ἔτι
671 2763 724 2828 καὶ
744 2768 795 2827 νῦν
819 2763 909 2852 (φησὶ
933 2767 1121 2856 Φαβωρῖνος)
1141 2770 1172 2833 ἐν
1195 2769 1240 2851 τῷ
1264 2777 1331 2844 Μη·

145 2876 236 2961 τρῴῳ.
283 2870 371 2939 Τόδε
394 2868 560 2951 ἐγράψατο
585 2869 637 2934 καὶ
661 2870 1034 2948 οὶνόωμολορνόσατο
1057 2874 1205 2949 Μέλητος
1226 2874 1330 2950 Metti·

144 3008 199 3050 του
222 2976 352 3050 Ποτόεύς
377 2976 441 3040 κτὲ.
476 2975 546 3040 sine
570 2973 635 3039 ulla
659 2971 858 3039 dubitatione
881 2976 1086 3055 ἀντωμόσατο
1110 3000 1168 3066 pru
1195 2978 1330 3047 ridicula

145 3088 281 3155 lectione
304 3081 584 3159 οὶνόωμολογῆσατο
616 3100 686 3146 esse
709 3078 983 3148 substituendum.
1032 3082 1200 3172 adscripsi
1231 3093 1266 3151 et
1286 3104 1330 3152 ra·

145 3195 232 3282 liqna
256 3198 292 3255 ut
316 3186 420 3254 obiter
437 3185 642 3252 admonerem
668 3183 893 3271 corrigendum
919 3206 1004 3253 esse:
1037 3197 1177 3257 Κεῖταο
1199 3192 1267 3274 γὰρ
1289 3190 1330 3258 tc

146 3300 198 3366 καὶ
218 3302 269 3363 νῦν
289 3295 320 3359 ἕν
336 3294 380 3374 τῷ
400 3290 557 3375 Μητρῴῳ,
581 3311 641 3357 non
663 3291 844 3368 οὶνόκεοτοοο,
869 3293 931 3357 nisi
956 3292 1038 3359 forte
1060 3295 1210 3376 όνόόημα
1234 3296 1331 3365 fuisse

145 3400 274 3491 putabis
295 3400 350 3473 την
369 3398 574 3476 οὲντωμοοόοον.

191 3505 251 3573 Sed
282 3502 396 3569 addam
423 3502 560 3569 alterum
585 3501 768 3589 exemplum
798 3500 900 3568 lutari
923 3501 1036 3584 ότειμν
1058 3526 1097 3573 ex
1125 3508 1258 3575 inscitia
1280 3507 1332 3576 de·

145 3611 279 3701 pracati.
328 3609 464 3694 Legitur
485 3610 517 3673 in
540 3608 663 3686 libello,
688 3609 744 3695 qui
763 3614 916 3674 Γυναικῶν
937 3613 1065 3686 ’noscat
1086 3612 1283 3680 inscribitur
1303 3621 1334 3680 et

144 3723 178 3787 in
211 3712 411 3784 Plutarcheis
434 3712 681 3791 circumfertur,
712 3713 768 3782 sed
793 3715 933 3800 scriptus
957 3725 1007 3781 est
1031 3717 1175 3784 oratione
1203 3725 1237 3784 et
1262 3719 1335 3786 stilo

143 3824 246 3893 multo
272 3818 423 3887 nitidiore
446 3827 477 3884 et
510 3817 704 3904 elegantiore
728 3840 824 3906 quam
850 3838 915 3906 qua
940 3819 1135 3889 Plutarchus
1159 3823 1208 3889 uti
1241 3822 1336 3921 solet.

144 3933 180 3999 ln
205 3950 242 3996 eo
267 3926 349 3993 libro
373 3947 402 4012 p.
424 3928 500 3991 nnn.
526 3925 561 3989 l.
592 3922 700 3988 editur
728 3927 919 4007 προσέταττε
949 3926 1085 4007 τόμτεον
1114 3930 1165 3995 καὶ
1194 3929 1337 4015 γράφειν

144 4036 245 4109 αὐτὰρ
269 4042 332 4106 τοῖς
352 4029 495 4112 erepton
514 4025 595 4102 ὅπως
614 4029 778 4095 οὲτόωσον
799 4032 834 4097 ἐκ
850 4040 907 4108 τῆς
925 4034 1047 4115 χώρας,
1072 4034 1127 4101 sed
1145 4031 1227 4110 ὅπως
1245 4036 1337 4105 citi·

143 4167 227 4209 corr
251 4137 391 4206 arbitror
414 4156 483 4203 esse
500 4133 748 4201 emendandum.

190 4245 299 4313 Multis
325 4244 422 4309 etiam
448 4261 534 4308 nunc
560 4239 685 4307 mendis
715 4243 944 4331 erroribusque
965 4243 1146 4312 scribarum
1179 4248 1337 4315 suavissi-

144 4372 216 4419 mus
240 4350 293 4416 illc
316 4348 398 4416 litter
426 4346 681 4414 commaculatus
705 4359 771 4429 cst,
804 4349 984 4437 dequibus
1015 4371 1101 4418 nunc
1126 4350 1234 4419 dicero
1272 4373 1339 4420 non
