2940 5010
695 321 760 383 815

139 493 228 574 βιούς
253 488 350 560 habet
372 494 535 572 βιοῦντος,
558 493 676 572 βιοῦντι
701 497 779 560 676.

139 601 254 680 βιῶσαι
279 599 392 665 vitiose
415 618 473 686 pro
495 599 605 679 βιῶναι
630 602 707 666 676.

139 705 313 787 βεβλήκειν
336 704 581 784 -βεβλήκει,
605 704 760 784 βεβλήκοι
786 707 862 771 818.

139 809 325 893 βλέφομαι,
351 828 413 876 non
435 809 550 894 βλέψω
575 813 652 876 667.

140 916 224 998 βλῇο
247 915 405 982 Graecum
430 923 500 994 est,
523 935 586 982 non
610 916 701 995 βλεῖο
725 919 802 982 271.

141 1019 292 1098 βοάλεσέε
316 1020 396 1098 δῆτα
421 1025 475 1089 110.

140 1124 367 1203 βουλεύσεσθαι
386 1162 433 1177 -
450 1125 682 1207 βουλεύσασθαι
707 1131 794 1205 406,
818 1130 895 1194 406.

140 1230 364 1311 βούλομαι-
385 1232 578 1311 βουλεύομαι
604 1235 689 1311 158,
714 1235 792 1301 441.

139 1334 286 1418 βράδιςος
305 1375 351 1387 -
374 1337 571 1419 βραδύτατος
598 1341 673 1404 119.

140 1440 289 1524 βρέχειν,
311 1442 415 1524 βροχή
438 1462 497 1530 pro
520 1440 602 1522 ὕειν,
626 1443 711 1518 ὑετάς
737 1446 815 1510 161.

140 1546 263 1628 βρωσήρ
285 1569 325 1612 =
346 1547 453 1623 έδεςής
478 1553 554 1619 501.

718 1725 754 1781 Γ.

141 1873 166 1930 r
191 1872 223 1931 et
246 1874 276 1930 T
300 1862 434 1932 confusa
457 1870 512 1933 81.

142 1972 280 2049 γαμήσω
304 1970 420 2037 vitiose
442 1990 501 2058 pro
523 1977 619 2051 γαμῶ
643 1974 698 2038 65.

142 2073 469 2154 ssh-fflffl.

143 2178 207 2264 γάρ
231 2218 276 2231 ·-
298 2181 330 2248 δέ
356 2185 432 2247 419.

143 2284 207 2370 γάρ
231 2326 277 2338 -
298 2286 356 2366 μέν
382 2290 459 2355 702.

142 2391 207 2475 γάρ
231 2391 455 2480 respondentis
481 2397 556 2461 702.

143 2499 208 2580 γάρ
231 2496 270 2563 άν
291 2536 336 2548 -
355 2497 420 2581 γάρ
444 2501 533 2574 468,
559 2502 637 2567 660.

144 2604 367 2686 γαςριμαργέα
385 2642 431 2657 -
453 2605 557 2687 γοοςήρ
581 2604 680 2686 άργέα
704 2610 759 2673 59.

144 2733 185 2789 γε
208 2709 329 2776 excidit
354 2714 430 2778 456.

144 2840 185 2896 γε
205 2851 251 2867 -
269 2815 333 2898 γάρ
358 2820 435 2883 427.

142 2945 184 3001 γε
208 2921 315 3008 inepte
339 2921 499 2988 insertum
525 2925 590 2999 68,
615 2925 693 2988 111.

145 3025 331 3105 γεγενημέν’
355 3026 390 3105 ήν
413 3047 472 3115 pro
494 3027 665 3107 ἐγεγένητο
688 3034 721 3094 et
743 3027 816 3094 sim.
842 3031 920 3096 564.

145 3129 320 3214 γεγράφθω
341 3169 386 3182 -
403 3131 572 3216 γραφέσθω
597 3135 674 3199 522.

145 3244 297 3316 γεγωνεῖν
319 3272 365 3288 —
387 3240 421 3317 γ’
445 3240 569 3317 άγνοεῑν
595 3242 624 3303 7.

144 3351 359 3409 ΓΕΙΝΟΜΑΙ
383 3341 468 3410 male
489 3363 549 3431 pro
571 3344 723 3423 γέγνομαι
748 3347 825 3411 555.

145 3446 275 3529 γελάσω
299 3449 414 3516 vitiose
437 3468 496 3536 pro
519 3448 700 3529 γελάσομαι
726 3453 803 3517 249.

144 3552 269 3631 Γελέα,
293 3552 400 3632 Γέλα,
421 3558 540 3639 Γελῷος
566 3562 642 3624 177.

145 3658 276 3738 γέλωτα
296 3667 496 3743 παρασχεῖν,
521 3680 584 3727 non
608 3661 748 3745 πάσχειν
772 3666 848 3730 527.

145 3762 320 3848 γηράσεται
341 3801 387 3815 -
404 3764 600 3847 γηράσκεται
626 3771 702 3836 060.

145 3880 206 3951 γῆς
230 3869 316 3937 κάτω
340 3909 385 3921 -
406 3880 467 3951 711
492 3872 591 3956 exam
618 3877 692 3940 186.

145 3978 294 4057 γίγνεται
318 3976 363 4043 σά
385 3976 454 4059 ἱερά
478 3980 554 4045 586.

145 4083 270 4162 γνήσιος
296 4081 525 4170 interpolatum
550 4085 627 4150 018.

145 4187 271 4267 γνάντες
295 4196 328 4255 et
351 4187 465 4264 εἰδότες
489 4186 645 4257 differunt
670 4196 745 4259 741.

144 4294 292 4376 γναφέως
312 4335 356 4349 -
376 4295 523 4379 γραφέως
539 4264 625 4363 084.

145 4407 299 4483 γνωςήρες
322 4423 368 4465 =
392 4402 550 4481 ε’γγννσαέ
574 4406 651 4471 588.
