2940 5010
785 244 850 307 526

243 418 417 501 παίζομεν,
453 419 536 497 alia,
567 417 606 486 de
641 418 759 505 quibus
797 437 895 505 supra
927 416 1077 483 diximus.
1134 416 1266 504 lleperit
1297 418 1428 505 primus

245 526 389 591 omnium
414 544 522 592 veram
553 525 748 611 scripturam
772 524 958 602 Beklrerus,
989 525 1044 609 qui
1067 520 1224 590 intellexit
1247 523 1429 591 secundam

244 648 412 716 personam
443 629 596 714 πράξοντε
627 638 759 716 apoeta
791 627 964 715 proiectam
997 648 1066 694 esse
1100 635 1232 714 repente
1261 627 1303 696 ad
1340 630 1430 717 ipsos

244 734 454 802 Athenienses
477 737 558 803 scite
589 734 761 801 admodum
796 734 972 800 orationem
1007 740 1225 801 convertente.
1271 733 1340 801 Nae
1372 733 1428 801 ille

244 841 370 907 minimi
406 842 502 927 pretii
533 839 748 906 homunculus
775 838 858 918 luit,
889 839 946 926 qui
977 837 1053 904 olim
1086 839 1217 905 tertiam
1253 858 1426 927 personam

242 946 365 1033 requiri
389 955 506 1033 putans
526 944 566 1012 de
585 965 643 1011 suo
667 943 883 1026 πράξωνντ*
905 943 1025 1023 erasto
1051 942 1219 1010 substituit
1241 952 1275 1012 et
1296 953 1427 1011 tantum

243 1070 306 1117 non
329 1071 440 1118 ornnes
459 1070 516 1138 per
538 1060 584 1117 tot
607 1050 734 1117 saecula
755 1050 900 1116 homines
921 1048 1031 1116 doctos
1050 1048 1234 1117 luditicatus
1256 1056 1318 1116 est.
1365 1048 1430 1117 Sed

244 1155 284 1222 ad
320 1156 518 1244 propositum
549 1155 663 1224 redeo:
696 1157 723 1223 si
755 1156 829 1242 quis
856 1156 890 1221 in
924 1154 1149 1241 Aristophanis
1186 1153 1359 1223 (lodicibus
1396 1166 1430 1223 et

245 1260 442 1347 reliquorum
473 1270 640 1348 poetarum
672 1260 790 1328 viderit
821 1277 928 1326 erases
959 1260 1078 1346 passim
1108 1257 1223 1327 resolvi
1247 1269 1281 1327 et
1313 1260 1427 1329 obseu-

243 1367 333 1445 rari,
363 1365 511 1433 elisiones
533 1367 652 1454 negligi
674 1376 707 1434 et
727 1374 815 1434 certa
842 1365 949 1431 omnia
972 1362 1107 1430 convelli
1130 1373 1235 1431 metro
1259 1364 1426 1453 iugulato,

244 1471 375 1538 Codices
397 1470 438 1537 ad
463 1491 564 1538 unum
586 1492 696 1538 omues
720 1472 754 1536 in
783 1470 901 1538 talibus
932 1478 1138 1537 contemnere
1159 1468 1293 1537 audebit
1318 1479 1353 1538 et
1375 1491 1424 1539 re·

243 1596 361 1664 ponere
388 1576 508 1662 ubique
539 1576 623 1662 quod
655 1596 732 1642 sana
761 1577 845 1643 ratio
876 1583 909 1643 et
938 1575 1065 1642 dicendi
1097 1595 1176 1643 usus
1204 1574 1423 1662 postulabunt.

243 1682 279 1747 ln
304 1681 445 1748 Platonis
479 1680 648 1769 Symposio
678 1701 750 1769 pag.
773 1686 836 1749 199
860 1681 897 1747 ll.
923 1680 1083 1767 legimus:
1113 1675 1175 1764 άρω
1199 1682 1214 1747 d
1237 1684 1344 1764 ποτνίρ
1377 1684 1422 1753 ἔτι

243 1789 348 1871 πωτιίρ
371 1809 472 1864 τινοες
496 1824 542 1839 -
563 1791 668 1855 οὐκοῦν
686 1787 740 1853 καί
761 1789 778 1863 τί
801 1788 902 1867 μάτηρ
925 1786 1091 1860 drudam
1113 1822 1159 1835 ·-
1180 1787 1214 1853 τί
1235 1786 1310 1863 δαίς
1333 1788 1424 1855 άδελ-

242 1895 302 1976 φίς
325 1894 402 1960 αὐτὸ
426 1898 516 1960 τοῦτο
538 1890 610 1975 άπερ
632 1893 695 1963 ἕςίν
718 1892 764 1962 ἔτι
787 1893 867 1966 τινάς
888 1890 1027 1973 άδελφὸς
1058 1894 1076 1968 ἢ
1103 1891 1161 1968 σάς
1186 1893 1271 1958 satin
1296 1902 1422 1961 eertum

243 2017 311 2066 esse
335 2008 431 2087 putas
451 2000 557 2066 crasin
579 1998 780 2065 obscuratam
805 2015 876 2062 esse
895 1996 927 2061 in
947 1998 981 2063 τί
1002 1998 1055 2063 lai
1066 2026 1077 2075 ;
1101 1997 1241 2082 οἱδελφίς
1261 2034 1309 2051 -
1329 2006 1369 2066 ut
1390 2000 1423 2067 in

242 2105 402 2188 dccrdp,
426 2107 443 2180 ἡ
467 2103 593 2187 persp?
630 2104 665 2170 ln
686 2101 797 2169 eodem
822 2100 969 2190 Sympos.
994 2121 1024 2188 p.
1043 2106 1109 2170 220
1131 2102 1166 2169 d.
1196 2122 1254 2189 pro
1277 2102 1424 2185 ἄνθρωπον

242 2209 404 2296 ᾐσθάνοντο
425 2208 517 2277 facile
541 2207 740 2295 intelligetur
758 2204 904 2287 άνίρωτοι
923 2224 1036 2272 verum
1057 2226 1126 2275 esse
1143 2217 1177 2275 et
1194 2206 1308 2276 eodem
1328 2208 1424 2277 modo

241 2316 276 2380 in
300 2314 472 2382 llellenicls
503 2312 610 2380 tribus
639 2313 718 2379 loeis
746 2309 893 2395 άνίρωποο
915 2310 1157 2379 rescribendum
1185 2319 1235 2379 est
1256 2312 1314 2381 ubi
1338 2333 1425 2383 nnnc

241 2419 326 2488 male
354 2418 475 2505 legitur
504 2418 672 2502 άνίρωποι,
708 2417 747 2485 ll.
772 2436 817 2482 nr.
843 2419 885 2483 99
909 2424 941 2483 et
965 2415 1020 2482 lV.
1043 2437 1065 2482 1.
1090 2420 1133 2484 et
1162 2424 1194 2484 et
1224 2416 1277 2485 Vl.
1298 2438 1347 2487 ιιι.
1371 2425 1422 2489 to.

239 2523 451 2592 destituenda
474 2524 550 2591 item
571 2524 671 2590 erasis
690 2531 737 2589 est
758 2521 783 2588 l.
808 2541 837 2586 v.
861 2525 890 2586 7.
916 2521 949 2586 in
973 2522 1246 2606 προῦφεολίμενονε
1271 2522 1422 2593 dicebant

240 2630 326 2697 enim
351 2630 452 2696 Attici
471 2630 647 2713 προύφείλω
671 2633 704 2694 et
729 2627 939 2711 προάφειλον,
971 2629 1194 2711 προῦφείλετοιι
1218 2637 1250 2696 et
1273 2632 1422 2715 προωφεί-

237 2751 328 2815 λετο,
352 2736 461 2823 itaque
478 2733 739 2817 reodosindum
759 2732 936 2817 genuinum
958 2739 1017 2798 est.
1053 2732 1134 2814 Quis
1151 2731 1315 2802 dubitabit
1334 2736 1421 2805 'l'bu-

238 2838 348 2930 cydidi
377 2839 511 2908 reddere
536 2839 561 2906 l.
586 2842 639 2906 32.
668 2838 847 2921 εὐεργεσίας
870 2836 1018 2914 μεγάλης
1045 2839 1308 2922 προάφειλομὲνιρς
1333 2840 1422 2931 (libri

226 2958 350 3013 'ornnes
373 2944 547 3033 τροοφειλ.)
573 2965 672 3031 quum
698 2942 815 3009 viderit
838 2940 986 3008 librarios
1008 2942 1040 3007 in
1063 2942 1289 3031 Aristophanis
1309 2944 1423 3035 vespis

237 3073 363 3141 quoque
385 3073 432 3120 vs.
455 3057 486 3119 5.
511 3052 708 3134 προύφείλεις
731 3051 764 3114 in
784 3046 970 3130 προῦφεολες
993 3046 1163 3115 barbaram
1184 3046 1326 3117 lormam
1348 3070 1422 3119 eon·

237 3160 394 3237 vertisse,
425 3155 501 3222 alibi
534 3158 747 3239 προσοφείλειν
775 3151 917 3219 scribere
940 3160 973 3219 et
1000 3152 1063 3220 alia
1086 3172 1221 3241 peceare
1252 3156 1287 3223 in
1317 3154 1421 3225 dorma

237 3264 299 3330 sibi
329 3262 422 3350 plane
455 3263 630 3348 incognita.
681 3257 909 3347 lmperieetum
941 3264 974 3325 et
1005 3255 1079 3323 alibi
1113 3258 1234 3346 legitur
1265 3267 1299 3328 et
1333 3260 1421 3351 apud

236 3359 466 3454 Antiphontem
505 3363 592 3432 Orat.
617 3365 655 3430 V.
690 3364 793 3455 §dn
826 3363 911 3447 είπερ
947 3365 1155 3448 προωφείλετο
1194 3368 1282 3450 adep
1312 3368 1420 3435 nativ.

236 3472 357 3540 Eadem
382 3491 477 3559 opera
507 3470 688 3561 Thucydidi
711 3469 807 3537 redde
830 3470 854 3535 l.
880 3475 931 3537 ld.
964 3472 990 3536 oi
1013 3469 1201 3552 προῦχοντες
1229 3469 1286 3537 ubi
1308 3470 1420 3559 vulga·

98 3630 104 3645 .
236 3586 293 3645 tur
315 3579 341 3644 οί
364 3577 563 3660 προσχόντες.

281 3683 318 3748 ln
343 3680 463 3748 llellen.
484 3682 507 3747 l.
532 3702 565 3747 ιι.
591 3685 645 3749 ed.
679 3678 807 3746 videtur
823 3679 962 3746 indoctis
981 3677 1125 3745 librariis
1147 3679 1257 3748 deberi
1279 3682 1420 3769 seriptu-

235 3808 273 3855 ra
296 3786 437 3865 δίξοιντος
461 3789 590 3865 τούτου,
615 3787 671 3874 qui
690 3786 833 3851 Atticum
863 3784 990 3852 dicendi
1011 3804 1114 3870 genus
1137 3785 1172 3852 in
1190 3783 1283 3863 δόξαν
1305 3792 1418 3865 τοῦτο,

232 3892 367 3971 δίξοοντοο
391 3898 517 3971 τοῦτο,
540 3891 741 3971 δεδογμένον,
774 3891 955 3968 συνδοκοῦν,
985 3890 1111 3976 aliaque
1142 3888 1352 3971 istiusmodi,
1381 3900 1418 3957 ut

233 4000 403 4080 εἰρημένον,
434 3997 608 4085 depravare
631 3996 733 4063 solent
757 3996 803 4063 sic
827 4005 863 4063 ut
892 4016 950 4083 pro
972 3996 1167 4063 accusativis
1190 4014 1271 4084 quos
1293 3998 1418 4065 miran-

233 4112 288 4170 tur
311 4103 510 4171 substituant
532 4102 701 4190 genitivos.
747 4102 859 4189 ltaque
879 4100 971 4180 δόξαν
990 4106 1081 4168 τοῦτο
1100 4100 1322 4190 reponendum
1347 4122 1417 4171 esse

230 4228 347 4276 censeo
378 4208 554 4296 eodemque
586 4207 681 4276 modo
704 4207 932 4295 interpolatum
964 4225 1034 4274 esse
1061 4208 1210 4295 suspicor
1229 4208 1254 4275 l.
1279 4228 1336 4275 vn.
1360 4213 1415 4277 50.

229 4312 380 4391 δοξάντων
401 4316 516 4382 τούτων
539 4336 597 4402 pro
626 4313 718 4392 δίξοον
749 4319 838 4381 τοῦτο
870 4323 904 4380 et
927 4314 966 4379 V.
991 4336 1023 4379 ιι.
1049 4316 1102 4381 ll.
1132 4310 1284 4391 δοξάντων
1306 4316 1341 4383 δὲ
1365 4314 1419 4385 sal
