2940 5010
711 262 774 324 tul

143 437 338 504 eonieeturis
372 434 590 519 interpretum
622 441 655 501 et
685 433 865 501 Editorum.
912 433 1036 501 Nouum
1068 436 1224 505 mendum
1255 458 1327 507 eou-

142 543 280 631 spicilur
303 543 336 607 in
360 539 384 629 §
410 543 452 605 at
477 539 597 606 σποίνια
613 541 671 619 μὲν
694 541 817 623 ὁρῶντες
836 539 881 608 τοὶ
899 541 988 619 ὤνια,
1011 540 1132 611 σπάνια
1151 545 1179 611 δ’
1202 542 1326 627 ἔχοντες

140 647 232 716 ὅταν
256 648 421 725 ὠνήσεσθε,
447 643 600 732 Stephani
620 645 807 711 coniectura
840 644 950 712 infelix
969 645 1142 714 admodum
1164 656 1217 716 est
1237 647 1326 727 ίτννν,

142 773 238 842 quam
263 761 370 820 tamen
392 770 503 817 omnes
527 749 692 836 probatam
716 759 919 837 receperunt.
966 751 1003 817 lo
1027 750 1118 818 libris
1141 751 1326 823 melioribus

141 867 190 927 est
213 856 287 926 ὅταν
309 859 440 934 ώνήσίε,
466 858 498 921 in
524 853 737 923 deterioribus
760 853 829 922 ὅσον
853 858 1020 935 ὠνήσεσθε,
1043 857 1129 944 quod
1157 859 1255 928 unice
1277 879 1326 928 re·

140 984 213 1030 rum
237 971 297 1031 est.
345 962 434 1044 Quod
459 961 680 1028 demonstrant
710 959 796 1028 docti
820 960 967 1030 homines
989 961 1064 1029 ὅτων
1092 964 1235 1033 Atticam
1268 963 1325 1032 lor·

139 1089 226 1135 mam
257 1089 348 1147 esse,
382 1067 463 1134 nibil
493 1066 569 1133 lacit
593 1065 633 1132 ad
658 1086 750 1145 rem,
780 1066 836 1134 sed
870 1064 968 1135 irae
1000 1069 1149 1146 ὠνήσεσίε
1175 1090 1236 1159 pro
1257 1067 1323 1138 ίτον

140 1173 205 1240 diui
239 1193 330 1262 posse
363 1193 456 1239 nemo
490 1170 725 1239 demonstrabit
756 1191 920 1259 umquam.
979 1173 1047 1241 Non
1078 1172 1175 1243 aliter
1207 1174 1325 1245 umeea

140 1279 205 1347 diei
230 1287 333 1367 polest
357 1299 455 1366 quam
474 1275 543 1345 ὅτου
569 1280 721 1356 ὠνήσομαι
742 1284 774 1343 el
796 1279 901 1345 ὂπίίεν
925 1282 1089 1361 ὠνήσομαι.
1135 1280 1232 1348 Latet
1252 1279 1327 1349 alibi

140 1386 279 1464 vitium,
315 1384 400 1471 quod
440 1385 488 1450 sie
522 1382 728 1450 eximendum
765 1392 815 1450 est
854 1393 890 1451 ut
925 1384 1089 1451 scribatur
1119 1386 1243 1454 σπάνια
1270 1387 1326 1467 μίν

141 1494 264 1573 ὁρῶντες
287 1489 330 1556 τοὶ
351 1491 442 1567 ὤνια,
474 1488 642 1555 σποίνιοι
672 1488 699 1554 δ’
729 1488 855 1570 ἔχοντες
877 1486 948 1556 ὅτου
971 1493 1138 1569 ὠνήσεσθε,
1162 1501 1197 1559 el
1218 1510 1325 1561 rerum

143 1595 303 1662 venalium
329 1603 397 1661 erat
430 1595 564 1681 penuria
589 1602 619 1661 et
644 1613 756 1660 eorum
781 1598 837 1681 qui
869 1594 954 1662 unde
988 1604 1133 1663 emerent
1162 1596 1325 1666 baberent

142 1700 334 1768 Similllmus
357 1700 447 1767 loeus
470 1708 520 1765 esl
543 1699 597 1765 Ill.
623 1720 645 1764 1.
672 1703 735 1766 20:
759 1697 828 1766 ὅτου
851 1702 878 1766 δ’
899 1701 1075 1780 ὠνησόμεθα
1095 1703 1175 1786 ᾔδειν
1199 1702 1247 1770 ἔτι
1268 1705 1326 1771 tal·

140 1831 215 1888 γους
248 1807 391 1888 ἔχοντας.
439 1804 504 1871 Cur
531 1803 681 1870 maluerit
707 1813 816 1871 nostro
849 1804 918 1872 loeo
947 1806 1068 1873 στσίνιοι
1100 1826 1198 1893 qnam
1231 1809 1326 1889 ίλίννι

141 1912 248 1979 dicere
261 1912 470 1999 perspicuum
492 1919 558 1989 est,
583 1929 687 1996 neque
707 1910 880 1977 obscurum
902 1911 1061 1999 quomodo
1082 1910 1205 1980 laetum
1229 1916 1272 1981 sit
1293 1924 1328 1982 ut

141 2017 271 2104 vulgata
294 2015 389 2083 lectio
413 2024 611 2083 nasceretur.

187 2122 327 2189 Evidens
359 2121 518 2189 emblema
540 2130 590 2187 est
616 2122 650 2187 in
679 2120 703 2211 §
728 2128 770 2189 50
799 2125 825 2190 εί
853 2124 885 2189 δὲ
914 2125 951 2200 δή
983 2125 996 2189 ὁ
1021 2123 1235 2208 συμπαρέχων
1258 2127 1327 2207 ὑμῖν

141 2229 260 2304 ταύτην
290 2231 346 2304 τήν
373 2228 557 2311 οὶσφοίλειαν
587 2228 632 2306 μή
661 2227 744 2294 πάνυ
776 2230 873 2295 πολὺν
908 2230 1014 2309 proteo
1048 2230 1227 2312 προσετέλει
1260 2231 1327 2321 [τῆς

141 2333 361 2420 demetriad,
385 2331 524 2399 absurde
547 2334 633 2399 enirn
659 2331 780 2398 dieitur
803 2335 909 2413 μισίος
938 2344 994 2410 τῆς
1018 2336 1222 2418 ἀσφαλείας,
1245 2346 1279 2403 el
1301 2338 1326 2402 si

141 2452 180 2525 τή
211 2442 378 2524 ἀσφαλείᾳ
407 2437 629 2503 emendaveris
660 2447 691 2503 et
724 2437 845 2505 insulse
878 2438 1049 2506 admodum
1082 2440 1232 2508 additum
1266 2443 1327 2508 erit

143 2566 246 2631 neque
279 2543 312 2609 id
337 2545 442 2630 ipsuur
468 2542 547 2607 bene
571 2542 728 2608 Graecum
753 2552 802 2609 est
825 2546 930 2623 μισίὸν
952 2554 1133 2628 προστελεῑν
1157 2557 1198 2630 τή·
1220 2550 1327 2630 eape-

140 2652 212 2734 λεία
236 2669 294 2735 pro
316 2659 355 2732 τῇ
378 2650 546 2731 οὶσφαλείρι
570 2648 622 2713 καὶ
648 2650 754 2726 μισθὸν
780 2653 963 2731 προσθεῖναι.
1012 2651 1109 2717 llecle
1131 2651 1257 2717 diditur
1279 2656 1327 2734 οὶρ·

142 2756 244 2837 νόριον
266 2763 368 2821 τελεῖν
401 2753 453 2820 καὶ
485 2752 578 2834 χάριν
608 2757 681 2835 πρὸς
702 2753 831 2824 εἰδέναι.
865 2754 917 2821 ulti
942 2758 984 2838 τῷ
1005 2757 1138 2838 οίργνρίιρ
1166 2756 1241 2823 addi
1267 2777 1327 2823 uun

142 2869 268 2947 potest,
292 2861 445 2947 quoniam
469 2860 578 2925 εἰδέναι
610 2861 750 2940 ἀργύριον
777 2867 841 2924 tanr
876 2859 1050 2926 absurdum
1083 2871 1133 2927 est
1156 2871 1256 2949 atque
1278 2889 1329 2931 τε·

142 2975 207 3032 λεῑν
239 2966 432 3050 νὶσφσίλειαν.
492 2964 660 3031 Praeterea
695 2966 842 3052 suspicor
875 2964 1116 3052 Xenophontem
1153 2987 1212 3053 pro
1248 2970 1328 3037 ποίνν

141 3073 240 3139 πολύν
264 3072 431 3157 scripsisse
455 3073 480 3135 εί
506 3109 549 3120 -
573 3073 617 3149 μή
642 3071 870 3150 πάμπολυν
900 3073 1006 3149 μισθὸν
1027 3074 1225 3153 προσετέλει,
1245 3075 1328 3162 quod

142 3177 334 3245 uocabulum
357 3176 571 3258 είρωνενομένῳ
590 3175 709 3262 optime
732 3175 892 3240 convenit.
941 3174 1090 3244 Vidimus
1113 3198 1213 3265 supra
1231 3200 1327 3267 quarn

142 3282 235 3350 tacite
265 3280 505 3363 πανχοίλεπος,
537 3281 723 3363 ποίνχρνςος
759 3281 889 3347 elsim.
917 3281 948 3346 iu
982 3282 1065 3349 urive
1095 3286 1243 3365 χαλεπός
1268 3296 1326 3354 cel.

143 3388 406 3475 depravarentur.
460 3386 502 3453 Et
541 3405 693 3473 persaepe
725 3386 897 3465 ποίασσλνς
943 3387 976 3451 in
1012 3388 1151 3454 rluabasi
1186 3389 1328 3478 legitur,

142 3515 172 3560 v.
195 3514 223 3559 c.
248 3492 316 3558 Vll.
341 3513 392 3558 111.
420 3497 472 3559 55.
509 3492 692 3574 Ἡρακλείδῃ
723 3490 923 3570 πάμπολυ
947 3495 1031 3559 δοκεῖ
1050 3498 1140 3561 τοῦτο
1163 3498 1200 3563 τὸ
1231 3499 1327 3582 ciprii·

140 3625 197 3682 ριον
221 3593 308 3663 εἶναι.
357 3597 432 3663 Post
461 3617 563 3684 pauca
594 3616 692 3662 novas
723 3597 835 3663 turbas
868 3597 993 3664 scribae
1016 3598 1174 3666 dederunt
1199 3604 1234 3670 in
1258 3624 1326 3673 ver·

140 3705 210 3772 bis:
234 3705 286 3770 καὶ
311 3702 363 3770 δια
386 3708 476 3768 τοῦτο
500 3703 621 3785 οὐδαμῇ
645 3702 742 3766 alsede
763 3710 875 3784 χρῆναι
900 3703 1000 3785 ζῶντα
1022 3705 1087 3785 ἐμὲ
1111 3707 1180 3773 teo
1204 3705 1325 3790 εἶναι,

138 3810 192 3876 alii
218 3807 316 3892 ζῶντα
340 3815 375 3888 μ’
399 3807 438 3874 ἂν
461 3803 558 3884 εἶναι,
590 3806 647 3885 ἐμὲ
671 3805 709 3872 ἂν
741 3803 839 3883 εἶναι,
863 3809 919 3887 ἐμὲ
942 3810 1082 3889 οξνιέναι,
1105 3813 1161 3890 ἐμὲ
1183 3815 1326 3895 aretoas,

139 3936 224 3982 unns
247 3915 285 3980 ll.
318 3916 374 3994 ἐμὲ
398 3916 452 3981 ε’ῖιν
476 3911 574 3988 εἶναι,
605 3911 690 3998 quod
723 3911 907 3980 llindorlius
937 3916 1068 4001 recepit.
1117 3915 1178 3984 Sed
1211 3919 1325 3988 Graeci

138 4020 287 4087 dicebaut
311 4022 347 4086 ἐῶ
371 4020 447 4102 ζῆν,
472 4019 595 4100 πατέρα
618 4018 644 4082 δ’
669 4016 706 4083 ἔα
728 4017 799 4099 ζῆν,
823 4040 885 4084 non
910 4019 997 4101 ζῶντ’
1016 4016 1104 4088 εἶναι.
1137 4022 1253 4094 Melius
1276 4035 1325 4093 est

137 4126 302 4212 aliquanto
331 4126 418 4208 ζῶντ’
441 4125 497 4203 ἐμὲ
520 4126 637 4189 νὶνεῑναι
663 4124 725 4188 nisi
750 4123 833 4210 quod
858 4125 976 4191 σὶνεῑναι
1001 4146 1063 4191 non
1088 4128 1168 4194 satis
1200 4140 1324 4199 certam

136 4230 232 4297 babet
255 4231 350 4298 lidenr
382 4249 441 4317 pro
471 4232 600 4313 σίφεῑναι
625 4231 773 4316 positum.
823 4230 911 4296 Unus
943 4239 1070 4299 tautum
1098 4242 1147 4301 est
1176 4234 1268 4303 loeus
1291 4239 1325 4303 in

135 4335 256 4403 Hellen.
282 4337 320 4403 Il.
347 4358 392 4403 111.
418 4341 471 4402 iil.
496 4337 522 4401 εί
546 4337 697 4415 ἀνήσομεν
721 4334 816 4419 ἄνδρα
839 4357 897 4424 pro
917 4340 1102 4423 ἀφήσομεν,
1125 4341 1222 4408 cuius
1247 4360 1327 4410 usus
