2940 5010
643 299 703 359 541

187 474 242 538 aa.
288 468 437 536 Socrates
468 466 622 542 πολλάκις
655 470 797 545 ’Λίιίνησι
826 476 939 550 λοιμῶν
965 468 1134 549 γενομένων
1166 466 1256 549 μένοι

66 578 126 645 οὐκ
149 574 302 651 ένίσησεν.
349 572 415 639 dioc
444 593 519 640 vero
542 580 592 638 est
619 575 653 639 έιι
680 576 776 653 μυίας
806 574 970 657 ἐλέφαντα
1001 583 1109 642 ποιεῖν.
1156 574 1255 641 Pesti-

67 681 203 749 lentiam
223 678 321 747 semei
342 679 376 744 in
398 679 476 745 urhe
494 687 672 764 grassatam
696 688 841 758 constat,
865 681 899 746 in
920 700 983 767 qna
1004 688 1131 766 praeter
1153 698 1254 745 unum

69 785 236 854 Socratem
260 795 404 852 caeteros
431 804 544 851 omnes
573 792 757 871 aegrotasse
788 806 829 852 ne
860 786 992 871 Diogeni
1024 783 1151 851 Laertio
1180 785 1255 870 qui·

68 890 168 971 dem,
202 892 231 959 si
254 889 315 957 hoc
347 909 443 977 agere
472 888 643 969 voluisset,
678 910 739 956 non
767 890 870 978 potnit
899 909 962 956 non
997 887 1174 956 absurdum
1210 889 1254 954 ri·

69 996 152 1067 deri.

185 1105 238 1168 td.
287 1100 520 1169 Suavissimum
544 1108 775 1166 commemorat
809 1099 1054 1166 Atheniensium
1084 1100 1252 1166 inventum

67 1208 110 1277 ad
133 1226 237 1295 remp.
262 1225 342 1273 nora
366 1205 473 1272 sohoie
496 1205 692 1291 augendam:
721 1205 773 1271 troi
794 1206 829 1271 τί
857 1205 1033 1286 λιπανδρεῑν
1054 1206 1253 1290 ἐψηφίσαντο

67 1322 189 1395 γαμεῖν
207 1312 265 1393 μέν
285 1314 364 1388 daim
385 1312 484 1392 μίαν,
506 1311 749 1377 παιδοποιεῖσθαι
771 1311 802 1377 δὲ
824 1311 877 1377 καί
900 1309 936 1388 έξ
957 1309 1073 1391 ἑτέροις.
1099 1310 1132 1377 si
1157 1309 1254 1377 Athe·

69 1420 200 1487 nienses
223 1416 303 1484 hene
327 1417 418 1494 nori,
441 1416 522 1482 nihil
542 1424 612 1483 erat
636 1417 677 1481 iis
698 1425 733 1482 ut
757 1415 789 1481 id
809 1415 952 1483 iacerent
974 1435 1012 1482 eo
1036 1415 1253 1502 psephismate

67 1542 162 1613 opus.
209 1520 272 1589 Sed
295 1522 420 1599 omisit,
453 1521 567 1599 credo,
600 1522 756 1607 Diogenes
785 1520 902 1589 addere
935 1519 1052 1588 liberos
1084 1522 1132 1586 sio
1163 1529 1255 1586 natos

68 1648 110 1697 ax
132 1627 188 1695 iiio
209 1627 428 1715 psephismate
449 1627 571 1712 optimo
602 1627 673 1692 iore
696 1627 783 1693 cives
815 1626 938 1692 Atticos
962 1623 1071 1694 inisse.
1119 1625 1182 1708 Qui
1208 1633 1256 1691 ta·

68 1732 157 1802 iihus
178 1732 274 1800 hahet
304 1731 398 1799 iidem
424 1730 630 1818 abantiquis
654 1731 784 1798 Graecis
810 1731 961 1812 μακάριος
985 1736 1044 1797 τῶν
1063 1737 1179 1815 φρενῶν
1202 1749 1256 1817 ap·

70 1838 221 1929 potiatur.
1236 1830 1238 1834 ⁴

186 1946 240 2011 28.
287 1940 520 2030 Lepidissimns
540 1949 588 2007 est
605 1940 693 2006 locus
711 1939 751 2007 de
770 1940 916 2018 Socrate,
941 1941 996 2029 qui
1012 1959 1255 2028 nonnumquam

71 2053 147 2133 πρὸς
171 2050 243 2125 τοὺς
274 2049 395 2130 καιροὺς
426 2046 653 2128 ἁρμοττόμενος
683 2046 820 2127 λαμπροὶ
852 2047 1043 2128 ἠμπίσχετο.
1096 2047 1257 2133 Conopone

69 2174 145 2223 oum
169 2153 221 2220 his
244 2152 385 2220 Platonis
408 2151 514 2218 iocum
541 2153 572 2217 in
598 2151 789 2240 Symposio,
824 2152 908 2217 unde
943 2151 1022 2218 haec
1056 2170 1090 2218 ae
1124 2151 1257 2219 haurire

70 2258 207 2336 aorihit,
243 2266 276 2325 et
299 2256 491 2324 subridehis.
538 2256 657 2324 Eadem
683 2258 829 2323 cernitur
859 2256 938 2323 fides
972 2264 1004 2323 et
1037 2276 1116 2323 cura
1147 2259 1178 2323 in
1215 2258 1257 2323 iis

70 2384 155 2455 qnae
177 2372 360 2451 sequuntur
388 2362 427 2430 de
451 2361 683 2452 Enthyphrone
706 2370 738 2428 et
762 2361 881 2451 Lyside
906 2365 925 2449 §
947 2366 1001 2428 ao.
1027 2370 1059 2428 et
1082 2360 1176 2429 tacite
1206 2363 1255 2428 io-

72 2470 197 2559 teiiiges
220 2468 366 2536 eiusdem
392 2467 514 2535 tarinae
538 2488 607 2534 esse
630 2487 711 2554 quae
743 2471 762 2555 §
786 2473 839 2535 50.
863 2467 904 2534 de
926 2467 1087 2555 iphicrate
1111 2466 1255 2534 referun-

69 2582 135 2644 tur.

189 2686 244 2749 38.
291 2680 417 2770 Anytus
443 2680 567 2746 Socrati
595 2682 748 2763 ἕπηλειφε
774 2681 844 2754 τοὺς
868 2680 936 2759 περὶ
956 2682 1008 2747 τὸν
1035 2678 1253 2762 ’ΛριςοΦιίνην

68 2784 186 2855 (imnia
209 2786 346 2851 mirifica
378 2793 455 2851 sunt
486 2785 634 2873 quaeda
665 2786 807 2852 Socratis
838 2784 958 2852 iudicio
991 2783 1253 2851 consorihiharit.

68 2894 199 2981 Anytus
232 2891 375 2978 primum
409 2893 554 2957 omnium
587 2890 832 2977 Aristophanem
866 2891 898 2956 in
934 2910 1008 2956 eum
1045 2888 1254 2964 subornavit,

67 2996 186 3065 deinde
206 2998 352 3071 Μέλητον
376 2998 553 3063 συνέπεισεν
572 2996 807 3076 ἀπενέγκασθαι
827 2997 899 3061 κατ’
918 2997 1013 3061 αὐτοῦ
1034 2996 1161 3078 γραφην
1179 2995 1253 3059 cira·

65 3104 173 3187 βείιιε.
219 3102 331 3188 itaque
351 3102 486 3169 Mutatus
516 3101 680 3168 Socratem
705 3102 738 3166 in
764 3098 919 3165 iudicium
947 3098 1102 3175 adduxit,
1126 3094 1195 3166 είπε
1221 3098 1254 3164 δὲ

66 3211 126 3285 aar
159 3207 243 3284 δίκην
273 3207 489 3286 Πολύευκτος,
524 3206 701 3289 συνέγραψε
734 3207 766 3272 δὲ
795 3207 847 3272 τὸν
880 3204 973 3284 λόγον
1007 3202 1209 3286 Πολυκράτης
1237 3203 1255 3269 ὅ

66 3314 201 3397 romeis
224 3313 417 3390 ἣἌνντος,
440 3311 478 3387 ὥς
501 3337 591 3387 τινες.
639 3312 766 3400 Anytus
794 3318 962 3397 postquam
993 3318 1119 3397 poetam
1150 3308 1253 3375 Comi·

66 3436 145 3487 oum
166 3426 204 3483 nt
222 3416 387 3483 Socratem
411 3417 502 3484 iudos
522 3418 669 3503 iocosque
692 3416 812 3483 taceret
842 3415 926 3481 ciam
952 3416 1134 3500 instigavit,
1159 3433 1253 3480 accu-

65 3530 207 3591 satorem
231 3524 260 3587 ei
283 3521 667 3609 comparavitMeietum,
690 3522 746 3608 qui
758 3520 931 3587 accusandi
957 3521 1253 3607 negotiumimpro·

65 3630 108 3697 ho
130 3624 257 3695 Oratori
291 3626 457 3693 mandavit
481 3627 672 3715 Polyeucto,
695 3628 751 3712 qui
783 3626 906 3711 etipse
932 3625 1147 3691 accusationis
1176 3645 1254 3691 oon·

66 3730 257 3801 scribendae
287 3733 453 3818 negotium
486 3731 574 3799 dedit
608 3732 776 3818 Sophistac
810 3731 993 3820 Polycrati,
1026 3728 1096 3807 ret,
1132 3737 1168 3795 ut
1198 3728 1255 3796 alii

67 3847 220 3907 auctores
251 3846 349 3916 sunt,
383 3839 445 3925 ipsi
473 3841 595 3928 Anyto,
619 3843 674 3923 qui
699 3836 875 3924 plurimum
901 3855 1016 3923 operae
1039 3832 1254 3919 compendifa-

66 3962 145 4013 οπο
166 3942 332 4029 potuisset.
380 3943 527 4009 Nondum
559 3943 639 4008 satis
662 3951 731 4007 est:
763 3942 973 4023 προητοίμασε
996 3940 1027 4005 δέ
1048 3936 1176 4015 πάντα,
1207 3940 1254 4005 in·

66 4050 161 4139 quit,
183 4049 294 4115 Λύκον
316 4052 332 4114 ν·
354 4048 555 4130 δημαγωγός.
602 4046 737 4114 Difficile
763 4055 813 4114 est
837 4047 1020 4132 excogitare
1042 4062 1124 4129 quae
1145 4051 1254 4130 partes

66 4154 210 4245 Lyconis
242 4152 365 4221 tuerint
396 4163 428 4220 et
459 4154 537 4241 quid
565 4152 693 4220 tandem
729 4151 826 4219 iuerit
862 4148 1130 4239 praeparandum.
1180 4149 1256 4219 Post

67 4278 173 4351 panca
208 4262 307 4345 §aa
344 4259 524 4349 Polycratis
550 4260 727 4326 orationem
754 4260 786 4324 in
817 4257 980 4324 Socratem
1013 4256 1168 4341 scriptam
1192 4274 1256 4322 non

68 4386 141 4455 csse
171 4374 247 4433 ¹aerc
278 4364 419 4432 habitam
453 4364 671 4432 demonstrat:
703 4367 733 4431 ἕν
761 4366 845 4446 αὐτῷ
880 4364 944 4443 γὰρ
974 4362 1157 4443 μνημονεύει
1197 4368 1257 4428 τῶν
