2940 5010
726 338 789 397 507

194 506 388 593 Pertuiguto
410 526 519 572 conone
544 508 576 571 in
602 507 769 573 Plutarchi
793 507 860 573 ioco
884 506 1016 573 Codices
1048 504 1199 571 exhibent
1229 502 1340 584 ἐριδαν·

144 614 243 681 ταθων
267 621 300 679 et
322 614 603 691 incommunius,
628 634 710 699 quae
743 613 819 679 oiim
845 612 1014 680 emendata
1043 620 1131 678 sunt.
1178 607 1341 677 Extunba·

145 718 200 785 hia
230 720 333 805 igitur
368 738 407 785 ex
435 718 561 785 lexicis
590 721 784 801 Ἐριδαντεθς
817 728 849 786 et
872 720 1125 797 Ἰριαντελικτεθς
1154 726 1187 783 et
1213 714 1340 781 notabis

147 826 248 893 etiam
272 827 306 891 in
325 824 445 891 talibus
466 825 604 892 Graecos
626 826 828 913 pereruditus
848 826 1040 911 gravissime
1064 824 1242 911 impingere
1271 839 1342 906 pos·

148 950 205 1011 so,
228 931 324 997 cuius
344 932 391 997 rei
413 950 513 1017 quum
539 932 620 997 mihi
650 931 870 1018 compluscula
892 931 1038 1017 exempta
1063 931 1096 995 in
1120 937 1250 1016 promtu
1275 925 1342 991 sint

148 1054 216 1103 uno
238 1044 312 1103 utar
333 1058 372 1103 ex
396 1036 532 1103 Bekkeni
563 1037 682 1103 dnecd.
707 1042 793 1116 547,
816 1043 837 1105 8
863 1037 918 1103 ubi
947 1036 1187 1103 Grammaticus
1215 1034 1248 1098 in
1270 1049 1341 1097 ver-

149 1140 202 1209 inis
226 1140 350 1209 Comici
375 1143 511 1208 incerti:

332 1247 483 1327 γλῶτταν
505 1248 541 1315 τέ
565 1272 610 1315 συι
630 1250 748 1315 dedomo
771 1251 803 1315 ἐν
827 1250 914 1330 δήμω
935 1254 1040 1331 φορεῖν

470 1360 573 1420 καλῶν
597 1354 698 1433 λόγων
721 1355 828 1421 θεθνων
840 1400 852 1429 ,

149 1458 320 1525 coniunxit
342 1465 493 1535 γλῶτταν
512 1460 619 1525 αεθνων
643 1468 675 1525 et
697 1460 880 1527 annotavit:
904 1461 939 1526 τὸ
959 1461 991 1525 δὲ
1014 1464 1176 1537 γλῶττα
1200 1454 1343 1525 θείνας

148 1562 235 1631 πάνυ
267 1564 370 1629 ιιαινθν
402 1564 455 1629 καὶ
484 1566 618 1646 ἐναργῶς
650 1566 790 1647 εἴρηται,
825 1575 857 1632 ct
887 1576 936 1632 est
964 1564 1042 1630 ittet
1072 1561 1203 1650 quidem
1237 1556 1344 1624 heroic

149 1668 236 1737 πάνυ
256 1668 378 1743 ιιαινθν,
404 1670 445 1733 ab
469 1670 524 1735 iiio
548 1672 617 1757 ipso
646 1671 776 1737 demum
802 1674 956 1757 magistro
980 1672 1214 1755 excogitatum:
1238 1666 1344 1731 θείνων

149 1776 317 1861 genitivus
338 1782 387 1840 cst
411 1794 486 1839 cum
512 1776 615 1854 λόγων
639 1776 894 1863 coniungendas.
943 1778 1059 1842 Notum
1084 1784 1134 1841 est
1157 1784 1254 1859 quam
1285 1772 1343 1834 im-

150 1882 240 1947 mani
264 1899 374 1946 errore
395 1880 504 1967 tapsus
532 1884 576 1947 sit
601 1882 784 1967 Stephanus
806 1885 873 1965 περὶ
906 1884 1024 1949 πόλεων
1046 1884 1079 1946 in
1108 1879 1216 1945 ventiis
1245 1877 1341 1943 Hero·

151 1984 219 2054 doti
243 1986 269 2053 1.
298 1990 360 2052 let
385 1986 431 2056 ἔτι
463 1989 496 2053 δὲ
516 1988 614 2065 τάδε,
640 1988 675 2064 ἐξ
703 1986 741 2054 ὦν
766 1987 858 2055 ὧλλοι
890 1990 1006 2062 πάντες
1041 1987 1233 2070 ἀρτέαται
1266 1982 1345 2062 Πέρ-

150 2114 228 2161 σαι·
263 2092 499 2175 Πασαργάδαι,
532 2094 720 2177 Μαράφιοι,
754 2095 920 2171 dicionem,
957 2098 1012 2181 qui
1048 2115 1088 2161 ex
1124 2096 1343 2159 APTEATAI

150 2198 263 2267 elicuit
284 2200 532 2279 ’Λρτεᾶται,
556 2200 643 2277 γένος
667 2202 824 2282 Περτικθν.
872 2202 1026 2282 Ἡρόδοτος
1055 2200 1179 2283 τρθτρ,
1205 2194 1343 2261 eundem

153 2322 297 2371 erronem
328 2314 478 2390 repetens
506 2326 536 2371 v.
562 2308 695 2387 Ἀρταία
718 2316 750 2373 et
773 2310 929 2373 Maioma.
977 2306 1100 2373 Similia
1132 2302 1289 2390 quaedam
1311 2306 1344 2364 et

153 2408 192 2475 ab
215 2408 290 2477 aliis
310 2420 442 2497 peccata
467 2422 563 2489 stunt,
587 2412 642 2477 sed
671 2411 710 2477 ad
738 2413 899 2477 ditabasin
930 2410 1111 2479 revertendi
1135 2420 1263 2493 tempus
1282 2412 1341 2471 est.

194 2516 234 2581 ln
266 2514 367 2581 duob.
398 2516 466 2581 vlt.
492 2538 533 2581 νι.
561 2522 601 2582 55
639 2538 695 2602 pro
729 2521 836 2600 ἀπῆρα
872 2520 975 2585 cicade
1011 2538 1049 2583 ox
1084 2517 1216 2603 optimis
1251 2512 1343 2577 litenis

151 2624 243 2705 trec
276 2618 503 2687 revocantum.
560 2633 694 2689 annm
731 2625 762 2688 io
797 2628 904 2707 ἀπῆρα
935 2627 1036 2703 attin,
1071 2618 1341 2709 ‹pneinattmodum

149 2736 247 2799 ΗΙΞΔ
271 2724 359 2817 (ᾖξεν)
389 2747 633 2813 nonnumquam
665 2731 697 2793 in
730 2730 807 2811 ἦρξα
837 2733 1080 2817 coortunpitun,
1109 2729 1229 2813 otiique
1255 2744 1341 2790 enro-

149 2852 202 2903 τοῦ
233 2852 274 2901 ex
304 2834 319 2898 1
350 2832 513 2919 adscripto
543 2836 632 2898 nasci
663 2836 775 2902 sotem.
827 2836 1056 2923 Imperfectum
1088 2855 1149 2900 non
1184 2833 1341 2899 aoristum

146 2938 276 3027 flagitat
300 2940 459 3005 sententia
477 2949 509 3005 et
529 2940 614 3005 inter
635 2961 669 3005 se
690 2953 897 3027 opponuntur
916 2942 968 3008 ὅτε
987 2944 1044 3023 μὲν
1068 2942 1209 3022 etcum
1230 2941 1341 3017 ατῇα

144 3056 180 3113 et
204 3050 260 3113 νῦν
284 3045 315 3111 δὲ
335 3046 588 3126 ἀπέρχομαι.

192 3152 232 3217 lu
266 3148 355 3241 §5⁷
389 3150 540 3231 ἡγεμθνες
572 3153 605 3217 δὲ
630 3150 749 3227 incocta
777 3152 1042 3240 ΙΛακεδαιμθνιιι]
1069 3156 1094 3218 oi
1127 3148 1262 3231 necionem
1296 3170 1340 3211 ne·

139 3256 307 3341 μιζθμενιι
333 3252 433 3331 εἶναι,
464 3277 525 3321 non
555 3267 603 3323 est
636 3258 765 3324 diiiiciie
789 3259 828 3324 ad
861 3258 1105 3344 intelligendum
1139 3276 1201 3321 non
1238 3258 1340 3321 Xeno·

140 3364 304 3453 phontcm
327 3360 382 3427 sed
408 3361 543 3427 sciolum
567 3364 706 3449 ntiquom
731 3366 969 3443 Λακεδαιμόνιιι
998 3364 1169 3429 addidisse.

195 3470 234 3537 Ιιι
258 3468 327 3534 Vll.
353 3488 406 3533 vu.
433 3474 463 3535 7.
496 3468 679 3545 ἐξελαύνετε
707 3475 790 3549 ἡμεῖς
820 3475 855 3537 εἰι
878 3473 970 3547 τῆσδε
1003 3482 1058 3548 τῆς
1081 3472 1186 3552 χώρας
1210 3465 1245 3542 ἣν
1267 3470 1340 3543 παρ’

142 3580 234 3657 ἡμῶν
269 3572 437 3656 ἒχθντων
472 3576 559 3640 κατα
595 3577 707 3656 κριὶτυς
743 3580 967 3659 παρελάβετε,
1003 3578 1136 3643 emenda
1173 3574 1339 3639 ἑλόντων

142 3680 237 3749 ιιατιὶ
265 3666 386 3761 κρθτιςζ
434 3679 517 3761 Quid
545 3683 588 3745 sit
611 3683 696 3764 ἔχειν
717 3686 803 3749 κατα
833 3686 942 3767 apoteca
970 3686 1054 3749 scine
1076 3681 1216 3748 arbitron·
1241 3679 1339 3743 nemi-

142 3808 246 3865 nem,
277 3786 364 3851 κατὰ
393 3785 504 3867 κράτος
540 3791 635 3868 αἱρεῖν
673 3791 821 3855 innuimus
857 3812 993 3868 oannes,
1033 3788 1128 3874 idqtte
1162 3788 1235 3853 iunio
1270 3783 1339 3847 ioco

151 3894 250 3959 unice
269 3892 441 3957 conuenire
465 3894 569 3979 polam
593 3904 651 3959 est.

194 3998 233 4063 ln
258 3996 283 4085 g
310 4002 362 4063 10.
396 4017 453 4084 pro
476 3998 498 4065 ὦ
522 4001 776 4077 θαυμαστότατοι
796 4002 1043 4068 Atheniensium
1067 4020 1155 4065 tuere
1176 3998 1196 4063 ὦ
1218 4000 1337 4073 θαυμα·

145 4104 294 4171 «teram
318 4110 367 4169 est
397 4105 651 4171 rescribendum.
700 4108 761 4188 Qui
786 4108 948 4193 vulgatam
974 4124 1172 4191 concoquere
1203 4110 1339 4188 possunt

149 4210 251 4277 etiam
281 4206 304 4274 ὦ
333 4209 496 4287 θαυμαστὲ
528 4230 585 4295 pro
614 4208 635 4275 ὦ
668 4214 824 4293 θαυμάσιε
855 4216 974 4279 Graece
1003 4214 1067 4279 dici
1101 4228 1192 4297 posse
1222 4206 1339 4271 debent

149 4314 346 4383 concedere:
372 4313 609 4401 quodquidam
640 4318 793 4383 concedet
821 4338 924 4383 nemo.

196 4420 231 4487 ln
261 4420 371 4487 eadem
397 4420 421 4509 ὃ
446 4419 533 4487 aliud
562 4422 714 4489 unctulum
747 4426 934 4489 inveteravit
971 4426 1000 4488 in
1026 4424 1130 4489 vorbis
1166 4424 1247 4487 οὐδὲν
1281 4423 1334 4497 ἐμὲ
