2940 5010
728 268 792 333 ete

157 450 189 508 ct
206 449 349 507 vetorum
371 446 404 505 at
423 439 628 524 sequiorem,
651 448 684 507 et
706 460 746 507 ue
764 444 797 507 in
816 440 867 509 bis
890 442 1019 531 quidem
1038 444 1163 513 librarii
1187 448 1245 515 nisi
1263 468 1317 517 raro

157 546 309 623 turbant,
334 552 371 611 ιιι
396 544 497 611 nubes
521 545 738 633 exemplorum
763 547 864 634 possit
885 548 1026 637 undique
1048 550 1178 639 colligi,
1202 553 1254 621 sed
1269 574 1318 623 nte-

156 655 218 719 lius
245 651 378 719 lanciani
403 660 460 717 ant
491 649 606 717 iuliani
640 651 736 731 locis,
765 652 883 740 quihus
907 653 1111 723 Heindorhus
1135 658 1255 739 ulitur,
1279 660 1319 729 de

154 758 360 846 dignabimur
386 758 451 833 uti,
485 777 585 844 quum
612 758 645 822 in
674 760 794 844 optimo
817 778 945 846 quoquc
975 770 1121 829 veterum
1151 762 1269 833 allatim
1287 766 1320 833 eit

153 864 384 950 exemplorum.
433 862 473 930 tlt
500 864 532 927 in
560 864 697 930 caeteris
725 862 792 931 iere
821 864 972 933 omnihus
998 868 1046 934 sic
1069 866 1103 933 in
1132 866 1195 937 hac
1215 888 1320 957 qnoque

152 972 292 1037 dictione
313 968 423 1035 loturo
449 968 562 1035 dracoi
586 968 789 1037 substituunt
814 972 972 1039 aoristum
995 991 1070 1041 cum
1095 974 1318 1059 particulatio,

152 1076 237 1163 quod
264 1073 489 1162 Aristophanis
514 1094 611 1140 eausa
635 1073 812 1153 admoneo,
845 1096 885 1143 ue
913 1077 987 1163 quie
1007 1074 1135 1145 dubitet
1164 1080 1198 1148 in
1220 1080 1319 1149 tadu

151 1189 227 1250 671.

332 1289 394 1364 tyb
416 1287 475 1364 μὲν
493 1287 590 1362 αὐτὴν
612 1286 666 1353 καὶ
688 1288 826 1370 Φιλῆσαί
847 1312 899 1368 μαι
922 1289 1018 1367 δοκῶ,

151 1392 300 1481 amplecti
330 1390 415 1478 quod
438 1390 531 1456 multi
556 1391 825 1459 commendarunt
853 1393 913 1461 eico
935 1401 1089 1479 φικιῑσαι,
1120 1394 1191 1463 sed·
1209 1414 1317 1483 prorata
1361 1408 1364 1467 ἑ

150 1501 213 1565 alio
244 1497 386 1565 remedio
418 1496 592 1563 tollendum
625 1505 675 1563 cst
707 1500 821 1566 vitium
854 1498 939 1585 quod
971 1499 1089 1569 insidet
1121 1499 1192 1569 loco
1222 1502 1316 1593 Vespa·
1362 1527 1364 1533 ·

148 1625 223 1672 rum
248 1610 321 1670 177.

329 1711 404 1775 atax
427 1709 526 1775 εἰσιών
548 1733 600 1787 μοι
622 1712 675 1776 τὸν
697 1709 759 1775 ὄνον
780 1708 908 1790 ἐξάγειν
931 1713 1024 1789 δοκῶ,

149 1816 204 1882 uhi
228 1836 291 1881 non
312 1813 430 1891 ἐξάξειν
451 1814 678 1900 corrigendum
702 1824 752 1882 est
775 1835 850 1882 cum
875 1816 1051 1894 Elmsleio‚
1083 1816 1140 1885 sed
1162 1817 1317 1907 deprehen

148 1943 184 1989 sa
208 1920 452 2009 interpolatione
471 1920 558 1996 eius,
581 1922 638 2006 qui
658 1940 759 2007 quum
784 1922 816 1988 in
838 1930 965 1989 vetusto
988 1920 1071 1988 libro
1089 1922 1136 1989 nil
1158 1926 1223 1993 nisi
1239 1934 1318 1995 ΕΞΔ·

147 2040 291 2096 ΓΕΝΔΟ
318 2030 334 2059 *
355 2029 408 2061 ⁴*
439 2026 613 2113 reperisset
643 2025 797 2093 vocabula
831 2025 911 2095 hene
936 2026 1058 2095 Graeca
1088 2026 1179 2097 dedit
1209 2028 1319 2111 ἐξάγειν

149 2139 248 2214 δοκῶ,
274 2153 373 2221 quum
395 2140 488 2218 poeta
512 2129 668 2197 dodisset:

328 2243 403 2307 ἀλλ’
428 2240 525 2304 εἰσιών
547 2262 599 2317 μοι
622 2242 674 2304 τὸν
695 2237 757 2303 laea
780 2235 872 2317 ἔξαγ’
895 2238 1007 2306 ἔνδοθεν

326 2342 407 2417 ὅπως
431 2343 470 2410 ἂν
490 2344 504 2407 ὅ
527 2344 623 2424 γέρων
646 2343 724 2422 μηδὲ
747 2345 919 2427 παρακύψῃ
941 2344 1056 2423 πάλιν,

144 2470 226 2539 quaa
249 2448 467 2537 bdelycleonis
490 2448 585 2514 verba
608 2456 685 2513 sunt
708 2446 749 2513 ad
770 2448 966 2528 Xanthiam,
990 2451 1046 2537 qui
1070 2452 1141 2519 sine
1167 2470 1258 2521 mora
1278 2452 1332 2519 he·

144 2559 241 2624 stiam
264 2553 372 2621 educit
397 2552 501 2629 lonas,
525 2572 588 2639 quo
612 2551 696 2619 lacto
718 2555 825 2641 pergit
849 2554 957 2621 dicere
981 2555 1189 2645 lldclyclenn:

325 2659 459 2736 adalae,
485 2660 518 2723 τί
539 2658 670 2736 abdam
695 2656 741 2725 ὅτι
765 2660 917 2741 πεπράσει
942 2664 1093 2743 σήμεραν;

144 2769 263 2843 Verum
289 2764 368 2831 hacc
391 2783 476 2829 stunc
501 2762 630 2848 quoidam
662 2764 960 2844 tesseracoste,
992 2774 1029 2832 ut
1059 2764 1251 2835 subveniam
1278 2786 1346 2835 re·

144 2873 332 2939 nustissimo
357 2870 426 2936 loeo
447 2868 672 2955 Aristophanis
696 2870 728 2934 in
751 2869 895 2937 Nubibus
917 2874 1023 2950 teto,
1047 2870 1102 2937 uhi
1125 2872 1262 2959 perlecti
1285 2874 1348 2943 lu·

142 2988 254 3045 turum
283 2976 315 3041 iu
338 2972 516 3062 perlectum
541 2982 703 3039 mutatum
725 2975 881 3042 mirificas
905 2974 1016 3043 turbas
1035 2974 1124 3043 (ledit
1147 2986 1183 3045 et
1203 2992 1345 3049 omnem

141 3086 201 3151 loci
226 3083 365 3170 leporem
387 3080 580 3147 obscurarit.
627 3079 745 3147 Editur
767 3100 785 3146 c
807 3080 1002 3148 ilavcnnatis
1022 3080 1097 3147 libri
1121 3086 1341 3155 anctoritate:

320 3189 373 3254 τὸν
393 3186 574 3270 ἐγκέφαλον
597 3184 697 3267 ὥσπερ
720 3190 878 3254 σεσεῖσθαί
899 3211 951 3267 μοι
975 3187 1082 3261 δοκεῖς.

239 3309 274 3362 Β.
320 3294 358 3360 σὺ
378 3294 410 3359 δὲ
435 3294 469 3367 νὴ
492 3293 543 3359 rto
568 3300 683 3375 Ἑρμῆν
706 3294 953 3376 πρασκεκλιῑσδαί
974 3318 1025 3373 μοι
1049 3292 1146 3367 δοκεῖς

321 3402 346 3465 εἰ
370 3401 415 3477 μὴ
439 3399 592 3470 ’colorare
614 3400 786 3481 τάργύριον.

183 3505 343 3574 llaeccine
372 3510 410 3570 ut
431 3502 472 3569 ah
501 3504 713 3590 Aristophane
735 3504 857 3591 scripta
886 3522 956 3571 esse
979 3513 1130 3591 putemus
1159 3512 1228 3573 tam
1254 3506 1325 3573 insi·

139 3612 213 3701 pide
236 3611 372 3697 repetito
395 3610 490 3683 δοκεῖς
515 3616 548 3675 ct
570 3610 689 3675 omissa
710 3609 823 3675 vocula
846 3634 904 3689 γε,
926 3628 1023 3695 quam
1043 3611 1205 3677 sententia
1224 3612 1324 3699 requi·

137 3720 201 3797 rit,
222 3726 253 3784 et
275 3713 453 3803 perlectum
475 3734 531 3801 pro
556 3713 676 3781 futuro.
723 3714 791 3780 Non
818 3724 867 3781 est
887 3723 978 3781 tauta
999 3716 1197 3783 Ravennatis
1218 3724 1324 3785 aucto·

136 3828 216 3894 ritas
246 3819 372 3889 mandis
400 3826 432 3885 ct
458 3819 622 3886 erroribus
644 3820 755 3896 obsiti,
783 3829 819 3886 ut
839 3840 901 3886 non
925 3840 945 3887 a
968 3820 1146 3889 Scholiasta
1168 3830 1204 3889 et
1225 3821 1325 3891 snida

135 3942 168 3998 at
192 3938 283 4019 parte
302 3925 458 3993 librorum
482 3923 637 3991 ambabus
660 3925 810 3993 manibus
833 3928 1049 4014 accipiamus:

315 4035 354 4100 σὺ
377 4033 409 4098 δὲ
431 4034 465 4108 νὴ
488 4031 540 4098 σὸν
560 4039 675 4114 Ἑρμῆν
697 4034 982 4114 προσκεκλήσεσθαί
1003 4037 1037 4113 γ’
1064 4033 1142 4111 ἐμοί.

134 4143 276 4229 primum
298 4138 581 4221 πρασκεκλιὶσεσθαι
605 4136 728 4223 vulgari
754 4158 863 4206 errore
885 4140 918 4205 in
942 4140 1187 4223 opooeaeltt'iclat
1210 4138 1327 4229 (lepre-

135 4257 244 4312 vatum
265 4254 331 4322 est,
357 4242 472 4309 dcimlc
496 4240 642 4309 Graeculi
665 4242 828 4330 vulgatam
858 4264 891 4311 sc
920 4244 1051 4331 dignam
1085 4246 1327 4331 excogitarunt.

136 4351 240 4419 Seutcl
270 4360 301 4417 el
334 4352 451 4417 iterum
478 4348 541 4414 vidi
576 4348 723 4415 turturum
754 4352 786 4415 iu
818 4350 919 4417 lttturi
948 4350 1080 4438 perlecti
1100 4350 1239 4419 turmam
1273 4354 1328 4423 tle·
