2940 5010
709 293 749 354 13

141 485 212 540 ΑΛ.
261 472 427 557 Frequens
449 474 496 535 est
522 466 554 530 in
578 464 685 531 Attica
716 465 792 531 οίλσί
818 464 974 545 πῶττειν,
997 468 1205 545 διαπάττειν,
1230 481 1335 553 σμῆν,

142 580 300 659 διασμην,
327 585 363 643 ut
386 572 472 662 apud
496 571 657 640 Cratetem
678 569 793 638 Athen.
817 571 868 638 Vl.
895 575 970 640 267.
991 574 1027 643 1⁴¹.

279 684 352 765 ίχίὺ
375 679 501 761 βαδιζ.
525 680 602 745 αλλ’
625 676 741 745 οὐδέπω
765 675 915 760 ’πιίοίτερ
934 680 1028 757 ὀπτός
1048 684 1131 763 είμι.

279 791 384 856 οὐκοῦν
411 783 617 866 αεσασρέψας
641 784 771 849 σεαυτὸν
793 783 870 850 cinci
894 784 1008 861 πιίσεις
1031 789 1171 873 οὶλείΦοιν

144 894 227 982 quod
251 895 353 981 perite
375 891 549 960 Elmsleius
573 889 605 954 io
637 889 800 974 scriptura
828 888 953 957 Codicis
975 890 1118 961 ῶλειπασ
1145 896 1335 979 είσαλείφιιν

144 1002 248 1068 inesse
272 997 511 1065 animadvertit.
559 995 728 1061 Praeterea
748 992 853 1061 scribe
872 994 977 1063 οὔκουν
998 1018 1056 1085 pro
1074 1002 1191 1067 οὐκοῦν.
1240 999 1337 1068 Simi-

145 1105 220 1174 liter
240 1103 347 1172 Alexis
370 1103 452 1170 dixit
474 1100 590 1168 Athen.
614 1098 681 1166 Vll.
707 1103 771 1165 324
796 1099 830 1166 B.

327 1211 362 1276 τὸ
385 1210 412 1274 δ’
435 1207 516 1273 ἄλλο
540 1212 632 1285 σῶμα
655 1209 843 1286 κατατεμὼν
866 1210 1002 1284 πολλοὺς
1021 1209 1136 1290 κύβους

327 1317 453 1395 σμιίσας
473 1337 508 1379 τε
532 1319 660 1385 λεπτοῖς
685 1310 795 1376 οὶλσίν.

147 1429 180 1496 et
201 1419 337 1489 Alcaeus
357 1418 473 1486 Athen.
498 1416 553 1512 tx,
575 1419 641 1483 599
657 1416 692 1484 F.

680 1519 731 1589 ίνα
751 1523 823 1596 τοὺς
843 1524 1022 1601 δασύποδας

329 1628 379 1704 οὓς
402 1628 440 1696 ῶν
464 1626 617 1708 λάβοιμεν
641 1627 716 1693 οὶλοί
738 1627 924 1696 διαπάττειν
943 1629 1030 1717 ἕχης.

147 1745 180 1804 et
203 1737 235 1802 in
260 1734 364 1823 lepido
382 1731 606 1822 Aristophanis
627 1731 696 1799 loco
716 1732 798 1800 Nub.
820 1737 906 1802 1237

329 1841 422 1907 οδλσίν
446 1838 653 1920 διασμηχθεὶς
673 1836 768 1904 ὄναιτ’
792 1836 832 1904 ῶν
851 1840 964 1908 οὑτοσί.

147 1945 269 2014 Deinde
297 1946 329 2010 in
354 1951 809 2014 ΠΑΣΘΕΙΟΕΚΣΤΡΑΦΕΙΟ
833 1944 968 2023 accidit,
993 1947 1077 2033 quod
1098 1967 1193 2034 saepe
1216 1948 1337 2017 iactum

149 2070 219 2130 esse
241 2051 274 2116 in
295 2051 461 2135 superiore
480 2055 572 2135 parte
594 2045 905 2126 demonstravimus,
930 2058 967 2116 ut
990 2062 1057 2121 Ele
1077 2064 1109 2121 et
1128 2063 1182 2121 ΕΚ
1206 2054 1339 2122 conlun-

149 2156 319 2232 derentur,
351 2162 383 2220 et
415 2153 462 2219 sic
493 2151 532 2217 oh
567 2151 813 2218 similitudinem
849 2151 988 2221 alterum
1016 2159 1173 2225 omissum
1208 2160 1338 2246 periret.

149 2258 302 2328 Eiusdem
336 2257 534 2326 confusionis
565 2254 768 2323 luculentum
792 2257 975 2345 exemplum
1002 2262 1036 2328 in
1062 2262 1229 2331 Menandri
1256 2263 1339 2353 frag·

152 2375 261 2433 mento
291 2363 371 2431 mihi
402 2361 663 2431 animadversum
695 2371 764 2439 cst,
796 2363 881 2450 quod
915 2373 948 2433 et
980 2376 1149 2455 propterea
1182 2369 1341 2439 adducam

151 2474 313 2566 quianon
335 2470 403 2538 leve
424 2469 541 2535 vitium
561 2468 595 2532 in
620 2468 725 2534 iocoso
747 2466 816 2535 loco
835 2469 964 2538 resedit.
1011 2473 1202 2543 Ammonius
1228 2476 1342 2544 discri-

152 2598 225 2646 men
247 2579 332 2645 inter
354 2575 433 2656 ἦσθα
452 2583 485 2642 et
501 2572 536 2658 ἧς
555 2572 836 2649 demonstraturus
859 2575 957 2665 (quod
975 2598 1170 2668 quemquam
1186 2583 1342 2650 nesciisse

152 2682 292 2771 mireris)
317 2704 348 2771 p.
359 2687 401 2748 76
421 2679 536 2748 scribit
553 2679 727 2762 Μένανδρος
752 2680 782 2745 ἐν
802 2682 1034 2766 Ψευδηρακλεῖ·

333 2789 408 2871 ὑπὲρ
427 2787 485 2868 μὲν
502 2784 578 2853 νίνου
600 2786 679 2865 μηδὲ
697 2791 773 2869 γρῦ,
798 2786 909 2866 τίτίη,
932 2788 1033 2869 λέγε.

333 2892 372 2960 ῶν
392 2892 503 2960 τῶλλα
525 2893 551 2956 δ’
576 2888 611 2973 ἧς
631 2889 802 2971 ἄμεμπτος
823 2894 868 2968 εἷς
889 2895 946 2970 τὴν
969 2895 1021 2962 ἐπὶ
1044 2895 1120 2964 δέκα

333 2999 549 3081 Βοηδρομιῶνος
572 2997 742 3079 ἐνδελεχῶς
763 2994 842 3074 ἕξεις
863 2999 915 3065 atet
926 3049 934 3068 .

154 3126 266 3172 verum
286 3102 365 3170 vidit
384 3105 562 3180 Porsonus,
586 3103 641 3189 qui
660 3101 751 3179 ἕκτην
771 3103 822 3169 ἐπὶ
847 3103 921 3170 δέκα
940 3105 1123 3172 emendavit
1140 3115 1172 3173 et
1192 3107 1343 3197 Polyaeni

155 3211 261 3279 locum
285 3211 394 3278 attulit
415 3210 471 3277 lll.
499 3215 551 3275 11.
569 3213 600 3274 2.
631 3206 776 3288 Χαβρίας
800 3209 868 3289 περί
896 3206 1001 3287 Νοίξον
1025 3219 1197 3294 ναυμαχῶν
1223 3214 1342 3291 ε’νίκησε

155 3319 371 3400 Βοηδρομιῶνος
401 3314 476 3399 ἕκτη
506 3314 558 3379 ἐπί
590 3312 665 3378 δέκα
690 3349 733 3360 -
756 3311 822 3391 ἥτις
842 3311 877 3391 ἦν
899 3315 961 3394 μία
983 3322 1043 3384 τῶν
1069 3317 1222 3399 μεγάλαν
1243 3343 1342 3400 μυςη·

155 3425 233 3506 pico.
280 3421 380 3487 llulto
408 3420 572 3486 utiliorem
602 3417 709 3484 locum
733 3416 888 3486 indicavit
916 3420 1150 3491 lleiuehiusin
1177 3423 1344 3494 Plutarchi

157 3526 315 3595 Phocione
346 3545 415 3612 cap.
437 3531 457 3590 6
477 3525 580 3592 ἐνίκων
599 3525 632 3590 δὲ
656 3523 724 3614 (την
745 3523 813 3607 περί
837 3523 944 3602 Notior
966 3527 1164 3617 ναυμαχίαν)
1186 3531 1342 3611 μεγαλοις

157 3633 312 3716 μνςηρίοις
337 3631 390 3695 καί
420 3638 572 3713 παρεῖχεν
595 3629 765 3711 οἰνοχόημα
789 3630 931 3712 Χαβρίας
949 3635 1120 3708 Ἀθηναίοις
1143 3637 1212 3701 καθ’
1232 3634 1343 3708 ἕκμςςρ

158 3737 295 3808 ἐνιαυτὸν
316 3746 356 3820 τῇ
380 3734 453 3821 ἕκτη
473 3738 524 3802 ε’πί
549 3736 624 3802 δέκα
649 3741 702 3802 τοῦ
723 3735 951 3818 Βοηδρομιῶνος.
998 3737 1166 3806 Submlror
1188 3749 1343 3811 neutrum

158 3844 277 3927 uidisse
306 3842 390 3930 apud
417 3841 628 3909 Menandrum
653 3840 751 3907 scribi
779 3850 942 3928 oporteret
973 3840 1064 3920 ἕκτην
1092 3844 1143 3910 ἐπὶ
1172 3846 1248 3912 δέκα
1271 3859 1344 3924 Bon·

158 3953 316 4034 δρομιῶνος
340 3985 384 3996 -
405 3945 511 4025 ῶξεις
533 3948 601 4025 ciel,
622 3966 683 4012 non
706 3944 800 4026 ἕξεις,
832 3949 984 4033 quoniam
1005 3947 1122 4016 festum
1147 3949 1231 4017 diem
1251 3971 1344 4019 nemo

160 4056 280 4124 Graece
301 4053 387 4137 ἔχειν
411 4051 465 4121 sed
494 4050 587 4131 ἄγειν
606 4051 741 4131 dieitur,
775 4051 868 4132 ἄνειν
891 4054 1012 4136 ἑορτήν,
1043 4058 1223 4134 νουμηνίαν,
1251 4058 1344 4126 Ἀδῶ·

161 4185 232 4238 νια,
266 4160 413 4227 Διονύσια
443 4167 476 4225 et
507 4157 626 4223 similia
657 4158 787 4244 passim.
839 4158 952 4245 ltaque
974 4158 1149 4246 Antiphani
1177 4162 1344 4247 ἐκτραφείς

162 4265 351 4344 reddemus,
375 4263 460 4352 quod
478 4262 572 4350 quale
595 4263 637 4330 sit
654 4263 687 4328 iu
708 4270 779 4331 arte
798 4265 984 4351 coquinaria
1002 4283 1066 4352 non
1086 4264 1216 4335 difficile
1236 4278 1285 4336 est
1305 4271 1347 4338 ad

162 4371 405 4462 exputandum,
438 4376 594 4457 τραφῆναι
619 4368 697 4457 quid
720 4371 764 4440 sit
788 4389 881 4439 nemo
903 4370 1032 4469 dixerit.
1079 4371 1348 4466 Insequentibus
