2940 5010
715 270 758 335 82

144 452 240 532 atquc
268 467 373 519 var,
405 468 497 521 μεν,
528 468 592 518 n·x
618 451 650 510 et
673 441 830 530 quidquid
856 460 874 509 a
902 442 1070 511 Graeculis
1092 462 1171 511 surm
1196 442 1257 511 elle

141 550 263 618 eudem.
312 546 404 634 xpud
429 546 626 638 Hesyclinm
652 547 774 614 videbis
797 549 961 628 αἱμυλίους
982 546 1080 617 scribi
1092 546 1118 614 l.
1143 568 1172 635 p.
1190 555 1251 614 161

141 655 319 735 αἱμυλίους,
350 656 505 737 diospolim
528 673 558 741 p.
579 658 644 720 tlt
668 663 701 720 et
727 654 886 735 βοπύοοτ
916 656 1113 735 βοσκήμασιν
1139 662 1172 720 et
1204 675 1235 740 [ν.

140 759 285 842 γονορρύοο
309 767 342 826 et
364 778 395 846 p.
414 763 480 827 818
503 759 652 838 yrudrlnv
676 768 708 826 el
732 781 762 847 p.
785 764 871 828 1157
894 760 1057 828 δκκονλνςοί
1079 767 1113 825 et
1135 778 1165 847 p.
1182 764 1257 826 ¹225

140 866 243 949 δνοὶζεο
274 874 307 932 et
335 883 364 952 p.
385 868 471 932 1253
499 862 625 946 ἔνονςοον
651 885 709 952 pro
731 866 852 947 ἥννςρον
884 871 918 931 et
940 884 970 952 p.
995 868 1081 931 1428
1104 862 1253 948 ἕρνγήρονο

140 972 292 1055 dulmene,
316 978 349 1039 ut
368 970 409 1036 ll.
432 989 461 1056 p.
476 974 541 1036 ⁶293
559 970 724 1050 minueret
745 991 774 1059 p.
788 975 854 1038 582
868 971 901 1037 in
920 978 995 1036 uota
1011 969 1132 1037 Atheni
1149 978 1257 1055 κοννοφ

139 1078 266 1161 calderar
287 1085 319 1143 et
340 1075 527 1164 saepissime
546 1073 622 1143 alibi
646 1075 758 1143 ecdem
779 1075 872 1142 murlo
895 1075 981 1163 apud
999 1074 1195 1165 llcsychium
1221 1096 1257 1164 pe

142 1191 207 1249 tur.
255 1182 318 1264 Qui
337 1200 395 1269 pro
413 1180 569 1261 γενοίσθην
592 1189 727 1268 pessunt
746 1180 894 1261 yerdrlxv
917 1180 1059 1248 scribere
1078 1189 1110 1248 et
1131 1201 1189 1268 pro
1212 1183 1257 1263 βυ

139 1289 250 1370 dorici
274 1286 389 1374 ecquid
412 1285 567 1373 estquod
592 1288 633 1353 iis
655 1289 735 1355 satis
760 1294 830 1355 tutu
853 1285 942 1354 credi
968 1306 1060 1374 posse
1081 1288 1195 1375 putent
1245 1285 1257 1355 l

140 1393 256 1460 vitium
291 1393 323 1458 in
348 1398 493 1460 omnium
523 1390 869 1482 Codiciluslrequens
896 1393 1061 1471 occurrit,
1093 1392 1189 1479 quale
1220 1414 1255 1461 es

140 1496 283 1566 Alexidis
305 1496 485 1583 fragmento
506 1495 593 1585 apud
616 1498 693 1565 Poll.
718 1498 787 1566 Vll.
813 1502 865 1567 72.
894 1500 974 1580 rusi
996 1499 1153 1581 λννουργος
1176 1500 1246 1581 περὶ

139 1628 216 1688 χονς
238 1602 391 1687 ἀφείλετο
414 1607 694 1691 ρτοπερντυχοῦο’,
718 1604 804 1692 quod
823 1606 984 1672 Porsuntts
1008 1604 1145 1692 reperit:
1170 1602 1227 1670 sed
1251 1624 1257 1670 t

141 1729 222 1797 opus
244 1718 292 1776 est
310 1708 372 1775 alia
391 1709 537 1797 exempla
558 1709 691 1787 allerre,
716 1728 816 1797 quum
837 1712 873 1778 rt
891 1716 1007 1778 λυποῦν
1030 1717 1063 1777 et
1080 1711 1115 1777 ri
1138 1709 1246 1776 λοιπον

141 1836 235 1904 saepe
251 1814 326 1881 alibi
343 1813 476 1881 confusa
496 1816 572 1881 sint.
620 1814 759 1903 Euhippi
773 1814 990 1903 fragmentum
1007 1812 1092 1882 idem
1110 1814 1160 1881 bis
1175 1812 1216 1880 ab
1235 1817 1257 1882 ll

142 1942 221 1991 naeu
243 1921 435 2009 apponitur:
465 1920 498 1987 in
523 1919 765 2004 rectissume
789 1924 854 1988 πῖον
883 1920 890 2011 Ι
915 1924 1011 1990 αὐτοῦ
1034 1923 1070 1989 πὸ
1093 1926 1210 1988 λυποῦν
1233 1947 1257 1988 κ

140 2027 237 2105 dexter
260 2025 371 2102 ἵλεον,
402 2025 501 2094 semel
525 2034 613 2094 recte
638 2029 675 2094 πὸ
698 2030 816 2095 λυποῦν
843 2026 963 2113 legitur
983 2022 1066 2093 Vlll.
1091 2030 1168 2094 tue.
1194 2027 1244 2104 0,

85 2144 90 2155 ·
139 2133 209 2200 luco
228 2131 312 2200 Xlll.
337 2136 413 2199 tlt.
434 2132 472 2199 tl.
493 2133 608 2199 vitiose
629 2130 732 2198 Codex
756 2134 792 2199 ri
815 2131 922 2200 λοιπον
942 2130 1081 2201 exhibet.

185 2238 392 2323 degrimcnin
422 2236 589 2305 conlectus
618 2237 737 2325 aliquis
767 2237 853 2325 apud
884 2237 1096 2305 Menandrum
1131 2238 1164 2304 in
1202 2238 1257 2306 Ste

139 2342 250 2410 Floril.
271 2341 406 2410 XCVlll.
431 2347 464 2410 8.
494 2343 615 2411 hestiae
639 2343 741 2411 multo
765 2362 835 2411 esse
861 2362 959 2431 quam
984 2342 1145 2413 huminem
1171 2343 1257 2413 leliei

140 2449 291 2536 queritur
308 2445 360 2514 his
381 2446 545 2516 versllms:

320 2556 372 2622 τὸν
395 2552 457 2621 ὄνον
480 2555 552 2637 δρᾶν
575 2553 656 2633 ἔξεον
681 2560 791 2636 πρῶτον
811 2556 931 2623 τουτονί
941 2604 948 2622 .

319 2656 406 2734 οὗτος
428 2661 626 2740 κακοδαίμων
650 2660 714 2730 &siu
736 2660 1009 2741 ὁμολογουμένως.

318 2765 418 2849 τούτῳ
436 2767 531 2833 κοοκὸν
554 2766 592 2832 δι’
611 2764 706 2832 αὑτὸν
729 2766 813 2833 οὐδὲν
835 2766 983 2847 γίγνοπονο

319 2866 343 2938 at
366 2873 393 2938 δ’
417 2874 435 2950 xl
454 2870 550 2956 φύσις
573 2871 700 2939 δέδωκεν
719 2870 805 2939 anat
824 2875 918 2939 τοῦτ’
941 2871 1028 2956 ἔχει.

140 2977 193 3045 ubi
219 2975 398 3064 requiritur
418 2976 515 3060 τούτῳ
539 2976 572 3045 li
592 2976 688 3047 κοκόν
712 2985 744 3044 et
766 2978 893 3045 δέδωκεν
913 2979 1010 3061 αὐτῷ.

183 3080 313 3151 Excidit
334 3101 435 3150 unum
454 3082 644 3151 vccabulum
665 3082 757 3151 lacile
776 3082 991 3151 remeandum
1012 3083 1045 3150 ln
1066 3082 1237 3151 iaculari

141 3190 240 3257 tentia
264 3187 348 3276 apud
373 3187 460 3255 Stoln
481 3188 590 3256 lilcril.
612 3189 689 3256 XGl.
711 3194 763 3256 29.

137 3316 140 3323 ·
318 3294 380 3373 tyr
404 3296 431 3360 δ’
454 3294 616 3375 ὑπέλαβον
636 3297 807 3378 χρησίμους
830 3292 909 3363 οἶνον
932 3294 1017 3368 θεούς

319 3399 482 3481 πάργύριον
506 3402 579 3479 ἡμῖν
603 3401 656 3466 sni
678 3401 714 3466 rb
736 3400 883 3483 χρυσίον.

139 3504 195 3589 qui
224 3501 282 3569 llos
312 3504 393 3571 Deos
418 3503 496 3570 colit
525 3512 669 3572 caeteros
693 3522 804 3574 omnes
836 3523 899 3572 non
925 3503 1005 3572 solet
1030 3503 1169 3571 multum
1193 3525 1257 3572 cun

139 3609 248 3694 itaque
270 3607 378 3689 μόνους
400 3609 521 3698 supple.

184 3713 583 3784 Multorum-coniecturis
609 3724 759 3784 vexatum
790 3723 840 3783 cst
866 3715 1031 3783 Menandri
1062 3713 1187 3782 dictum
1223 3715 1258 3805 (a

137 3819 348 3888 Plutarchum
369 3821 400 3887 in
422 3821 586 3888 Amatnric
605 3842 633 3908 p.
648 3824 724 3889 763.
747 3821 783 3887 lt·
804 3830 835 3890 et
859 3820 943 3908 apud
966 3820 1052 3888 stol.
1078 3820 1189 3889 lilcx'il.
1213 3820 1257 3889 ll

138 3927 208 4018 54.)
232 3927 271 3997 de
290 3945 386 3995 causa
410 3929 547 3995 amoris:

727 4035 829 4116 κουράς
853 4037 916 4104 ism
941 4038 958 4111 ἡ
980 4033 1064 4108 νόοος

318 4146 447 4220 ψυχῆς,
470 4139 484 4203 ὁ
509 4140 644 4218 πληγεὶς
668 4142 694 4206 δ’
714 4139 784 4207 elan
807 4143 842 4215 tl
864 4144 1089 4224 τιτρώσκεται.

137 4242 215 4309 haec
240 4254 287 4310 cst
309 4243 435 4310 Stobuci
459 4242 573 4310 lectio:
600 4246 632 4310 in
653 4245 833 4326 dictatorio,
858 4248 913 4333 qui
937 4245 1019 4314 liber
1047 4244 1218 4333 permultis
1240 4245 1257 4313 le

135 4347 186 4418 nis
209 4346 296 4426 hiat,
330 4348 449 4417 excidit
480 4349 644 4439 idipsum
673 4352 757 4441 quud
788 4353 873 4442 apud
908 4352 1081 4423 Stolrueum
1113 4359 1177 4418 tam
1209 4352 1254 4419 mi
