2940 5010
620 335 681 402 ost

61 514 126 588 deb
149 511 254 598 σέβειν
282 513 368 597 άρνεα
400 512 452 579 καὶ
476 512 571 587 κύνας
595 513 648 578 καὶ
676 511 718 576 τά
744 516 897 590 τοιαῦτα,
920 507 972 578 καὶ
995 509 1046 580 διά
1070 520 1158 582 τοῦτο
1184 515 1247 583 διον·

61 622 181 711 φάεάρει
201 621 272 695 τοὺς
288 619 368 695 νέους
389 619 459 693 τοὺς
480 615 701 698 μανθάνοντας.
751 618 815 684 Hoc
839 638 966 706 quoque
989 620 1112 686 crimen
1145 621 1247 688 Xeno·

62 728 217 819 piruntem
243 725 364 813 fugisse
395 722 522 789 ridetur
552 731 602 801 et,
628 733 663 789 ut
685 723 818 809 opinor,
843 723 938 788 etiarn
965 724 1069 808 ipsum
1097 725 1247 815 Polycra-

61 842 150 911 tem,
184 832 246 898 nisi
275 830 357 898 lorte
386 831 425 897 de
452 849 489 896 ea
518 848 552 895 re
583 829 665 895 dixit
706 830 738 894 in
770 828 910 894 secunda
946 828 1086 895 Socratis
1116 851 1249 898 accusa·

62 940 176 1017 tione,
212 937 306 1003 cuius
330 936 478 1002 notitiam
511 935 568 999 uni
598 933 716 1001 Suidae
744 934 899 1000 debemus
926 955 956 1001 ν.
981 935 1180 1018 Πολυκράτης
1203 974 1250 989 -

63 1044 136 1122 τοὺς
171 1043 257 1110 κοντοὶ
286 1040 467 1123 Σωκράτους
491 1041 603 1119 λάγους
640 1041 690 1106 δύο
717 1041 835 1123 ’Λνάτῳ
863 1039 915 1105 καὶ
941 1042 1076 1124 Μελήτῳ
1107 1041 1248 1125 γράψας.

63 1149 133 1219 lloc
156 1156 286 1215 tantum
310 1152 411 1213 miror
438 1167 499 1213 our·
517 1167 580 1212 non
604 1147 714 1213 eadem
745 1167 842 1234 opera
874 1147 992 1236 Lyconi
1017 1148 1148 1214 tertiam
1171 1151 1250 1214 scri·

62 1255 190 1344 pserit,
219 1254 410 1340 praesertim
439 1272 540 1338 quum
574 1252 732 1317 Maximus
757 1252 896 1340 Tyrius,
932 1254 1040 1337 gravis
1061 1261 1192 1331 auctor,
1222 1257 1249 1321 si

62 1359 269 1450 quisalius,
294 1368 327 1425 et
351 1358 529 1424 Themistio
558 1367 645 1424 certe
671 1378 732 1423 non
759 1357 1015 1444 postponendus,
1039 1359 1078 1425 de
1108 1359 1251 1427 Socratis

64 1464 312 1533 accusatoribus
339 1483 437 1549 agens
476 1464 521 1528 ita
552 1461 669 1528 dixerit
705 1463 738 1526 in
773 1461 906 1528 Dissert.
929 1463 983 1529 lll.
1010 1468 1040 1528 t.
1083 1467 1250 1548 Σωκράτην

61 1572 210 1648 Μύλητος
232 1570 290 1651 μὲν
320 1569 506 1652 ἐγράψατο,
533 1570 664 1642 Ἰ’Λνυτος
686 1568 718 1633 δὲ
742 1569 919 1647 εἰσήγαγε,
949 1569 1058 1635 Λύκων
1090 1571 1122 1638 st
1149 1573 1250 1639 toto·

61 1700 150 1754 κεν,
174 1684 207 1743 et
235 1675 387 1761 quoniam
408 1694 445 1740 ea
471 1673 566 1738 verba
592 1675 714 1740 Atticos
738 1675 911 1759 scriptores
932 1670 1038 1759 legere
1061 1676 1163 1742 solitis
1187 1699 1250 1745 non

63 1782 147 1851 ntis
170 1781 341 1868 perspicua
373 1790 469 1856 sunt,
494 1787 526 1845 et
550 1798 589 1844 ne
619 1780 724 1865 ipsum
748 1778 877 1864 quidem
902 1780 1083 1846 Maximum*
1103 1782 1179 1868 quid
1204 1785 1251 1849 in·
1334 1862 1336 1866 Α

63 1896 117 1955 ter
146 1886 324 1971 γράφεσθαι
349 1893 380 1950 et
415 1884 554 1963 εἰσάγειν
587 1893 619 1950 et
651 1885 765 1950 διώκειν
802 1885 970 1951 interesset
1001 1888 1133 1954 saisisse
1158 1898 1252 1976 puto,
1360 1913 1361 1916 ¹

61 1991 149 2063 udde
181 1993 325 2058 ricinum
359 1990 485 2056 locum:
521 1991 573 2056 καὶ
610 1993 758 2068 Μελήτου
783 1991 981 2073 γραφομένου
1013 1995 1166 2074 ὑτερεάρα
1198 1997 1250 2062 καὶ

61 2097 196 2167 Ἀνάνου
228 2095 406 2175 εἰσάγοντος
439 2096 622 2180 κατεφρόνει
647 2097 700 2162 καὶ
724 2096 866 2169 Λάκωνος
897 2096 1094 2174 λέγοντος
1119 2102 1253 2180 κατεγὲ·

61 2218 140 2282 λα,
169 2201 229 2269 boo
254 2201 383 2290 quidem
417 2203 623 2288 perspicuum
653 2210 722 2268 est:
755 2202 840 2289 Lyco
863 2212 975 2268 contra
1000 2202 1163 2271 Socratem
1184 2228 1252 2274 oro·

63 2310 183 2379 donem
207 2308 336 2386 babuit,
360 2316 441 2374 teste
466 2309 603 2373 Maximo
628 2308 744 2397 'lyrim
768 2309 877 2394 itaque
899 2309 1012 2375 διώκειν
1035 2308 1080 2374 illi
1104 2319 1151 2377 est
1175 2337 1251 2380 κατ·

61 2424 185 2499 ηγορεῖν
208 2424 240 2482 ct
263 2415 297 2480 ιὀι
325 2436 415 2480 reum
447 2414 570 2493 dicere,
601 2415 809 2501 quamobrem
841 2416 961 2481 mirum
991 2424 1061 2494 est,
1094 2425 1129 2482 ut
1160 2419 1253 2487 modo

63 2520 232 2598 dicebam,
267 2519 491 2608 Polycratem,
523 2527 655 2585 auctore
685 2518 805 2596 Suida,
830 2518 942 2586 lleleto
971 2527 1004 2586 et
1036 2521 1141 2609 Anyto
1171 2522 1252 2592 duas

63 2629 228 2697 orationes
254 2627 444 2711 scripsisse,
469 2625 588 2713 Lyconi
613 2644 673 2690 uon
698 2626 873 2711 scripsisse.

110 2731 175 2801 Sat
203 2733 282 2798 satis
308 2733 473 2797 iocorum:
500 2732 579 2795 istos
602 2729 731 2817 quidem
765 2730 902 2797 mirifice
926 2733 1042 2818 nugari
1068 2754 1171 2821 neque
1193 2738 1251 2803 mi·

62 2858 180 2907 nmur
210 2857 314 2924 neque
347 2857 464 2922 rrragno
488 2856 584 2923 opere
607 2857 770 2902 curamus.
819 2837 998 2904 Bentleiurn
1031 2841 1151 2917 miror,
1177 2862 1251 2927 quo·

62 2942 161 3013 nodo
183 2944 254 3010 istis
278 2943 489 3028 nugatoribus
512 2928 634 3027 ailquid
665 2944 806 3029 potuerit
830 2942 971 3009 credere.
1021 2944 1077 3009 llle
1101 2947 1186 3011 solur
1218 2948 1251 3012 in

61 3048 199 3119 bruera
225 3047 265 3114 de
288 3048 391 3134 Epist.
426 3047 550 3114 Socrat.
576 3069 644 3134 oap.
673 3049 737 3113 Vll.
774 3047 923 3115 lleletunr
950 3049 1156 3116 interiectum
1181 3073 1251 3120 esse

62 3155 198 3232 scribit,
230 3154 285 3221 sed
310 3155 451 3243 Arrytom
478 3155 510 3218 in
536 3154 685 3220 exsilium
719 3163 845 3220 tantum
871 3156 1006 3221 missum
1040 3165 1070 3221 et
1095 3157 1166 3223 eius
1191 3158 1250 3225 llo·

64 3260 191 3329 tecleae
216 3261 247 3325 in
273 3261 373 3326 Ponto
396 3269 505 3346 postea
528 3258 674 3344 degentis
698 3260 879 3346 complures
907 3263 1100 3328 mentionem
1125 3262 1251 3346 lacere,

63 3367 163 3437 unius
192 3367 238 3432 rei
272 3374 369 3432 testes
398 3366 545 3452 producit
576 3366 790 3432 Themistiunr
819 3377 850 3432 et
875 3368 1090 3453 Augustinum
1122 3368 1160 3434 de
1184 3370 1250 3438 Cis.

64 3470 231 3541 beivin.
257 3476 289 3538 3.
323 3491 397 3537 curu
433 3473 572 3556 lliogene
604 3472 741 3537 Laertio.
778 3472 996 3551 Tbenristius,
1029 3483 1065 3540 ut
1090 3474 1250 3557 vidimus,

63 3579 210 3667 Anytum
243 3577 403 3663 lapidibus
438 3579 589 3645 obrutum
614 3579 749 3655 scribit,
781 3581 983 3664 drrgrrstinus
1006 3590 1118 3647 contra
1143 3583 1251 3649 uolun-

64 3683 147 3751 tario
168 3692 261 3770 atque
280 3695 429 3768 perpetuo
456 3685 552 3749 exilio
583 3686 730 3751 erasisse.
779 3685 848 3767 Quo
877 3684 1056 3752 habitatum
1089 3706 1252 3756 concesse·

63 3788 111 3857 rit
133 3808 196 3855 nou
221 3797 463 3854 commemorat.
511 3790 668 3876 Diogenes
698 3791 801 3856 baert.
823 3790 862 3856 11.
889 3795 942 3857 43.
968 3791 1110 3879 Anytum
1141 3803 1252 3862 narrat

64 3912 169 3982 quum
192 3892 274 3960 forte
298 3895 485 3961 xHeracleam
509 3899 649 3962 venisset
679 3896 718 3962 ab
742 3895 1007 3963 Heracleensibus
1040 3899 1148 3963 statim
1182 3899 1251 3966 lini·

63 3999 129 4069 bus
160 4001 228 4066 suis
260 4001 413 4067 excedere
445 4002 581 4067 iussum.
638 4001 725 4069 ldem
762 4003 794 4068 in
831 4002 1020 4069 Antisthene
1050 4002 1103 4068 Vl.
1137 4008 1167 4069 9.
1204 4006 1251 4073 sio

62 4104 200 4175 mihil:
226 4105 443 4196 (Ἃντισάὲνης)
477 4108 529 4173 καὶ
554 4109 672 4192 Ἀνύτῳ
696 4118 751 4185 τῆς
775 4116 882 4191 φυγῆς
914 4108 1009 4182 αἴτιος
1034 4109 1177 4187 γενέσθαι
1201 4113 1251 4177 dr·

62 4222 120 4281 κεῖ
145 4213 199 4280 καὶ
227 4215 364 4294 Μελήτῳ
405 4219 458 4278 τοῦ
490 4213 631 4280 θανάτου.
679 4223 836 4288 Ποντικοῖς
869 4214 932 4296 γάρ
962 4215 1128 4289 νεανίσκοις
1163 4218 1250 4283 κοντοὶ

61 4318 155 4394 κλάος
184 4323 239 4385 τοῦ
272 4319 453 4401 Σωκράτους
492 4320 681 4402 άφιγροένοις
714 4320 888 4402 περιτυχὼν
924 4320 1098 4398 άτιὶγαγεν
1137 4323 1251 4397 αὐτοὺς

63 4426 142 4509 πρὸς
169 4426 373 4494 τὸνἌνυτον
404 4427 495 4494 εἱτὼν
526 4427 557 4493 ἕν
584 4428 644 4504 ἤάει
677 4428 905 4510 σοφώτερον
936 4422 1043 4493 εἶναι
1075 4431 1143 4493 τοῦ
1176 4437 1249 4493 Σω-
