2940 5010
669 336 686 379 h'

78 504 111 569 in
137 489 296 575 ὑπισῖισαν
320 504 376 586 ὄρει
400 503 498 571 latere
521 505 580 571 ὑπὸ
604 504 799 587 Στασάνοριῖ
847 506 949 572 Paene
969 503 1133 571 cernimus
1156 504 1258 572 oculis

75 626 272 712 scripturam
296 635 436 694 veterem
459 636 815 707 ΤΠΟΣΤΛΣΛΝΟΡΙ,
839 646 934 713 quam
968 625 1074 693 scriba
1096 623 1188 691 nihili
1210 627 1257 693 sic

75 743 261 833 depravavit
285 755 321 813 ut
345 744 459 813 Strabo
484 748 621 834 ineptire
655 747 830 816 rideretur.
880 745 941 814 Sed
973 748 1005 812 in
1040 744 1158 812 talibus
1182 766 1257 813 vera

76 863 171 932 lectio
194 866 331 952 emergit
355 865 408 933 ubi
431 868 505 953 quis
528 875 560 934 et
591 867 631 933 ab
662 867 780 934 iudicio
800 877 831 934 et
854 866 894 933 ab
924 866 1104 933 eruditione
1128 874 1259 952 paratus

75 1005 208 1054 manum
232 986 358 1054 vulneri
380 987 539 1057 admouet.
567 990 603 1056 lu
628 988 680 1054 his
703 989 904 1076 potissimum
919 1006 1015 1075 quam
1040 986 1119 1053 nihil
1132 987 1257 1055 scribae

76 1104 236 1190 cogitent,
262 1127 360 1194 quam
392 1107 473 1197 nihil
497 1107 679 1194 intelligant
705 1107 886 1175 luculenter
916 1116 1060 1195 apparet.
1107 1106 1258 1174 Anaxilas

75 1225 108 1290 in
132 1226 288 1295 Athenaei
317 1227 431 1296 Codice
454 1229 629 1318 archetypo
653 1229 814 1296 llarciano
837 1237 869 1297 et
893 1228 1085 1317 apographis
1107 1227 1256 1295 omnibus

75 1344 217 1414 traditur
239 1348 358 1415 dixisse
380 1350 466 1416 Xlll.
492 1370 525 1436 p.
547 1354 612 1418 558
636 1351 672 1420 lt.

209 1471 235 1535 oi
259 1472 381 1555 Σινώπγ
403 1471 429 1537 δ’
453 1468 494 1538 αὖ
517 1471 656 1545 συνόντες
680 1473 739 1553 οὐχ
764 1469 837 1556 ὕδρα
860 1470 973 1538 σύνεισι
998 1475 1068 1547 odo:

209 1596 308 1672 γραῦς
333 1592 389 1672 μὲν
412 1588 511 1671 αὕτη,
534 1592 746 1675 παραπέφυκε
766 1593 793 1658 δ’
818 1597 836 1669 ἡ
860 1593 1014 1660 Γνάθαινα
1037 1593 1187 1670 πλησίον,

208 1712 247 1783 ὥς
270 1713 314 1778 σα
337 1710 443 1778 πολλοὶ
466 1715 500 1792 γ’
525 1712 581 1778 εἰσὶ
605 1710 723 1786 ταύτης
747 1710 791 1781 ἔτι
814 1711 975 1778 διπλάσιον
999 1713 1106 1781 κακέ.

75 1847 182 1896 uerarn
208 1814 404 1919 scripturam
428 1833 547 1917 reperit
570 1830 733 1897 ltobraeus
756 1830 889 1898 Advers.
911 1832 951 1899 ll.
975 1852 1007 1920 p.
1031 1837 1110 1902 541.

206 1949 266 2022 ὦς’
290 1955 589 2030 ἀπαλλαγεῖσι
613 1951 731 2028 ταύτης
756 1950 800 2022 ier
824 1952 986 2020 διπλάσιον
1009 1952 1115 2020 κακόν.

71 2067 160 2137 vides
182 2080 751 2138 ΩΣΤΑΠΛΛΛΛΓΕΙΣΙΤΑΤΤΗΣ
775 2069 963 2138 dormitanti
989 2070 1121 2139 librario
1144 2072 1251 2140 fraudi

69 2188 180 2260 luisse.
230 2191 350 2258 Verum
379 2188 603 2256 huiuscemodi
628 2190 706 2255 vitia
731 2209 770 2256 ex
802 2188 893 2255 libris
918 2193 1112 2277 pervetustis
1139 2213 1251 2281 propa·

70 2317 144 2395 gata
164 2309 208 2376 nil
230 2312 292 2377 nisi
316 2310 524 2378 librariorum
553 2319 717 2398 stuporem
738 2316 770 2377 et
792 2310 955 2376 inscitiam
980 2321 1143 2398 arguunt,
1169 2333 1252 2401 quae

70 2439 191 2517 quauta
214 2433 257 2497 sit
284 2450 376 2497 nemo
411 2431 491 2497 satis
525 2431 609 2498 scire
638 2437 744 2517 potest
772 2430 835 2496 uisi
856 2429 913 2496 diu
933 2450 971 2498 ac
999 2432 1140 2500 multum
1164 2444 1248 2502 vete·

68 2571 121 2619 res
145 2552 348 2620 membranas
369 2552 600 2640 exploraverit,
624 2551 680 2618 sed
703 2550 789 2618 idem
806 2550 899 2638 longo
923 2572 983 2620 usu
1002 2553 1151 2621 omnibus
1174 2557 1250 2623 isto·

67 2691 141 2740 rum
171 2673 334 2740 erroribus
357 2680 390 2740 et
413 2670 581 2739 fraudibus
609 2669 809 2738 assuefactus
843 2672 994 2760 pleraque
1023 2672 1111 2741 nullo
1139 2675 1247 2744 labore

66 2791 204 2863 sanabit.
252 2793 382 2861 Codices
412 2793 515 2880 igitur
540 2793 587 2859 sic
616 2812 634 2859 a
664 2790 860 2859 dormitante
889 2792 1020 2860 librario
1040 2815 1081 2862 ex
1111 2798 1248 2864 vetustis

65 2912 157 2981 libris
192 2915 345 3002 descripti
385 2912 512 2981 facilem
548 2921 581 2981 et
619 2913 799 3001 expeditam
834 2911 953 2980 hahent
991 2913 1247 2984 emendationem

65 3036 263 3124 eandemque
301 3045 423 3103 certam
457 3045 489 3103 et
524 3033 672 3102 omnibus
713 3032 929 3101 manifestam.
984 3035 1021 3102 lu
1056 3035 1108 3102 his
1143 3036 1248 3103 morbi

63 3164 141 3224 suut
163 3156 322 3224 sanabiles
354 3164 385 3223 et
416 3160 452 3223 cd
475 3154 657 3238 ζντσύμενσν
680 3154 810 3220 ἁλωτόν.
860 3152 921 3220 Sed
949 3162 1026 3221 sunt
1048 3154 1104 3221 alii
1130 3156 1246 3235 multi,

63 3279 97 3344 iu
128 3277 246 3365 quibus
274 3296 386 3344 omues
415 3274 598 3343 istiusmodi
625 3283 748 3340 ueteres
780 3273 941 3341 scribendi
969 3294 1094 3343 errores
1124 3277 1249 3345 arnale

62 3399 151 3465 sanis
173 3396 410 3466 correctoribus
439 3395 604 3462 Graeculis
629 3397 676 3462 sic
702 3397 830 3462 correcti
850 3405 927 3463 suut
958 3396 1103 3478 scilicet,
1127 3406 1164 3465 ut
1195 3398 1246 3467 de·
1283 3361 1301 3518 'lp

63 3527 195 3606 provata
219 3540 293 3606 pars
320 3520 442 3585 intacta
475 3516 734 3604 relinqueretur,
768 3538 847 3585 sana
875 3526 908 3585 et
935 3518 1060 3604 integra
1091 3538 1148 3606 per
1180 3521 1264 3588 rim*

60 3639 223 3726 corruptis
246 3637 553 3706 accommodaretur.
600 3638 638 3705 lu
662 3637 776 3705 horum
799 3638 961 3705 nonnullis
982 3659 1057 3706 vera
1081 3641 1245 3727 scriptura

63 3758 276 3848 aliquomodo
300 3759 487 3846 investigari
511 3766 637 3845 potest,
662 3758 693 3823 iu
719 3757 881 3846 plerisque
903 3765 1030 3825 mortuo
1049 3759 1244 3829 medicinam

61 3881 198 3948 iacimus
219 3887 251 3947 et
277 3881 382 3945 omnis
414 3877 605 3946 emendandi
638 3897 733 3965 opera
761 3877 895 3944 luditur.
942 3877 1146 3965 Deprebeusa
1173 3889 1243 3958 est,

61 4009 99 4069 ut
121 3998 344 4079 ostendimus,
369 3997 551 4065 istiusmodi
585 3997 788 4085 interpolatio
814 3999 849 4064 iu
877 3998 1017 4065 Aoabasi
1043 3998 1114 4068 Vll.
1138 4019 1162 4068 1.
1187 4004 1242 4066 28.

62 4120 118 4189 ubi
146 4120 293 4187 inlibris
319 4129 387 4187 est:
419 4121 668 4200 Λακεδαιμονίων
692 4119 749 4199 μὲν
780 4119 832 4185 καὶ
866 4127 925 4187 σῶν
960 4123 1136 4204 Ἀχαιῶν
1162 4146 1241 4202 cure·

61 4242 177 4325 μάχαν
200 4240 421 4323 ὑπαρχόντων,
459 4241 624 4316 Ἀθηναίων
654 4241 685 4307 δὲ
719 4239 771 4305 καὶ
804 4237 865 4306 ὅσοι
901 4242 1022 4315 ἐκείνοις
1056 4241 1128 4308 ‘edre
1162 4239 1240 4317 ἦσαν

61 4365 229 4446 σύμμαχοι
254 4364 377 4431 πάντων
401 4362 713 4444 προσγεγενημένων,
737 4381 819 4448 quac
843 4361 979 4430 absurda
1006 4374 1081 4430 suttt
1113 4375 1143 4431 et
1168 4384 1240 4431 scu·
