2940 5010
701 268 763 331 162

139 443 205 531 ρωθι
229 441 261 508 δὲ
283 442 359 523 ἀνὴρ
381 441 607 522 ἐγγέγλυπται
635 448 669 509 et
693 447 757 509 148
783 443 815 509 ἐν
838 452 878 528 τῇ
901 442 966 527 ζῷα
988 443 1125 524 μεγάλα
1145 446 1259 526 ἔγγέγί

141 572 195 615 σαι
224 555 257 614 et
279 547 407 635 saepius
437 546 522 613 alibi.
570 546 723 635 Suspicor
752 556 1033 617 ΕΝΕΓΛΤΠΤΛΙ
1063 551 1242 636 genuinum

143 658 177 720 et
209 651 361 739 probum,
395 652 543 720 librarios
574 652 616 720 ad
650 651 684 721 iu
706 653 792 741 quod
814 652 959 721 solebant
983 654 1045 742 ipsi
1069 653 1180 723 dicere
1198 655 1259 724 suh

146 756 291 845 delapsos
313 778 391 825 csse.

193 864 300 949 Quum
322 861 417 950 longo
443 882 507 930 usu
535 864 726 946 γίγλυμμαι
756 863 945 931 invaluisset
968 864 1095 931 exstitit
1120 864 1254 953 aliquis,

149 978 289 1035 veterem
311 989 406 1035 usum
435 967 655 1038 demonstrare
686 969 795 1036 rolens
821 966 988 1057 Eupolidis
1016 988 1148 1039 versum
1170 991 1259 1059 oppon

147 1094 248 1161 quum
271 1076 384 1161 quovis
406 1074 469 1141 alio
488 1084 620 1143 auctore
640 1075 689 1142 uti
710 1075 878 1163 potuisset.

99 1204 102 1209 ·
193 1180 398 1270 Phrynichus
420 1180 537 1250 Athen.
563 1202 593 1269 p.
614 1186 678 1249 474
701 1181 736 1247 Β.

330 1287 441 1352 ἑκατὸν
463 1286 503 1353 ίιν
525 1296 582 1364 τοῖς
605 1285 721 1369 ἡμέρας
741 1283 865 1352 ἔκλαιεν
882 1284 960 1354 οίνου
977 1282 1155 1369 κανθάρους.

149 1388 333 1456 Αίιευτθυιι]
357 1410 428 1463 esse
450 1392 573 1458 ἔκλαιεν
599 1412 693 1459 nemo
717 1397 823 1478 negat.
858 1391 1037 1458 hicinehius
1060 1393 1183 1479 recepit
1204 1391 1259 1459 het

150 1495 196 1560 nii
222 1494 325 1562 ierem
355 1496 643 1564 correctiuncuiam
667 1495 774 1571 ίκαευ;
797 1495 852 1562 seri
875 1495 965 1562 aliud
986 1505 1036 1564 est
1059 1498 1180 1573 ὄτταν,
1204 1497 1259 1584 opii

150 1599 237 1666 aliud
258 1601 359 1681 κσίειν,
382 1610 415 1668 et
433 1603 509 1688 quia
522 1601 600 1669 haec
615 1601 736 1668 dicitur
757 1599 870 1668 iecisse
892 1599 1138 1668 Chaerestratus
1160 1626 1259 1684 κεραρι

148 1705 220 1772 σίκσι
244 1706 403 1789 σωφρθνως
427 1708 573 1794 suspicor
597 1706 799 1793 protanam
822 1703 1042 1793 reponendum
1065 1724 1136 1773 esse
1159 1706 1259 1775 ἔσλιισ

149 1810 235 1896 quod
257 1811 331 1877 honi
352 1814 508 1895 κεραμέως
531 1811 707 1879 artificium
730 1821 789 1879 est.

196 1917 371 2007 Phrynichi
406 1916 624 2004 fragmentum
655 1919 691 1984 hc
719 1924 777 1984 τῶν
808 1917 954 1999 Σατύρων
988 1915 1075 2003 apud
1110 1918 1259 2004 cognomi

150 2023 404 2089 Grammaticum
428 2023 567 2110 Epitom'.
589 2044 623 2111 p.
645 2026 711 2090 266
736 2022 809 2089 hob.
829 2021 939 2088 abiicit
960 2021 1158 2101 mischius,
1181 2043 1259 2110 quon

151 2149 211 2193 nex
239 2128 384 2216 pluribus
413 2129 631 2217 Aristophanis
659 2128 734 2195 loris
760 2137 874 2193 temera
903 2126 1072 2212 confictum
1098 2137 1161 2205 cst,
1191 2139 1226 2193 υι
1252 2150 1259 2194 ι

149 2232 227 2297 otuu
249 2233 467 2320 Diodorfius.”
504 2233 707 2324 Phrynichus
726 2233 773 2298 sic
793 2231 1000 2298 scribit'eum
1020 2231 1158 2299 ridicula
1168 2236 1259 2320 prati

151 2346 189 2403 ut
210 2337 304 2404 solet:
327 2338 674 2421 Εθαγγελίζομαί
694 2360 754 2404 σεε
778 2337 831 2402 καί
852 2337 920 2418 περὶ
944 2338 1062 2412 ταύτης
1082 2347 1139 2415 τῆς
1160 2338 1259 2406 cunrat

150 2443 410 2524 διασκεπτόμενος
442 2446 492 2510 ἐτί
521 2445 636 2527 συχνὸν
664 2445 770 2520 δύτινα
800 2443 907 2523 χρόνον
930 2442 995 2509 εἴτε
1017 2444 1178 2528 αἰτιατικῇ
1202 2469 1259 2512 συν

150 2549 217 2613 τίον
240 2552 317 2616 αὐτὸ
341 2554 479 2626 πτώσει,
504 2550 567 2616 εἴτε
590 2551 691 2632 δοτικῇ
717 2548 843 2631 εὑρίσκω
870 2547 957 2613 κατσδ
985 2550 1105 2625 δοτικὴν
1136 2553 1259 2633 rippam

149 2650 229 2719 Hem
259 2665 390 2722 acutum
424 2655 586 2722 hominem
618 2663 651 2720 et
684 2653 805 2740 optime
842 2652 963 2720 Graece
992 2654 1158 2722 scientem.
1211 2656 1259 2725 iiii

151 2759 290 2826 muitum
323 2761 482 2847 quaesivit
508 2769 619 2826 utrum
647 2757 900 2840 εὐαγγελίζομαί
929 2782 965 2824 σε
986 2778 1028 2824 an
1051 2784 1097 2826 σοι
1121 2769 1208 2829 esset
1228 2761 1259 2829 ui

150 2864 243 2944 dum,
267 2867 359 2951 quasi
388 2866 453 2932 ulla
484 2867 583 2954 possit
610 2884 681 2932 csse
708 2863 885 2941 dubitatio,
908 2864 988 2950 quin
1014 2867 1259 2951 εὐαγγελίζσααί

149 2997 180 3038 τι
205 2970 237 3036 iti
263 2980 313 3038 est
340 2972 424 3055 φέρω
450 2996 497 3040 τοι
524 2972 686 3051 ἀγγελίαν
711 2973 835 3051 ἀγαθήν
862 2972 958 3038 unice
984 2990 1097 3039 verum
1125 2981 1259 3054 essem

150 3079 294 3144 oninium
327 3077 479 3145 Veterum
508 3096 587 3143 usus
617 3075 797 3143 confirmat.
844 3074 966 3144 hunde
988 3075 1051 3143 duo
1074 3079 1259 3166 exemptae

151 3204 189 3250 ex
213 3184 315 3270 poetis
336 3183 518 3249 comoediae
539 3183 701 3269 antiquae.
736 3182 883 3249 Alterum
904 3180 1145 3269 Aristophanis:
1169 3190 1259 3268 ’Δριιτ

152 3310 217 3361 νους
240 3290 297 3367 μὲν
319 3286 396 3354 οὕτω
417 3290 562 3367 λέγοντος
582 3289 614 3353 ίν
637 3297 701 3362 τοῖς
722 3293 899 3354 Ἱππεῦσιν·
924 3289 984 3377 (vs.
1006 3287 1086 3377 642)

331 3396 614 3472 Εὐαγγελίπατθαι
635 3400 749 3475 πρῶτος
774 3396 846 3472 ὑμῖν
865 3393 1033 3473 βούλομαι.

196 3498 372 3586 Phrynicht
396 3498 552 3564 aiterum:
577 3499 726 3580 Φρυνίχου
750 3500 781 3563 δὲ
804 3505 858 3565 τοῦ
881 3499 1024 3582 κωμῳδοῦ
1048 3500 1080 3564 ἐν
1098 3508 1166 3575 τοῖς
1183 3511 1259 3569 Ean

152 3602 263 3677 οὕτως·
287 3605 353 3679 brais
377 3604 445 3685 πρὶν
467 3605 565 3669 ἐλθεῖν
587 3606 680 3670 αὐτὸν
702 3605 747 3678 είς
766 3605 882 3683 βουλὴν
904 3605 962 3671 ἔδει
983 3605 1034 3670 καί
1055 3607 1150 3672 ταῦτ’
1171 3607 1259 3687 &aaa

152 3723 256 3775 λαντιι
276 3710 374 3774 πόλιν
397 3712 469 3791 πρὸς
489 3712 540 3775 τὸν
556 3712 622 3776 θεὸν
643 3711 743 3788 ἥκειν,
766 3711 827 3788 ἐγὼ
850 3710 877 3773 δ’
900 3710 1037 3793 σίτίδραυ
1059 3712 1171 3778 ἐκεῖνον
1185 3712 1259 3796 δευρι

152 3818 214 3881 tri:
241 3816 271 3879 io
291 3835 356 3901 quo
372 3814 441 3880 ioco
460 3815 589 3881 initium
615 3816 764 3880 vitiosum
789 3823 837 3879 est
864 3823 896 3880 ct
916 3815 1008 3894 finis,
1031 3823 1199 3903 praeterea
1218 3839 1259 3887 en

151 3919 330 3987 versiculus
352 3921 419 4006 ipse
440 3921 472 3984 in
493 3940 556 4006 quo
574 3929 658 3987 esset
679 3918 729 3997 iu,
753 3919 961 4006 quamohrem
981 3920 1071 3988 locus
1090 3921 1259 3993 afferretur

151 4025 216 4103 ίσιλ
236 4027 304 4110 πρίν
322 4026 400 4114 quid
423 4026 521 4092 lateat
544 4045 607 4091 non
628 4034 755 4112 exputo.
802 4025 934 4092 Caetera
957 4027 1004 4094 sie
1024 4029 1245 4100 restituerim:

606 4133 703 4198 ἐλθεῖν
723 4133 816 4197 αὐτὸν
840 4133 882 4205 είς
903 4134 1020 4212 βουλὴν
1043 4133 1103 4201 ἔδει

330 4238 383 4305 καί
407 4240 500 4304 ταῦτ’
519 4239 773 4316 ἀπαγγείλαντα
796 4237 894 4304 τθλιυ
915 4241 989 4320 πρὸς
1011 4241 1064 4306 τὸν
1089 4242 1156 4308 θεὸν

331 4343 426 4419 ι’ίκειν.
451 4346 513 4423 ἐγὼ
535 4347 561 4411 δ’
579 4345 717 4425 σίπίδραν
737 4344 848 4409 ἐκεῖνον
871 4344 961 4428 δεῦρ’,
986 4342 1035 4412 ἵνα
1143 4400 1148 4413 .
