2940 5010
697 272 758 334 oet

142 448 219 513 ort
249 444 413 512 radron.
460 443 541 508 Hinc
573 440 765 509 factumest
797 452 832 507 ut
861 444 966 508 οοίτίοον
1000 444 1086 526 ἔχειν
1116 449 1190 515 ὑπό
1221 475 1329 525 τινος

141 552 318 621 diceretur.
367 548 455 615 Plato
468 548 544 634 llep.
561 547 642 614 Vlll.
660 552 723 614 5θὸ
744 550 778 613 Β.
803 549 907 614 atiriaco
929 551 964 624 δὴ
988 549 1082 632 lexov
1104 554 1161 620 ὑπὸ
1183 563 1242 621 τῶν
1267 559 1330 623 ἑτέ·

141 682 197 741 μου
220 694 267 707 -
286 658 325 729 ὡς
348 655 580 734 ἐπιβουλεύουσι
610 656 654 736 τῷ
679 656 783 736 δήμῳ,
816 661 849 718 et
873 655 1004 739 passim.
1053 660 1327 738 Quemadmodum

142 771 253 831 autern
287 763 406 840 τιμίου
441 759 526 842 ἔχειν
550 760 611 825 dard
633 784 712 834 τινος
741 768 772 824 et
804 761 934 839 τιμὰς
965 761 1050 841 ἔχειν
1074 762 1195 829 dieitur
1219 769 1330 852 proin

142 866 265 935 honore
295 887 363 933 eree
393 865 477 952 opud
506 864 643 951 aliquem
675 873 707 929 et
740 864 779 928 οίι
810 865 915 953 aliquo
946 864 1121 933 honoribus
1145 870 1249 956 offici,
1282 876 1330 939 sie

142 973 249 1040 ιοίοίοιυ
280 972 366 1053 ἔχειν
390 978 423 1036 et
454 970 537 1051 ἔχειν
570 971 674 1044 niolae
699 968 829 1035 dilierre
860 972 1027 1056 putareris
1053 982 1148 1058 prout
1176 978 1249 1060 quis
1273 987 1329 1043 aut

141 1098 204 1145 υιιο
235 1078 373 1145 erimine
404 1081 461 1141 aut
485 1075 632 1161 plurilus
663 1082 828 1160 urgeatur.
878 1075 939 1141 Sed
973 1096 1075 1162 neque
1107 1081 1212 1155 οίτίοος
1244 1081 1330 1165 ἔχειν

142 1182 208 1249 diei
231 1181 313 1249 solet
336 1192 453 1249 etune
477 1190 603 1247 tantum
640 1182 778 1246 erimine
802 1180 1042 1265 Xenophontem
1080 1183 1330 1267 insimulabant,

142 1289 190 1356 ita
218 1294 256 1354 ut
285 1289 391 1363 οίτίυς
423 1286 487 1368 ἔχω
519 1305 714 1371 quamquam
743 1297 790 1351 est
817 1287 849 1351 in
874 1283 966 1350 libris
998 1287 1186 1355 melioribus
1222 1301 1329 1360 tamen

142 1401 296 1483 appareat
319 1412 390 1459 esse
412 1390 565 1457 deterius.

186 1498 227 1567 ln
251 1504 270 1587 §
294 1504 334 1565 16
367 1496 583 1564 revocandum
607 1504 657 1561 est
679 1498 785 1561 οὐκοῦν
806 1496 895 1572 δῆλον
915 1496 1007 1562 τοῦτο’
1025 1520 1066 1575 γε
1085 1498 1150 1575 ἔτι,
1175 1502 1229 1568 ubi
1254 1504 1328 1570 ltin-

143 1604 266 1673 dorlius
285 1624 451 1691 perperam
475 1622 531 1689 pro
550 1598 595 1667 ίτι
616 1620 656 1666 ex
676 1599 768 1665 libris
787 1601 974 1667 melioribus
992 1604 1055 1671 ἐςίυ
1076 1608 1215 1692 recepit,
1238 1628 1329 1696 prae·

144 1720 232 1779 terea
254 1709 288 1775 ln
314 1707 434 1775 veritis:
457 1710 553 1785 ἀλλ’,
577 1704 681 1785 οἶμαι,
706 1709 730 1771 εί
756 1708 849 1772 ἐδίδου
873 1708 923 1772 ἐπί
948 1709 1045 1789 τούτῳ
1069 1708 1107 1774 διν
1131 1713 1225 1779 ἐδίδου
1247 1712 1328 1790 ὅπως

142 1814 208 1895 ἐμοὶ
242 1816 311 1889 δοὺς
336 1822 421 1894 μεῖον
445 1815 490 1892 μὴ
512 1813 638 1887 οὶποδοίη
673 1813 743 1889 ὑμῖν
766 1813 801 1877 οδ
826 1821 942 1877 πλεῖοι.
989 1813 1141 1881 Adversis
1169 1816 1329 1887 irentinus

143 1928 344 1987 eoueurrunt
367 1921 392 1986 οί
416 1920 511 1984 ἐδιδου
532 1956 575 1968 -
600 1919 695 1984 ἐδίδου
725 1915 787 1992 ἄν,
822 1937 925 2002 neque
957 1917 1051 1984 aliter
1084 1920 1161 1987 liaeo
1193 1935 1329 2009 possunt

143 2028 176 2093 in
199 2024 405 2093 concordiam
430 2023 532 2109 redigi
567 2023 629 2088 nisi
661 2030 696 2087 ut
727 2022 946 2107 importunum
978 2022 1018 2090 ἄν
1043 2037 1265 2105 removeatur,
1293 2042 1328 2096 ut

144 2130 238 2219 paulo
271 2140 346 2197 anie
378 2130 557 2196 rectissime
584 2126 725 2193 dieitur:
760 2128 850 2199 δῆλον
880 2130 971 2195 τοῦτο
994 2154 1034 2208 γε
1065 2128 1112 2198 ἔτι
1143 2134 1228 2214 εἴπερ
1260 2139 1328 2214 ἐμοί

144 2236 242 2305 iride
267 2262 296 2304 rr
325 2236 441 2311 Σεύθης
463 2238 525 2316 οὐχ
554 2232 648 2306 οὕτως
671 2232 769 2298 ἐτέλει
802 2235 896 2309 δήπου
920 2237 986 2301 κοί.
1035 2236 1123 2303 Adde
1156 2238 1194 2303 οίυ
1218 2249 1249 2305 et
1273 2242 1327 2306 al)-

143 2342 241 2410 anrda
265 2343 329 2409 erit
361 2341 463 2408 oratio
495 2343 556 2419 οὐχ
587 2336 680 2411 οὕτως
712 2338 750 2403 διν
772 2340 870 2405 ἐτέλει
899 2340 1007 2417 δήπου.
1053 2343 1121 2408 lion
1146 2354 1327 2414 esttamen

142 2446 179 2515 ίίυ
202 2446 414 2515 reserandum
447 2443 500 2511 sed
525 2442 773 2510 emendandum.
821 2444 956 2512 Factum
986 2456 1034 2514 est
1065 2451 1150 2515 enim
1176 2450 1234 2517 hoe
1259 2452 1327 2519 loeo

143 2552 225 2641 qnod
257 2560 323 2619 iarn
355 2570 450 2637 saepe
485 2549 561 2615 alibi
591 2558 626 2613 nt
658 2558 756 2613 Atta
786 2551 901 2615 scribis
934 2552 966 2616 in
1001 2563 1061 2619 AN
1091 2556 1325 2641 relegeretur,

144 2660 250 2747 itaque
273 2656 509 2725 emendandum
534 2664 604 2721 est:
635 2656 660 2719 εί
685 2656 779 2720 ἐδίδου
803 2656 854 2720 ἐπί
886 2657 982 2739 τούτῳ
1016 2660 1059 2734 δὴ
1094 2662 1199 2727 ἐδίδου.
1248 2665 1326 2744 Quis

143 2774 186 2833 est
218 2765 251 2831 in
286 2762 346 2829 hoe
373 2781 491 2847 genere
523 2760 703 2825 studiorum
737 2760 935 2847 aliquamdiu
969 2774 1136 2843 ror-sams,
1172 2770 1226 2853 qni
1265 2790 1326 2834 non

143 2870 255 2938 erebro
278 2868 396 2935 viderit
428 2866 465 2932 οίυ
498 2868 528 2931 in
555 2866 645 2931 llinis
669 2886 738 2931 osse
761 2869 941 2953 seriptum,
977 2868 1029 2933 otn
1060 2872 1095 2947 δή
1121 2875 1326 2957 requiratur:

143 2976 239 3043 etiam
263 2982 377 3041 eontra
401 2981 554 3059 peccatur
577 2970 632 3037 sed
655 2972 831 3037 rarissime.
878 2973 914 3037 ln
940 2974 1105 3060 Euripidis
1130 2977 1328 3045 Phaethonte

144 3100 216 3167 pro:

321 3185 414 3251 Ἀλλ’
439 3180 488 3248 ὅδε
512 3184 575 3263 γοδρ
599 3183 641 3255 δὴ
664 3184 816 3260 βοοιλεὺς
840 3185 895 3261 πρὸ
919 3184 1018 3263 digena

322 3286 417 3371 κήρυξ
440 3291 464 3353 l'
485 3290 560 3368 ίερδο
584 3287 637 3352 xxi
659 3295 736 3359 ποοίς
761 3286 882 3352 daldun

323 3394 463 3475 βαίνουσι
487 3398 634 3474 τριπλοῦν
657 3392 789 3473 ζεῦγος·
815 3392 899 3472 ἔχειν
920 3395 981 3474 χρὴ

458 3500 532 3578 ςόμ’
552 3501 583 3563 ἐν
608 3500 737 3582 ἡσυχίου.

141 3608 171 3675 in
196 3606 417 3675 vetustissimo
450 3603 564 3670 Codice
589 3603 816 3689 palimpsesto,
841 3602 925 3668 endo
950 3622 1023 3689 pars
1055 3604 1180 3676 salsulae
1200 3624 1325 3681 servata

140 3722 207 3791 est,
231 3710 352 3777 diserte
376 3712 534 3796 seriptum
559 3718 627 3774 est:

293 3860 300 3873 ·
319 3823 870 3883 ΑΛΛΟΔΕΓΛΡΛΝΒΑΣΙΛΕΤΣ.

181 3922 272 3991 ldem
305 3921 459 3989 mendum
491 3923 523 3986 in
551 3917 708 3984 llerorloto
745 3920 935 3983 inveteravit
960 3918 1011 3985 Vl.
1041 3926 1113 3986 124.
1152 3924 1229 3991 οὕτω
1259 3930 1325 3995 οὐδὲ

137 4030 231 4109 λόγος
251 4028 344 4109 uiolet
367 4029 575 4109 οὶιοοδεχίῆυοοι
597 4024 631 4088 ἔκ
651 4048 691 4101 γε
715 4024 753 4089 ἂν
777 4026 891 4089 τούτου
920 4027 1057 4101 donea,
1083 4038 1118 4092 tu
1139 4033 1264 4115 corrige
1290 4034 1324 4100 ἔκ

138 4158 178 4213 γε
200 4134 237 4211 ts
259 4134 386 4199 radron.
419 4132 540 4198 Addam
565 4130 644 4195 duos
667 4128 753 4195 locos
777 4150 815 4196 ex
838 4129 979 4195 Platonis
1001 4130 1188 4219 Symposio:
1214 4157 1245 4223 p.
1263 4144 1326 4207 199

137 4242 175 4307 Α.
199 4238 329 4307 editur:
352 4235 433 4311 ὅπως
457 4238 496 4303 διν
519 4238 671 4319 <pulverea
700 4239 738 4308 ὡς
762 4236 911 4310 κοίλλιςος
940 4236 993 4301 κοί
1016 4236 1141 4319 uipereo,
1164 4241 1254 4315 δῆλον
1279 4241 1325 4311 ὅτι

137 4354 203 4419 τοῖς
223 4346 270 4427 μὴ
294 4346 537 4423 γιγνώσκουσιν·
570 4346 603 4409 οὐ
627 4341 690 4422 γοὶρ
711 4340 756 4406 οἷο
784 4368 841 4409 που
869 4350 933 4415 τοῖς
957 4367 997 4420 γε
1018 4344 1132 4419 elidet,
1156 4344 1327 4417 dubitasne
