2940 5010
702 258 766 322 602

152 456 222 504 ram
247 440 533 512 ΦΙΛΟΝΕΙΚΟΣ,
557 439 667 520 utpote
687 451 727 498 ex
750 432 815 505 νῖκν
840 450 902 495 non
921 448 959 496 ea
984 439 1079 506 νεῖκος
1100 432 1332 519 compositam,

150 541 338 629 productam
363 537 502 605 vocalem
532 558 594 604 noo
621 535 855 623 diphthongum
880 534 1052 622 postulare.
1100 536 1227 605 Neutra
1247 540 1330 609 eni·

151 649 184 713 iu
208 684 253 697 —-
276 671 307 719 οι
331 645 487 711 adieetiva
519 644 695 730 composita
723 640 862 707 iormant
883 642 915 705 in
940 676 985 690 —
1001 642 1037 718 ιὶε
1069 644 1247 721 exeuntia,
1273 644 1333 721 itae

149 752 262 827 ἀδεής,
294 752 381 828 γένος
405 752 542 829 donetis,
575 749 663 820 κλέος
697 747 837 825 οὶκλειὶς,
863 745 992 826 βλάβος
1018 748 1175 827 ἀβλαβής
1209 748 1332 837 aliaque

148 876 245 944 qnam
269 856 424 941 pitnima:
457 857 491 922 πὸ
517 863 612 927 νεῖκος
639 853 739 939 igitur
765 872 805 917 ex
826 852 970 937 attatogia
994 852 1179 919 certissima
1201 861 1331 939 φιλονει-

149 964 203 1039 κής
235 982 272 1026 ex
303 980 372 1026 sese
396 960 594 1045 peperisset,
627 967 663 1022 ut
684 958 890 1034 Πολυνείκης,
921 976 1016 1043 quem
1047 956 1149 1025 trater
1181 960 1219 1025 iu
1241 960 1333 1027 Phoe·

148 1068 245 1133 nissis
278 1065 394 1130 νεικέων
423 1065 578 1140 ε’πώννροον
603 1061 682 1128 tiicii
712 1081 790 1127 esse.
839 1060 901 1127 Setl
931 1062 997 1137 νῖκν
1020 1063 1180 1145 Φιλόνικος
1217 1063 1330 1131 formai

146 1182 183 1238 ut
206 1172 393 1242 καλλίνικος.
440 1168 643 1254 Deprehenso
672 1165 770 1233 semei
794 1186 902 1232 errore
930 1186 1039 1233 veram
1066 1167 1188 1255 ubique
1222 1168 1328 1237 iectio-

147 1297 222 1343 nem
251 1273 464 1360 reponendam
491 1294 559 1340 esse
582 1282 724 1359 apparet.
771 1271 937 1357 Nusquam
961 1271 1020 1338 hoo
1049 1272 1213 1340 audacius
1239 1273 1330 1343 iacies

146 1402 243 1467 quarn
269 1383 300 1445 in
325 1378 528 1445 hinnuouili
549 1400 588 1443 tv.
611 1385 642 1444 5.
666 1377 755 1444 ἀλλὰ
777 1377 830 1443 eni
854 1377 1072 1460 φιλόνικόν
1101 1380 1184 1455 ἐςιν,
1209 1418 1256 1433 —
1275 1382 1330 1463 οὐχ

146 1490 216 1571 ὁρᾷς
240 1486 286 1551 ὅτι
316 1485 368 1550 uxi
405 1482 510 1555 ῖσοῖκις
538 1485 731 1564 κεχορήγηκε
758 1487 836 1549 τοῖσι
865 1491 929 1555 τοῖς
956 1491 1057 1564 χοροῖς
1092 1486 1328 1561 nerianum

146 1591 344 1658 Luculentus
375 1590 472 1655 etiarn
508 1587 596 1653 iocus
626 1598 675 1653 est
701 1585 884 1653 Aristotelis
915 1588 947 1651 in
973 1587 1104 1653 iihetor.
1127 1587 1152 1652 l.
1181 1595 1238 1656 10.
1265 1588 1326 1656 iii

146 1697 312 1779 Φιλότιμος
342 1694 391 1760 tet
419 1693 532 1773 nepio,
565 1695 578 1757 ὂ
602 1694 628 1758 δ’
653 1691 799 1772 ὀξύθυμος
831 1692 868 1758 δι’
898 1694 1008 1774 ὀργὴν,
1033 1694 1048 1758 i
1069 1693 1102 1759 δὲ
1131 1694 1323 1777 Φιλόνικος

144 1805 195 1870 διὰ
219 1803 343 1876 νίκην.

189 1908 307 1974 Narrat
338 1902 491 1969 Prodicus
516 1903 555 1967 ΙΙ.
581 1924 601 1967 t.
627 1906 681 1968 ⁶22.
714 1906 768 1978 nin
798 1904 918 1969 Κοοκῖοιν
947 1908 1220 1971 κκτονσκοπεῖοθοιο
1247 1904 1322 1984 iani

144 2016 274 2089 ἑοοντίρν,
309 2012 553 2076 ἐπισκοπεῖν
586 2009 617 2073 δὲ
652 2008 704 2074 νοοῖ
730 2008 759 2074 ri
785 2034 832 2081 τις
861 2007 958 2082 ἄλλος
983 2010 1081 2084 αὐτὴν
1110 2012 1245 2078 iserae·
1274 2008 1320 2076 soi

142 2122 319 2186 ἐπισκοπεῖν
354 2123 542 2199 corruptum
579 2122 650 2191 est,
682 2134 756 2180 vera
786 2113 880 2178 ieetio
922 2134 941 2179 a
979 2114 1169 2202 Pluygersio
1203 2126 1319 2204 reperta

141 2234 191 2292 est
225 2231 430 2303 περισκοπεῖν.
478 2220 539 2300 Qui
564 2219 623 2284 huo
649 2218 772 2285 iaciunt
808 2219 1044 2305 circumspicere
1074 2222 1181 2287 soient
1207 2233 1239 2289 et
1262 2224 1317 2289 ἔτι·

142 2339 266 2397 σκοπεῖν
291 2327 330 2392 ah
354 2347 390 2391 ea
416 2345 450 2391 re
481 2345 614 2410 prorsus
647 2324 788 2389 alienum
814 2333 872 2391 est.
921 2325 1022 2405 Quam
1048 2323 1142 2391 ianiie
1166 2335 1201 2392 et
1232 2347 1317 2416 quau

142 2436 327 2521 frequenter
361 2430 601 2496 contundantur
630 2431 755 2510 ποριεῖ
779 2431 832 2495 ἐπί
857 2430 902 2517 (in
928 2430 1033 2495 verbis
1058 2434 1251 2518 compositis
1278 2432 1318 2499 sie

499 2536 517 2561 ι.

141 2581 239 2648 sorihi
269 2537 409 2645 soiitnoi
437 2586 467 2644 et
501 2577 528 2665 ν)
563 2577 595 2640 in
631 2574 747 2660 rorigus
783 2585 894 2640 notum
927 2584 987 2641 est.
1037 2576 1128 2657 Quod
1161 2580 1317 2645 annotarit

139 2686 249 2755 Poiiux
273 2685 328 2752 ili.
355 2689 428 2750 108.
462 2684 511 2748 ἐπὶ
545 2683 575 2746 δὲ
607 2687 760 2755 νοσοῦντος
790 2683 1033 2747 ἐπισκοπεῖν
1061 2683 1141 2763 φησὶ
1167 2692 1315 2766 Ξενοφῶν,

142 2792 308 2859 scientium
343 2799 390 2855 est
422 2787 570 2853 omnihus
604 2786 816 2872 scriptoribus
850 2787 980 2852 Graecis
1012 2786 1098 2853 huno
1131 2808 1227 2854 usuro
1259 2808 1318 2856 esse

140 2917 356 2966 oomnmnenr.
405 2895 467 2976 Qui
491 2901 709 2979 aegrotantem
735 2892 806 2956 visit
830 2893 896 2957 sive
921 2891 1066 2957 medicus
1089 2896 1228 2960 estsine
1248 2894 1315 2961 ami·

139 3026 197 3071 eus
219 3004 339 3069 dieitur
359 3021 433 3066 eum
462 3002 640 3064 ἐπισκοπεῖν
665 2999 731 3062 sive
756 2999 1011 3073 trinominem,
1045 3017 1184 3083 quarum
1212 2999 1314 3067 forma·

139 3131 212 3176 rum
239 3109 442 3195 promiscuus
464 3123 592 3190 semper
613 3122 693 3167 usus
714 3100 784 3167 init.
835 3101 916 3166 Vera
943 3100 1053 3166 multis
1076 3101 1240 3169 ridebitur
1257 3122 1317 3171 esst

139 3214 336 3301 aegrotantis
355 3209 484 3297 quercia
509 3207 593 3294 apud
619 3207 836 3272 Philemonem
863 3205 949 3273 Stoh.
975 3205 1084 3271 iiiorii.
1110 3212 1194 3287 100,
1219 3216 1250 3276 u.

321 3320 399 3385 πολὺ
424 3315 529 3396 μεῖζον
553 3316 599 3384 ε’ςι
624 3320 677 3379 σοῦ
702 3317 803 3387 κακῶς
828 3314 913 3394 ἔχειν
936 3312 1030 3376 xxxiv

321 3428 356 3489 τὸ
380 3424 448 3487 καθ’
471 3420 524 3486 ἕνον
549 3425 628 3486 ποῖσι
653 3428 715 3492 σοῖς
740 3419 1007 3497 ε’πισκοπονριὲνοις

320 3527 380 3591 δεῖν
404 3529 456 3592 πον
480 3533 582 3600 κοινῶς
606 3525 721 3607 ἔχοντα
746 3532 808 3597 πῶς
832 3524 900 3605 ἔχει
925 3525 1040 3602 λέγειν.

141 3633 217 3700 hine
242 3631 371 3698 demum
402 3639 490 3696 reete
523 3630 716 3716 inteiiigitur
744 3630 878 3715 i’hiiippi
905 3630 994 3695 iocus
1025 3626 1110 3714 apud
1138 3628 1318 3698 Demosthe·

141 3760 214 3807 rtem
236 3737 299 3812 IX,
326 3741 380 3806 12.
405 3744 468 3809 τοῖς
492 3738 699 3816 πνλκιπιέροις
723 3737 884 3816 Ὠρεῖποοις
910 3734 1040 3800 nonnoni
1066 3735 1319 3818 ἐπισκεψομῖ·

141 3871 225 3918 νιος
257 3844 318 3925 ἔφη
342 3845 412 3916 ποὺς
443 3844 614 3923 spurinnae
640 3842 842 3923 πεπομφέναι
868 3843 941 3905 νοντ’
964 3842 1091 3906 εὕνοιοιν.
1123 3844 1319 3910 πυνθάνεσθαι

140 3952 203 4031 γὰρ
234 3949 345 4022 αὐτοὺς
375 3952 421 4022 ὥς
454 3953 658 4025 νοσοῦσιν,
682 3956 715 4013 et
748 3948 794 4012 sic
819 3947 939 4032 passim
972 3947 1151 4012 ἐπισκοπεῖν
1182 3954 1321 4015 νοσοῦντι

140 4053 190 4119 vei
215 4056 400 4120 ἀσθενοῦντα
426 4052 473 4120 tel
499 4060 599 4125 κοικιῖς
625 4054 742 4135 ἔχονποο
766 4052 896 4136 iegitur.
944 4061 1143 4132 Περισκοπεῖν
1169 4054 1256 4122 itiem
1279 4062 1322 4123 est

142 4168 239 4246 atque
263 4160 484 4241 περιβλέπειν,
509 4159 702 4239 περινῖρεῖν,
729 4156 1001 4243 quemadmodum
1022 4170 1238 4240 πορκσκοπεῖν
1261 4160 1323 4248 pia·

143 4285 183 4330 ne
213 4264 298 4332 itle'nr
328 4262 489 4351 signifieat
515 4271 610 4349 utque
642 4264 882 4344 πνρνβλὲπειν,
912 4272 944 4329 et
972 4273 1009 4329 ut
1034 4265 1268 4352 Aristophanes
1289 4266 1326 4331 tie
