2940 5010
713 274 775 338 702

149 450 274 526 νήσεται
299 446 378 523 ὅπως
403 450 593 528 ἐμβαλεῖ
616 448 728 522 αὐτοὺς
753 450 797 523 εἰς
821 449 864 515 τοί
887 450 931 517 σοί
954 450 1088 532 δίιιτνα,
1114 470 1175 541 pru
1197 454 1335 541 ἰμβὶηη,

145 554 255 629 ὀπως
280 576 339 641 quo
360 564 449 639 poeto
473 552 661 639 significans
681 554 925 622 coniunctivum
950 558 1096 645 respuit,
1128 559 1334 646 quemadmo-

147 660 225 727 dum
249 658 312 735 ἰςις
336 662 368 726 iu
400 660 534 726 talibus:
568 659 695 742 ἔπεμψε
720 660 865 742 πρέσβεις
894 660 1001 738 οἰτινες
1024 662 1250 746 διαλέξονται,
1280 676 1332 735 eut

147 767 248 848 ζητεῖν
272 765 330 850 ὅπερ
362 768 455 833 κακόν
479 792 509 832 τι
545 768 699 846 δώσομεν,
730 765 867 852 aliisque
896 769 1077 848 sexcentis,
1112 769 1171 837 ubi
1204 774 1332 841 oudinu-

147 873 225 938 ctivi
251 894 328 939 usus
349 873 573 939 soloecismum
600 872 729 939 laceret.

191 979 227 1045 ln
258 980 351 1045 llem.
377 978 511 1044 lll.x11.
539 986 568 1043 1.
602 977 722 1044 dicenti
758 977 883 1044 Socrati
914 982 953 1054 ιίς
983 979 1140 1055 ἰδιωτικῶς
1172 985 1212 1051 τί
1245 990 1327 1065 οὔρια

144 1084 252 1167 ἔχεις,
277 1082 298 1150 ὦ
322 1086 507 1163 Ἐπίγενες,
538 1084 699 1171 Epigenes
729 1084 920 1171 respondet:
951 1086 1071 1162 ἰδιώτης
1094 1087 1143 1166 at
1151 1112 1169 1153 ν
1202 1086 1326 1169 ciphi

146 1193 320 1272 Σώκρατες.
367 1189 438 1256 Noli
471 1188 603 1257 credere
635 1208 709 1256 eum
737 1191 785 1255 sic
813 1189 954 1269 dixisse,
990 1210 1132 1279 namquo
1159 1193 1224 1275 μέν
1255 1192 1327 1261 nibil

144 1296 326 1383 signifieat,
350 1304 382 1361 ot
403 1295 482 1361 nihil
507 1294 703 1381 excogitabis
726 1294 811 1381 quod
832 1296 1002 1382 cogitando
1025 1297 1247 1385 supplendum

144 1401 303 1468 videatur.
360 1401 446 1466 Dixit
474 1401 656 1488 Epigenes,
689 1401 774 1487 quod
808 1404 1031 1489 unusquisque
1066 1404 1325 1475 Graecorumir

145 1507 203 1574 iuli
226 1527 261 1573 re
284 1506 406 1573 solebat
429 1506 553 1574 dicere:
586 1509 705 1582 ἰδιώτης
729 1506 807 1590 γοίρ
841 1509 916 1586 εἰμι.
964 1507 1130 1577 siceum
1152 1510 1325 1599 loquuntur

145 1614 203 1700 qui
229 1611 327 1678 simul
351 1614 574 1679 assentiuntur
602 1621 634 1679 et
663 1632 722 1678 our
753 1614 799 1678 ita
821 1614 866 1678 sit
891 1633 1021 1680 causam
1052 1614 1207 1683 reddunt.
1255 1614 1326 1685 viro

143 1714 185 1786 ll.
211 1740 263 1785 vu.
292 1724 343 1784 14.
373 1720 435 1797 ἐγὼ
469 1719 547 1800 γοίρ
578 1723 641 1799 εἰμι
666 1720 680 1783 ὃ
705 1720 757 1786 καί
787 1721 870 1799 ὑμᾶς
895 1720 997 1794 αὐτας
1020 1719 1123 1803 σιίζων
1146 1724 1215 1790 ιιτὲ.
1240 1720 1323 1791 etll.

143 1846 186 1892 vr.
214 1831 265 1892 15.
299 1826 390 1905 ἓιίρων
413 1826 477 1907 γοίρ
510 1828 635 1908 ῥήτορας
667 1828 810 1910 φαύλους
840 1829 971 1904 οἰγαίοῖς
1005 1826 1192 1913 δημηγόροις
1222 1828 1325 1914 Φίλονς

143 1932 257 2009 ὄντος,
283 1940 315 1997 ct
338 1932 456 2017 passim
481 1930 556 1996 alibi
580 1931 643 2012 γιίρ
668 1934 715 1998 sic
740 1932 880 2018 positum
912 1932 1067 1998 occurrit.

189 2039 226 2104 lu
257 2038 351 2103 Mem.
373 2036 429 2103 lll.
456 2056 521 2102 rur.
545 2041 577 2103 6.
613 2039 680 2117 ἐμοὶ
711 2040 769 2118 μὲν
790 2040 923 2115 δοκεῖ,
959 2038 1040 2120 ἔφη,
1075 2038 1206 2116 βέλτιον
1236 2041 1326 2120 ἐμοῦ,

144 2141 352 2210 scribendum
382 2149 431 2207 est
462 2142 616 2209 Veterum
641 2164 729 2210 more
759 2144 825 2224 ἐμοί
850 2146 907 2223 μὲν
930 2145 1050 2220 δοκεῖν,
1081 2143 1104 2208 i.
1128 2162 1156 2209 e.
1184 2139 1253 2210 ἰσων
1274 2144 1325 2225 pir

143 2250 211 2330 ἰμοί
235 2252 335 2325 δοκεῖ,
357 2256 396 2338 ut
422 2248 454 2311 in
479 2247 621 2314 Platonis
643 2249 777 2315 bleuone
805 2270 835 2336 p.
857 2254 911 2316 81.
937 2250 973 2314 Α.
1006 2250 1129 2327 denti,
1151 2247 1263 2329 ἔμοιγε
1285 2252 1327 2317 δι·

142 2365 230 2432 κεῖν,
252 2355 305 2420 καί
329 2354 447 2429 καλόν,
473 2362 506 2421 et
527 2355 560 2419 in
584 2353 726 2442 Euthyd.
759 2375 790 2442 p.
812 2358 888 2420 2⁷5.
913 2356 950 2421 Α.
983 2352 1038 2420 καί
1064 2351 1157 2420 ἄλλοι
1189 2354 1324 2434 μαίητιί

142 2460 215 2539 ἅμα
239 2459 367 2532 πολλοὶ,
393 2459 459 2538 epol
485 2460 603 2536 δοκεῖν,
628 2468 660 2526 et
686 2459 759 2524 aliis
781 2458 869 2525 locis.

189 2562 412 2650 Dittogmpbia
447 2563 598 2630 lectorem
636 2564 823 2631 ludificatur
857 2563 889 2628 iu
924 2563 1018 2629 blena
1039 2563 1095 2632 lv.
1115 2586 1137 2631 ι.
1164 2571 1197 2631 u.
1234 2564 1324 2633 οἰιται

141 2672 186 2738 τοί
221 2674 293 2751 πρὸς
328 2671 379 2734 τὸν
413 2670 482 2748 βίον
513 2673 597 2752 αὐτῷ
626 2673 642 2747 ἢ
675 2678 809 2744 καλῶς
841 2673 858 2747 ἢ
890 2673 1029 2742 ἱκανῶς
1065 2670 1324 2752 παρεσκευάσθη.

142 2777 244 2843 Vetus
278 2785 310 2841 cl
339 2775 479 2860 genuina
508 2778 670 2861 scriptura
704 2784 1003 2843 ΑΤΤΩΙΚΑΛΩΣ
1034 2775 1065 2839 in
1098 2778 1184 2842 αἰτῶ
1221 2778 1325 2851 ἰιιιιιιίς

138 2889 291 2969 corrupta
319 2887 387 2945 est:
413 2878 584 2966 adscripsit
607 2880 724 2968 aliquis
747 2888 910 2947 corrector
930 2886 1049 2953 solue:
1074 2878 1217 2967 denique
1245 2889 1325 2949 cuc

141 3009 205 3076 que
228 2987 323 3054 lectio
347 2987 394 3051 sio
418 2984 557 3064 coaluit,
583 2995 618 3052 ut
640 2985 695 3051 alii
720 2987 737 3063 ἢ
763 2992 865 3059 καλῶς
890 2987 908 3061 ἢ
932 2988 1065 3062 ἱκανῶς,
1091 2984 1147 3052 alii
1172 2987 1191 3062 ἢ
1218 2989 1323 3061 isacio

139 3095 158 3170 ἢ
182 3099 285 3165 καλῶς
309 3089 491 3157 exhibeant.

187 3199 223 3264 lu
248 3198 341 3263 blein.
363 3196 416 3262 lv.
441 3217 475 3261 11.
501 3201 531 3261 6.
562 3197 689 3278 νομίζων
712 3206 751 3280 τῇ
776 3206 875 3281 σιωπῇ
910 3199 1105 3281 σωφροσύνης
1128 3195 1224 3275 δόξαν
1248 3220 1323 3279 πορν·

139 3302 342 3382 βάλλεσθαι,
368 3302 494 3386 corrige
516 3302 764 3384 περιβαλεῑσίαι.

186 3408 359 3473 Tralatioio
384 3405 499 3473 mendo
523 3409 555 3471 in
577 3406 628 3472 lV.
647 3429 680 3472 ιι.
708 3412 761 3473 lb.
786 3408 1029 3487 διεξηγιίσοοσίιιι
1049 3405 1219 3475 scribitur.
1244 3408 1323 3477 ron

140 3512 235 3579 lectio
268 3511 480 3590 ἐξηγήσασθαι
508 3533 527 3578 a
552 3511 686 3578 Stobaeo
716 3523 844 3579 servata
872 3522 943 3592 est,
980 3513 1036 3598 qui
1069 3512 1102 3578 iu
1137 3516 1155 3599 §
1183 3519 1238 3583 tt.
1271 3534 1324 3603 pro

138 3625 321 3698 κακουργεῖν
345 3617 447 3684 multo
468 3617 632 3684 moliorem
653 3618 822 3685 lectionem
845 3620 993 3685 κλέπτειν
1015 3615 1142 3683 obtulit.
1192 3618 1338 3708 Saepius,

139 3724 323 3791 notavimus
342 3724 368 3789 δι
389 3731 422 3790 et
440 3721 474 3800 ἐξ
495 3724 579 3789 inter
599 3743 633 3789 se
655 3722 823 3801 ccirluudi,
844 3732 903 3790 aut
922 3744 961 3790 cx
977 3722 1197 3810 dittograpbiu
1212 3744 1324 3812 perpe-

138 3851 210 3898 ram
243 3829 406 3913 cooiuogi.
463 3827 587 3893 Novum
623 3828 804 3915 exemplum
841 3828 972 3916 praebet
1005 3828 1096 3894 Telos
1129 3830 1163 3895 in
1199 3828 1325 3897 Stobaci

139 3936 250 4003 Floril.
273 3941 311 4011 b,
336 3938 390 4000 67.
419 3936 452 3999 οὐ
484 3933 606 4014 Κροίτης
631 3934 684 4000 καί
719 3935 867 4013 Διογένης
900 3935 1029 4008 πένητος
1052 3932 1153 4013 ἦσανς
1187 3935 1323 4009 καὶπῶς

137 4043 243 4126 ρ’ριδίως
273 4030 528 4117 διεξηγαγον;
553 4039 617 4105 imo
638 4058 714 4104 vero
737 4041 843 4124 ρ’ριδίως
868 4042 1029 4119 διήγαγον.

184 4144 350 4211 Manifestu
372 4144 561 4210 mendosum
590 4153 638 4210 est
668 4144 745 4211 ibid.
780 4149 797 4230 §
825 4150 876 4212 17.
906 4146 1084 4227 ποτέρωθι
1115 4148 1172 4224 την
1196 4148 1323 4224 οἰποίτην

138 4252 256 4326 ταύτην
281 4251 431 4329 idaspem
455 4251 519 4316 imo
543 4270 618 4315 vero
648 4251 809 4333 ποτέρωσε.
858 4250 1082 4340 Respondebit·
1105 4253 1193 4319 enim
1219 4262 1323 4321 reete:

136 4357 208 4437 πρὸς
238 4359 292 4431 την
321 4357 530 4434 δικαιοσύνην,
567 4364 599 4422 et
632 4365 719 4423 reete
749 4365 820 4443 posi
844 4377 946 4445 pauca
977 4356 1134 4426 scribitur
1165 4364 1258 4426 τοῦτο
1286 4356 1325 4428 αὖ
