2940 5010
696 287 760 347 574

142 464 211 530 lites
235 482 297 529 uon
321 462 465 547 Φύαακες
490 460 545 526 set
568 460 691 542 φρουροί
714 457 928 546 appellantur.
977 456 1050 525 vid.
1072 457 1124 525 Ν.
1146 464 1189 537 6,
1213 462 1254 538 9,
1278 464 1325 526 li.

142 579 173 637 ct
198 570 329 658 passim.

186 674 372 744 Mendosum
396 682 446 740 est
473 673 506 737 iu
531 692 600 758 cup.
622 670 677 737 lv.
702 673 734 738 6.
758 670 828 745 τοὺς
861 671 893 737 δὲ
923 671 1022 753 πρόσω
1045 672 1257 747 ἐποικοῦντας
1281 694 1325 739 τι·

141 784 212 857 τοὺς
238 780 393 860 πέμπει
427 781 689 853 ἐπισκοπεῖν,
716 775 803 843 nullo
827 774 921 842 modo
944 775 1128 843 infinitivus
1151 778 1327 844 ἐπισκοπεῖν

141 886 219 954 ierri
251 894 308 952 aut
340 883 468 951 delendi
500 890 614 970 potest.
662 881 820 949 Graccum
851 889 901 948 est
928 882 1048 961 πέμπει
1079 879 1189 957 οἵτινες
1211 882 1326 950 ἐπισκι-

141 1000 254 1076 ψονται
286 999 342 1057 aul
376 990 496 1071 πέμπει
529 988 801 1070 ἐπισκεψομένους.
855 987 928 1075 lpsa
960 984 1185 1074 Xenophontis
1216 1006 1327 1055 mauu!

141 1096 222 1164 mihi
245 1095 325 1163 haec
348 1115 420 1164 csse
444 1094 591 1161 videtur:
622 1095 730 1168 πιςιὺς
762 1093 895 1173 πέμπον
918 1095 1098 1171 ἐπισκοπεῖ,
1122 1093 1326 1181 quemadmo-

139 1203 217 1270 dum
251 1221 345 1289 saepe
377 1201 510 1268 Vctercs
534 1208 566 1266 et
589 1198 715 1286 probati
740 1201 915 1286 scriptores
942 1199 1133 1285 loquuntur.
1182 1197 1326 1267 Graeculi

141 1309 252 1375 mirati
284 1306 344 1374 hoc
375 1306 505 1373 dicendi
528 1324 631 1391 gcuus
653 1313 866 1372 correxerunt
898 1303 1023 1373 scilicet
1053 1305 1175 1385 πέμπει
1212 1306 1327 1373 ἐπισκο-

141 1420 230 1489 πεῖν,
262 1413 311 1478 sic
344 1414 430 1479 enirn
463 1413 524 1500 ipsi
556 1409 780 1498 loquebantur.
835 1410 1050 1477 Peridoneuur
1079 1410 1266 1499 exemplum
1294 1412 1326 1479 ir

141 1518 261 1584 vicinia
295 1515 394 1585 huius
425 1517 486 1585 luci
509 1525 558 1585 est
581 1518 613 1582 in
647 1519 720 1601 58.
751 1516 865 1593 ὁπόσαν
888 1516 920 1582 δὲ
942 1518 988 1596 μὴ
1011 1518 1107 1590 αὐτὸς
1130 1518 1232 1603 ἐφορᾷ
1251 1517 1327 1599 πέρι·

143 1649 207 1691 τοιν
231 1623 338 1697 πιςοὺς
362 1624 591 1691 ἕπισκοπεῖται.

187 1730 223 1797 ln
250 1733 268 1816 §
294 1734 325 1795 8.
356 1728 474 1816 triplex
497 1727 654 1794 emblema
679 1748 731 1794 mc
762 1726 896 1794 offendit
925 1727 1134 1808 reincoepto
1171 1728 1258 1817 [τοὺς
1279 1726 1327 1811 alp·

141 1835 297 1925 χοντας],
326 1844 359 1902 et
381 1832 431 1909 οὓς
455 1835 481 1900 δ’
502 1834 542 1902 ἂν
565 1831 635 1918 εὕρῃ
658 1836 733 1920 [τῶν
756 1834 950 1922 οέρχόντων],
974 1843 1006 1900 et
1029 1835 1046 1912 ἢ
1066 1839 1327 1913 καταμελοῦντιις

142 1945 217 2029 [τῶν
247 1941 461 2030 Φρονριέρχων]
496 1941 513 2018 ἢ
544 1941 862 2021 κατακερδαίνοντας,
894 1947 927 2006 et
958 1937 1023 2006 duo
1058 1939 1167 2026 priora
1200 1939 1328 2027 quidem

142 2048 335 2117 sententiam
368 2055 503 2114 onerant
534 2054 663 2114 tautum
688 2053 721 2112 et
745 2046 926 2135 impediunt
951 2052 1152 2133 possuntque
1176 2066 1196 2112 a
1219 2044 1329 2114 multis

141 2154 272 2243 probari
297 2151 498 2228 eliciendi,
529 2150 648 2239 quibus
680 2172 744 2218 non
774 2160 825 2219 cst
853 2153 934 2219 satis
964 2152 1100 2219 subacta
1130 2153 1247 2234 auris,
1277 2150 1330 2221 rot

142 2265 403 2341 καταμελοῦντας
438 2265 496 2324 τῶν
531 2256 732 2341 φρουράρχων
767 2257 943 2325 absurdum
977 2264 1039 2325 cst.
1091 2261 1270 2342 Ἄρχοντες
1297 2259 1329 2325 iu

142 2366 204 2433 hoo
227 2365 296 2432 loco
319 2380 491 2431 commuue
521 2384 639 2430 nomen
662 2374 711 2430 est
739 2370 797 2431 τῶν
825 2390 860 2431 σε
885 2365 1084 2447 φρουράρχων
1115 2365 1170 2432 καὶ
1200 2370 1261 2432 τῶν
1281 2387 1328 2447 χι·

141 2471 279 2554 tietmar
304 2469 357 2537 καὶ
390 2478 449 2536 τῶν
482 2473 670 2552 σατραπῶν,
703 2470 812 2556 itaque
843 2469 982 2537 absurde
1013 2468 1137 2537 dicitur
1167 2467 1220 2546 οὓς
1237 2470 1271 2538 ’δ’
1291 2469 1328 2537 ἂν

140 2575 210 2660 cipp
232 2582 291 2642 τῶν
321 2576 480 2659 ἀρχόντων
514 2582 776 2655 ααταμελοῦντας
807 2582 866 2642 τῶν
899 2576 1112 2659 Φρονριὶρχιον.
1160 2576 1326 2643 Praeterea

141 2680 310 2769 quidest,
344 2701 482 2767 quaeso,
513 2683 549 2747 τὸ
572 2689 630 2747 τῶν
652 2681 852 2766 φρουράρχων
875 2689 1071 2761 occeperunt
1101 2691 1134 2747 et
1163 2701 1250 2768 quae
1280 2689 1327 2749 tat

140 2785 269 2853 tamlem
302 2786 355 2853 illa
380 2806 458 2852 cura
487 2796 519 2853 et
544 2806 681 2873 quorum
706 2787 741 2851 τὸ
764 2794 823 2853 τῶν
851 2787 1053 2870 φρουράρχων
1084 2788 1323 2869 incerasiolam

138 2892 296 2980 Expunge
308 2900 366 2959 τῶν
379 2892 580 2976 Φρουραρχων
603 2900 633 2959 et
658 2912 735 2958 sana
754 2902 851 2958 crunt
875 2895 982 2957 cronia
1002 2901 1034 2959 ct
1047 2893 1145 2959 simul
1159 2894 1324 2982 perspicua

140 3005 172 3064 et
193 3006 323 3084 aperta:
347 2995 397 3072 οὓς
419 3000 446 3066 δ’
464 2999 502 3066 ἂν
523 2997 592 3081 εὔρις
615 3002 633 3075 ἢ
653 3003 916 3077 ααταμελοῦντας
937 2999 954 3075 ἢ
972 2999 1323 3080 κατακερδαίνοντας-

137 3219 247 3290 μελεῖν
269 3209 414 3277 absolute
437 3212 509 3297 poni
534 3209 614 3276 solet
639 3230 695 3295 pro
721 3210 937 3295 iodilipcntem
960 3230 1026 3275 esse
1049 3218 1081 3275 et
1105 3209 1209 3297 officii
1232 3210 1321 3298 aepli-

137 3325 280 3401 pentcm,
318 3324 353 3381 ut
385 3335 485 3402 paene
511 3315 594 3381 idem
621 3317 663 3380 sit
695 3323 867 3396 καταμελῶ
888 3324 920 3381 et
952 3317 1076 3395 ἀμελής
1107 3316 1196 3394 εἶμι,
1228 3325 1265 3384 ut
1291 3315 1319 3381 ia

139 3419 278 3487 Anahasi
300 3421 336 3486 V.
361 3442 427 3487 vui.
455 3428 483 3489 i.
520 3420 624 3504 ἄρχων
650 3421 777 3503 αἱρεθεὶς
801 3422 994 3500 κατημέλει,
1019 3418 1074 3485 uhi
1099 3422 1127 3487 si
1152 3422 1261 3501 ἠμέλει
1283 3421 1317 3488 Ιο-

139 3534 272 3610 geretur
294 3528 396 3592 oratio
417 3535 501 3593 esset
523 3526 719 3611 irnpcrlceta.
768 3527 940 3615 Complura
963 3525 1059 3593 rerba
1087 3536 1187 3601 sunt,
1211 3526 1318 3614 quitos

137 3632 331 3718 praepositio
352 3632 438 3697 xerat
453 3632 499 3697 sic
517 3631 667 3710 additur,
689 3643 724 3698 ut
749 3634 789 3698 iis
811 3634 898 3698 notio
915 3631 1047 3698 accedat
1071 3632 1211 3718 neglecti
1232 3630 1317 3699 officii

139 3744 195 3802 ant
219 3735 292 3803 idei
310 3736 455 3804 violatae.
503 3739 799 3821 Καπαχαρίζεσθαι,
827 3747 862 3804 ut
882 3736 941 3804 lroc
961 3746 1051 3815 utar,
1075 3746 1123 3803 est
1143 3737 1316 3820 χαρίζεσθαι

139 3853 245 3909 contro
269 3844 452 3931 officiumct
474 3844 587 3930 fidens,
609 3857 733 3931 procter
756 3865 889 3931 coporeum
910 3852 939 3910 et
962 3844 1093 3921 bonorem,
1117 3854 1226 3910 contro
1246 3862 1316 3908 rom

134 3949 317 4036 probiorem,
349 3950 447 4016 veluti
481 3970 582 4036 quum
611 3951 734 4016 iudices
767 3949 1038 4032 καταχαρίζεσθαι
1073 3949 1117 4014 τοὶ
1148 3950 1254 4017 δίκαια
1276 3946 1315 4013 li·

137 4063 267 4122 cuntur.
314 4055 435 4122 Eorlern
456 4054 549 4120 rrrodo
573 4066 734 4123 κατεαεεῖν
757 4056 879 4121 dicitnr
900 4056 940 4122 de
966 4075 1021 4131 eo,
1046 4055 1101 4140 qui
1126 4064 1257 4142 praeter
1278 4048 1313 4117 oi·

140 4160 249 4227 licium
274 4182 310 4227 ac
340 4161 433 4227 utem
465 4162 568 4247 parcit
593 4163 739 4239 nocenti,
770 4162 837 4226 sinc
871 4181 944 4227 rcus
977 4163 1005 4226 is
1036 4169 1086 4227 est
1110 4161 1178 4226 sivc
1206 4161 1238 4228 in
1262 4157 1313 4225 alio

138 4282 212 4352 quo'
230 4266 371 4354 periculo
399 4278 556 4333 versatur.
606 4268 719 4355 Lysias
744 4267 795 4331 vl.
823 4272 853 4332 5.
883 4269 1035 4335 ἀδύνατον
1060 4269 1133 4346 ὑμῖν
1157 4268 1221 4337 ε’ςιν
1244 4260 1311 4334 -ἧ

139 4382 389 4449 κατελεῆσαι
415 4375 433 4449 ἢ
458 4376 733 4458 καταχαρίσασθαι
759 4374 922 4459 ’sirinnan
