<?xml version="1.0" encoding="UTF-8"?>
<!DOCTYPE html PUBLIC "-//W3C//DTD XHTML 1.0 Transitional//EN"
    "http://www.w3.org/TR/xhtml1/DTD/xhtml1-transitional.dtd">
<html xmlns="http://www.w3.org/1999/xhtml" xml:lang="en" lang="en">
 <head>
  <title>
</title>
<meta http-equiv="Content-Type" content="text/html;charset=utf-8" />
  <meta name='ocr-system' content='tesseract 3.04.00' />
  <meta name='ocr-capabilities' content='ocr_page ocr_carea ocr_par ocr_line ocrx_word'/>
</head>
<body>
  <div class='ocr_page' id='page_1' title='image "./novaelectionesq00cobegoog/novaelectionesq00cobegoog_0339.png"; bbox 0 0 2940 5010; ppageno 0'>
   <div class='ocr_carea' id='block_1_1' title="bbox 727 278 791 343">
    <p class='ocr_par' dir='ltr' id='par_1_1' title="bbox 727 278 791 343">
     <span class='ocr_line' id='line_1_1' title="bbox 727 278 791 343; baseline -0.031 0"><span class='ocrx_word' id='word_1_1' title='bbox 727 278 791 343; x_wconf 75' lang='lat'><strong>302</strong></span> 
     </span>
    </p>
   </div>
   <div class='ocr_carea' id='block_1_2' title="bbox 167 450 1357 753">
    <p class='ocr_par' dir='ltr' id='par_1_2' title="bbox 167 450 1357 753">
     <span class='ocr_line' id='line_1_2' title="bbox 168 450 1357 537; baseline 0.004 -19"><span class='ocrx_word' id='word_1_2' title='bbox 168 450 383 523; x_wconf 75' lang='lat' dir='ltr'><strong>scholiastes:</strong></span> <span class='ocrx_word' id='word_1_3' title='bbox 411 461 519 525; x_wconf 71' lang='lat' dir='ltr'><strong>redsa</strong></span> <span class='ocrx_word' id='word_1_4' title='bbox 543 457 575 522; x_wconf 76' lang='lat' dir='ltr'><strong>il</strong></span> <span class='ocrx_word' id='word_1_5' title='bbox 610 452 782 521; x_wconf 79' lang='lat' dir='ltr'><strong>oolsdrolei</strong></span> <span class='ocrx_word' id='word_1_6' title='bbox 805 457 906 536; x_wconf 81' lang='grc' dir='ltr'><strong><em>Φαοιν</em></strong></span> <span class='ocrx_word' id='word_1_7' title='bbox 938 451 1154 533; x_wconf 68' lang='grc' dir='ltr'><strong>ὑποβληθέντα</strong></span> <span class='ocrx_word' id='word_1_8' title='bbox 1186 454 1263 537; x_wconf 73' lang='grc' dir='ltr'><strong>προς</strong></span> <span class='ocrx_word' id='word_1_9' title='bbox 1298 480 1357 523; x_wconf 82' lang='grc' dir='ltr'><strong>σα·</strong></span> 
     </span>
     <span class='ocr_line' id='line_1_3' title="bbox 167 556 1357 671; baseline 0.006 -48"><span class='ocrx_word' id='word_1_10' title='bbox 167 560 299 642; x_wconf 70' lang='grc' dir='ltr'><strong><em>φήνειαν</em></strong></span> <span class='ocrx_word' id='word_1_11' title='bbox 317 566 376 629; x_wconf 77' lang='grc' dir='ltr'><strong>τῶν</strong></span> <span class='ocrx_word' id='word_1_12' title='bbox 397 562 567 646; x_wconf 73' lang='grc' dir='ltr'><strong><em>εΙρνιμέυυν.</em></strong></span> <span class='ocrx_word' id='word_1_13' title='bbox 613 556 748 626; x_wconf 77' lang='lat' dir='ltr'><strong>llit’illoa</strong></span> <span class='ocrx_word' id='word_1_14' title='bbox 767 556 847 671; x_wconf 69' lang='lat' dir='ltr'><strong>haep</strong></span> <span class='ocrx_word' id='word_1_15' title='bbox 869 565 920 624; x_wconf 88' lang='lat' dir='ltr'><strong>est</strong></span> <span class='ocrx_word' id='word_1_16' title='bbox 938 560 1116 642; x_wconf 75' lang='grc' dir='ltr'><strong><em>σαφήνεια,</em></strong></span> <span class='ocrx_word' id='word_1_17' title='bbox 1141 578 1225 646; x_wconf 83' lang='lat' dir='ltr'><strong>quae</strong></span> <span class='ocrx_word' id='word_1_18' title='bbox 1243 564 1357 631; x_wconf 76' lang='lat' dir='ltr'><strong>omnia</strong></span> 
     </span>
     <span class='ocr_line' id='line_1_4' title="bbox 167 661 1356 753; baseline 0.006 -25"><span class='ocrx_word' id='word_1_19' title='bbox 167 663 322 753; x_wconf 85' lang='lat' dir='ltr'><strong>impedita</strong></span> <span class='ocrx_word' id='word_1_20' title='bbox 350 675 382 734; x_wconf 88' lang='lat' dir='ltr'><strong>ct</strong></span> <span class='ocrx_word' id='word_1_21' title='bbox 410 666 540 735; x_wconf 88' lang='lat' dir='ltr'><strong>turbida</strong></span> <span class='ocrx_word' id='word_1_22' title='bbox 571 661 721 732; x_wconf 73' lang='lat' dir='ltr'><strong>reddidit.</strong></span> <span class='ocrx_word' id='word_1_23' title='bbox 775 662 896 750; x_wconf 86' lang='lat' dir='ltr'><strong>Nempe</strong></span> <span class='ocrx_word' id='word_1_24' title='bbox 926 662 1052 751; x_wconf 76' lang='lat' dir='ltr'><strong>ellipsin</strong></span> <span class='ocrx_word' id='word_1_25' title='bbox 1084 662 1185 747; x_wconf 74' lang='grc' dir='ltr'><strong>ὅπερ</strong></span> <span class='ocrx_word' id='word_1_26' title='bbox 1218 667 1356 751; x_wconf 64' lang='grc' dir='ltr'><strong><em>εἰσορῶσ</em></strong></span> 
     </span>
    </p>
   </div>
   <div class='ocr_carea' id='block_1_3' title="bbox 135 768 1355 4442">
    <p class='ocr_par' dir='ltr' id='par_1_3' title="bbox 154 768 1355 1911">
     <span class='ocr_line' id='line_1_5' title="bbox 165 768 1355 863; baseline 0.006 -28"><span class='ocrx_word' id='word_1_27' title='bbox 165 769 223 849; x_wconf 67' lang='lat' dir='ltr'><strong>et</strong></span> <span class='ocrx_word' id='word_1_28' title='bbox 246 770 400 862; x_wconf 86' lang='lat' dir='ltr'><strong>explendo</strong></span> <span class='ocrx_word' id='word_1_29' title='bbox 423 772 570 842; x_wconf 83' lang='lat' dir='ltr'><strong>volebant</strong></span> <span class='ocrx_word' id='word_1_30' title='bbox 596 769 788 857; x_wconf 69' lang='grc' dir='ltr'><strong><em>σαφηνίζειν.</em></strong></span> <span class='ocrx_word' id='word_1_31' title='bbox 837 768 879 836; x_wconf 85' lang='lat' dir='ltr'><strong>lit</strong></span> <span class='ocrx_word' id='word_1_32' title='bbox 899 770 1007 835; x_wconf 78' lang='lat' dir='ltr'><strong>omnia</strong></span> <span class='ocrx_word' id='word_1_33' title='bbox 1041 768 1130 836; x_wconf 85' lang='lat' dir='ltr'><strong>clara</strong></span> <span class='ocrx_word' id='word_1_34' title='bbox 1151 769 1225 840; x_wconf 86' lang='lat' dir='ltr'><strong>tuoe</strong></span> <span class='ocrx_word' id='word_1_35' title='bbox 1248 773 1355 863; x_wconf 89' lang='lat' dir='ltr'><strong>splen·</strong></span> 
     </span>
     <span class='ocr_line' id='line_1_6' title="bbox 164 872 1354 961; baseline 0.007 -20"><span class='ocrx_word' id='word_1_36' title='bbox 164 872 262 942; x_wconf 74' lang='lat' dir='ltr'><strong>dmnt</strong></span> <span class='ocrx_word' id='word_1_37' title='bbox 297 874 369 945; x_wconf 89' lang='lat' dir='ltr'><strong>dele</strong></span> <span class='ocrx_word' id='word_1_38' title='bbox 397 876 478 947; x_wconf 89' lang='lat' dir='ltr'><strong>duos</strong></span> <span class='ocrx_word' id='word_1_39' title='bbox 515 878 659 947; x_wconf 87' lang='lat' dir='ltr'><strong>senarios</strong></span> <span class='ocrx_word' id='word_1_40' title='bbox 688 894 724 943; x_wconf 88' lang='lat' dir='ltr'><strong>re</strong></span> <span class='ocrx_word' id='word_1_41' title='bbox 756 882 788 942; x_wconf 92' lang='lat' dir='ltr'><strong>et</strong></span> <span class='ocrx_word' id='word_1_42' title='bbox 818 875 963 941; x_wconf 86' lang='lat' dir='ltr'><strong>oratioue</strong></span> <span class='ocrx_word' id='word_1_43' title='bbox 992 873 1216 961; x_wconf 72' lang='lat' dir='ltr'><strong>putidissimus</strong></span> <span class='ocrx_word' id='word_1_44' title='bbox 1250 879 1354 949; x_wconf 86' lang='lat' dir='ltr'><strong>etde</strong></span> 
     </span>
     <span class='ocr_line' id='line_1_7' title="bbox 164 977 1352 1071; baseline 0.007 -24"><span class='ocrx_word' id='word_1_45' title='bbox 164 979 319 1069; x_wconf 77' lang='lat' dir='ltr'><strong>Sophocle</strong></span> <span class='ocrx_word' id='word_1_46' title='bbox 347 984 470 1071; x_wconf 89' lang='lat' dir='ltr'><strong>optime</strong></span> <span class='ocrx_word' id='word_1_47' title='bbox 496 985 635 1052; x_wconf 88' lang='lat' dir='ltr'><strong>meritus</strong></span> <span class='ocrx_word' id='word_1_48' title='bbox 665 981 740 1049; x_wconf 89' lang='lat' dir='ltr'><strong>eris.</strong></span> <span class='ocrx_word' id='word_1_49' title='bbox 786 979 896 1046; x_wconf 87' lang='lat' dir='ltr'><strong>ltirari</strong></span> <span class='ocrx_word' id='word_1_50' title='bbox 925 977 1040 1046; x_wconf 85' lang='lat' dir='ltr'><strong>subeat</strong></span> <span class='ocrx_word' id='word_1_51' title='bbox 1069 1000 1140 1049; x_wconf 83' lang='lat' dir='ltr'><strong>esse</strong></span> <span class='ocrx_word' id='word_1_52' title='bbox 1167 982 1352 1055; x_wconf 82' lang='lat' dir='ltr'><strong>istiusmodi</strong></span> 
     </span>
     <span class='ocr_line' id='line_1_8' title="bbox 162 1085 1354 1172; baseline 0.005 -19"><span class='ocrx_word' id='word_1_53' title='bbox 162 1086 355 1157; x_wconf 77' lang='lat' dir='ltr'><strong>emblemata</strong></span> <span class='ocrx_word' id='word_1_54' title='bbox 376 1097 444 1157; x_wconf 90' lang='lat' dir='ltr'><strong>tam</strong></span> <span class='ocrx_word' id='word_1_55' title='bbox 478 1098 628 1167; x_wconf 83' lang='lat' dir='ltr'><strong>uetusta,</strong></span> <span class='ocrx_word' id='word_1_56' title='bbox 664 1106 739 1157; x_wconf 81' lang='lat' dir='ltr'><strong>nem</strong></span> <span class='ocrx_word' id='word_1_57' title='bbox 763 1086 878 1160; x_wconf 74' lang='grc' dir='ltr'><strong><em>νοοιίας</em></strong></span> <span class='ocrx_word' id='word_1_58' title='bbox 898 1085 1040 1172; x_wconf 88' lang='lat' dir='ltr'><strong>suspicio</strong></span> <span class='ocrx_word' id='word_1_59' title='bbox 1072 1085 1113 1153; x_wconf 83' lang='lat' dir='ltr'><strong>ab</strong></span> <span class='ocrx_word' id='word_1_60' title='bbox 1134 1086 1354 1159; x_wconf 79' lang='lat' dir='ltr'><strong>Alexandrino</strong></span> 
     </span>
     <span class='ocr_line' id='line_1_9' title="bbox 162 1189 1351 1279; baseline 0.006 -22"><span class='ocrx_word' id='word_1_61' title='bbox 162 1190 270 1279; x_wconf 88' lang='lat' dir='ltr'><strong>aliquo</strong></span> <span class='ocrx_word' id='word_1_62' title='bbox 294 1194 413 1262; x_wconf 84' lang='lat' dir='ltr'><strong>Critico</strong></span> <span class='ocrx_word' id='word_1_63' title='bbox 435 1203 523 1262; x_wconf 91' lang='lat' dir='ltr'><strong>mota</strong></span> <span class='ocrx_word' id='word_1_64' title='bbox 541 1204 610 1274; x_wconf 87' lang='lat' dir='ltr'><strong>est,</strong></span> <span class='ocrx_word' id='word_1_65' title='bbox 633 1203 666 1262; x_wconf 90' lang='lat' dir='ltr'><strong>et</strong></span> <span class='ocrx_word' id='word_1_66' title='bbox 685 1195 757 1261; x_wconf 86' lang='lat' dir='ltr'><strong>eius</strong></span> <span class='ocrx_word' id='word_1_67' title='bbox 780 1192 828 1259; x_wconf 88' lang='lat' dir='ltr'><strong>rei</strong></span> <span class='ocrx_word' id='word_1_68' title='bbox 850 1189 986 1257; x_wconf 85' lang='lat' dir='ltr'><strong>obseura</strong></span> <span class='ocrx_word' id='word_1_69' title='bbox 1007 1190 1165 1279; x_wconf 85' lang='lat' dir='ltr'><strong>quaedum</strong></span> <span class='ocrx_word' id='word_1_70' title='bbox 1193 1198 1351 1264; x_wconf 83' lang='lat' dir='ltr'><strong>memoria</strong></span> 
     </span>
     <span class='ocr_line' id='line_1_10' title="bbox 162 1296 1350 1388; baseline 0.007 -25"><span class='ocrx_word' id='word_1_71' title='bbox 162 1314 220 1382; x_wconf 89' lang='lat' dir='ltr'><strong>per</strong></span> <span class='ocrx_word' id='word_1_72' title='bbox 243 1296 418 1388; x_wconf 80' lang='lat' dir='ltr'><strong>Didymum</strong></span> <span class='ocrx_word' id='word_1_73' title='bbox 450 1309 577 1369; x_wconf 84' lang='lat' dir='ltr'><strong>serrata</strong></span> <span class='ocrx_word' id='word_1_74' title='bbox 606 1298 646 1367; x_wconf 91' lang='lat' dir='ltr'><strong>ad</strong></span> <span class='ocrx_word' id='word_1_75' title='bbox 670 1318 728 1365; x_wconf 89' lang='lat' dir='ltr'><strong>nos</strong></span> <span class='ocrx_word' id='word_1_76' title='bbox 758 1296 969 1386; x_wconf 80' lang='lat' dir='ltr'><strong>permanavit.</strong></span> <span class='ocrx_word' id='word_1_77' title='bbox 1017 1296 1208 1367; x_wconf 87' lang='lat' dir='ltr'><strong>Poteramus</strong></span> <span class='ocrx_word' id='word_1_78' title='bbox 1240 1310 1350 1371; x_wconf 71' lang='lat' dir='ltr'><strong>umen</strong></span> 
     </span>
     <span class='ocr_line' id='line_1_11' title="bbox 160 1399 1350 1492; baseline 0.006 -24"><span class='ocrx_word' id='word_1_79' title='bbox 160 1399 282 1490; x_wconf 83' lang='lat' dir='ltr'><strong>absque</strong></span> <span class='ocrx_word' id='word_1_80' title='bbox 312 1404 367 1471; x_wconf 92' lang='lat' dir='ltr'><strong>illo</strong></span> <span class='ocrx_word' id='word_1_81' title='bbox 389 1406 510 1473; x_wconf 86' lang='lat' dir='ltr'><strong>auxilio</strong></span> <span class='ocrx_word' id='word_1_82' title='bbox 537 1406 652 1473; x_wconf 84' lang='lat' dir='ltr'><strong>luisset</strong></span> <span class='ocrx_word' id='word_1_83' title='bbox 680 1413 747 1472; x_wconf 89' lang='lat' dir='ltr'><strong>tam</strong></span> <span class='ocrx_word' id='word_1_84' title='bbox 782 1400 906 1469; x_wconf 82' lang='lat' dir='ltr'><strong>laedam</strong></span> <span class='ocrx_word' id='word_1_85' title='bbox 941 1399 1088 1478; x_wconf 80' lang='lat' dir='ltr'><strong>fraudem</strong></span> <span class='ocrx_word' id='word_1_86' title='bbox 1119 1405 1180 1492; x_wconf 90' lang='lat' dir='ltr'><strong>ipsi</strong></span> <span class='ocrx_word' id='word_1_87' title='bbox 1204 1406 1350 1475; x_wconf 82' lang='lat' dir='ltr'><strong>animad-</strong></span> 
     </span>
     <span class='ocr_line' id='line_1_12' title="bbox 161 1504 1349 1600; baseline 0.008 -30"><span class='ocrx_word' id='word_1_88' title='bbox 161 1515 287 1576; x_wconf 86' lang='lat' dir='ltr'><strong>vertere</strong></span> <span class='ocrx_word' id='word_1_89' title='bbox 309 1516 341 1576; x_wconf 90' lang='lat' dir='ltr'><strong>et</strong></span> <span class='ocrx_word' id='word_1_90' title='bbox 361 1514 493 1579; x_wconf 88' lang='lat' dir='ltr'><strong>sentire.</strong></span> <span class='ocrx_word' id='word_1_91' title='bbox 540 1510 671 1578; x_wconf 84' lang='lat' dir='ltr'><strong>Duobus</strong></span> <span class='ocrx_word' id='word_1_92' title='bbox 694 1509 766 1576; x_wconf 89' lang='lat' dir='ltr'><strong>aliis</strong></span> <span class='ocrx_word' id='word_1_93' title='bbox 797 1507 875 1574; x_wconf 86' lang='lat' dir='ltr'><strong>locis</strong></span> <span class='ocrx_word' id='word_1_94' title='bbox 894 1504 979 1595; x_wconf 86' lang='lat' dir='ltr'><strong>apud</strong></span> <span class='ocrx_word' id='word_1_95' title='bbox 1004 1506 1191 1595; x_wconf 88' lang='lat' dir='ltr'><strong>Sophoclem</strong></span> <span class='ocrx_word' id='word_1_96' title='bbox 1221 1513 1349 1600; x_wconf 75' lang='lat' dir='ltr'><strong>antiqui</strong></span> 
     </span>
     <span class='ocr_line' id='line_1_13' title="bbox 159 1610 1348 1706; baseline 0.007 -29"><span class='ocrx_word' id='word_1_97' title='bbox 159 1610 272 1679; x_wconf 85' lang='lat' dir='ltr'><strong>Gritici</strong></span> <span class='ocrx_word' id='word_1_98' title='bbox 296 1612 399 1683; x_wconf 85' lang='lat' dir='ltr'><strong>lacem</strong></span> <span class='ocrx_word' id='word_1_99' title='bbox 420 1616 627 1706; x_wconf 86' lang='lat' dir='ltr'><strong>praeterunt,</strong></span> <span class='ocrx_word' id='word_1_100' title='bbox 657 1615 698 1683; x_wconf 88' lang='lat' dir='ltr'><strong>ad</strong></span> <span class='ocrx_word' id='word_1_101' title='bbox 727 1632 824 1701; x_wconf 85' lang='lat' dir='ltr'><strong>quam</strong></span> <span class='ocrx_word' id='word_1_102' title='bbox 849 1613 955 1680; x_wconf 88' lang='lat' dir='ltr'><strong>lucem</strong></span> <span class='ocrx_word' id='word_1_103' title='bbox 982 1622 1107 1681; x_wconf 79' lang='lat' dir='ltr'><strong>veteres</strong></span> <span class='ocrx_word' id='word_1_104' title='bbox 1131 1615 1348 1703; x_wconf 82' lang='lat' dir='ltr'><strong>impostorum</strong></span> 
     </span>
     <span class='ocr_line' id='line_1_14' title="bbox 158 1714 1350 1810; baseline 0.008 -27"><span class='ocrx_word' id='word_1_105' title='bbox 158 1714 302 1786; x_wconf 79' lang='lat' dir='ltr'><strong>fallacias</strong></span> <span class='ocrx_word' id='word_1_106' title='bbox 335 1719 575 1809; x_wconf 77' lang='lat' dir='ltr'><strong>deprehendere</strong></span> <span class='ocrx_word' id='word_1_107' title='bbox 608 1730 640 1790; x_wconf 89' lang='lat' dir='ltr'><strong>et</strong></span> <span class='ocrx_word' id='word_1_108' title='bbox 668 1721 859 1789; x_wconf 81' lang='lat' dir='ltr'><strong>convincere</strong></span> <span class='ocrx_word' id='word_1_109' title='bbox 887 1719 1061 1806; x_wconf 87' lang='lat' dir='ltr'><strong>possimus.</strong></span> <span class='ocrx_word' id='word_1_110' title='bbox 1113 1718 1151 1787; x_wconf 93' lang='lat' dir='ltr'><strong>ln</strong></span> <span class='ocrx_word' id='word_1_111' title='bbox 1188 1722 1350 1810; x_wconf 77' lang='lat' dir='ltr'><strong>Antigone</strong></span> 
     </span>
     <span class='ocr_line' id='line_1_15' title="bbox 154 1822 427 1911; baseline 0.018 -18"><span class='ocrx_word' id='word_1_112' title='bbox 154 1822 276 1911; x_wconf 82' lang='lat' dir='ltr'><strong>legitur</strong></span> <span class='ocrx_word' id='word_1_113' title='bbox 298 1845 346 1893; x_wconf 82' lang='lat' dir='ltr'><strong>us.</strong></span> <span class='ocrx_word' id='word_1_114' title='bbox 371 1832 427 1899; x_wconf 93' lang='grc'><strong>44.</strong></span> 
     </span>
    </p>

    <p class='ocr_par' dir='ltr' id='par_1_4' title="bbox 247 1929 1151 2017">
     <span class='ocr_line' id='line_1_16' title="bbox 247 1929 1151 2017; baseline -0.002 -20"><span class='ocrx_word' id='word_1_115' title='bbox 247 1940 339 1998; x_wconf 87' lang='grc' dir='ltr'><strong>ΙΣΜ.</strong></span> <span class='ocrx_word' id='word_1_116' title='bbox 385 1931 491 2017; x_wconf 61' lang='lat' dir='ltr'><strong>irrep</strong></span> <span class='ocrx_word' id='word_1_117' title='bbox 513 1941 588 2008; x_wconf 79' lang='grc' dir='ltr'><strong><em>νοεῖς</em></strong></span> <span class='ocrx_word' id='word_1_118' title='bbox 613 1930 742 2000; x_wconf 69' lang='grc' dir='ltr'><strong><em>θάσσειν</em></strong></span> <span class='ocrx_word' id='word_1_119' title='bbox 762 1932 822 2013; x_wconf 80' lang='grc' dir='ltr'><strong>σφ’</strong></span> <span class='ocrx_word' id='word_1_120' title='bbox 845 1929 1012 2012; x_wconf 65' lang='grc' dir='ltr'><strong><em>ἀπόρρυτον</em></strong></span> <span class='ocrx_word' id='word_1_121' title='bbox 1035 1930 1151 2009; x_wconf 68' lang='grc' dir='ltr'><strong><em>πόλεις</em></strong></span> 
     </span>
    </p>

    <p class='ocr_par' dir='ltr' id='par_1_5' title="bbox 248 2034 1198 2121">
     <span class='ocr_line' id='line_1_17' title="bbox 248 2034 1198 2121; baseline 0 -18"><span class='ocrx_word' id='word_1_122' title='bbox 248 2044 350 2109; x_wconf 82' lang='lat' dir='ltr'><strong>ANT.</strong></span> <span class='ocrx_word' id='word_1_123' title='bbox 385 2040 437 2106; x_wconf 78' lang='lat' dir='ltr'><strong>rie</strong></span> <span class='ocrx_word' id='word_1_124' title='bbox 460 2044 536 2119; x_wconf 77' lang='grc' dir='ltr'><strong><em>γοῦν</em></strong></span> <span class='ocrx_word' id='word_1_125' title='bbox 559 2040 633 2120; x_wconf 76' lang='grc' dir='ltr'><strong>ἐμὸν</strong></span> <span class='ocrx_word' id='word_1_126' title='bbox 656 2038 708 2103; x_wconf 79' lang='grc' dir='ltr'><strong><em>οιαὶ</em></strong></span> <span class='ocrx_word' id='word_1_127' title='bbox 732 2038 785 2103; x_wconf 77' lang='grc' dir='ltr'><strong>τὸν</strong></span> <span class='ocrx_word' id='word_1_128' title='bbox 809 2034 879 2113; x_wconf 77' lang='grc' dir='ltr'><strong><em>σόν,</em></strong></span> <span class='ocrx_word' id='word_1_129' title='bbox 901 2036 938 2113; x_wconf 69' lang='grc' dir='ltr'><strong>ἣν</strong></span> <span class='ocrx_word' id='word_1_130' title='bbox 960 2036 1000 2101; x_wconf 83' lang='grc' dir='ltr'><strong>σὺ</strong></span> <span class='ocrx_word' id='word_1_131' title='bbox 1022 2036 1066 2115; x_wconf 69' lang='grc' dir='ltr'><strong>μὴ</strong></span> <span class='ocrx_word' id='word_1_132' title='bbox 1089 2035 1198 2121; x_wconf 59' lang='grc' dir='ltr'><strong><em>θέλῃς,</em></strong></span> 
     </span>
    </p>

    <p class='ocr_par' dir='ltr' id='par_1_6' title="bbox 389 2141 1094 2228">
     <span class='ocr_line' id='line_1_18' title="bbox 389 2141 1094 2228; baseline -0.007 -13"><span class='ocrx_word' id='word_1_133' title='bbox 389 2143 538 2228; x_wconf 67' lang='grc' dir='ltr'><strong>ἀδελφόν.</strong></span> <span class='ocrx_word' id='word_1_134' title='bbox 560 2147 594 2214; x_wconf 78' lang='grc' dir='ltr'><strong>οὐ</strong></span> <span class='ocrx_word' id='word_1_135' title='bbox 616 2142 681 2225; x_wconf 70' lang='grc' dir='ltr'><strong>γὰρ</strong></span> <span class='ocrx_word' id='word_1_136' title='bbox 703 2144 739 2219; x_wconf 72' lang='lat' dir='ltr'><strong>et</strong></span> <span class='ocrx_word' id='word_1_137' title='bbox 762 2141 900 2223; x_wconf 70' lang='lat' dir='ltr'><strong>epotoec&#39;</strong></span> <span class='ocrx_word' id='word_1_138' title='bbox 920 2141 1094 2221; x_wconf 70' lang='grc' dir='ltr'><strong><em>ἁλώσομαι.</em></strong></span> 
     </span>
    </p>

    <p class='ocr_par' dir='ltr' id='par_1_7' title="bbox 147 2244 1346 2735">
     <span class='ocr_line' id='line_1_19' title="bbox 155 2244 1345 2333; baseline 0.004 -21"><span class='ocrx_word' id='word_1_139' title='bbox 155 2244 370 2315; x_wconf 76' lang='lat' dir='ltr'><strong>scholiastes:</strong></span> <span class='ocrx_word' id='word_1_140' title='bbox 403 2249 537 2330; x_wconf 73' lang='grc' dir='ltr'><strong><em>Δίδυμος</em></strong></span> <span class='ocrx_word' id='word_1_141' title='bbox 562 2251 594 2319; x_wconf 72' lang='grc' dir='ltr'><strong>δέ</strong></span> <span class='ocrx_word' id='word_1_142' title='bbox 615 2255 713 2333; x_wconf 66' lang='grc' dir='ltr'><strong><em>φησιν</em></strong></span> <span class='ocrx_word' id='word_1_143' title='bbox 738 2247 797 2313; x_wconf 73' lang='lat' dir='ltr'><strong>rial</strong></span> <span class='ocrx_word' id='word_1_144' title='bbox 824 2252 883 2314; x_wconf 77' lang='grc' dir='ltr'><strong>τῶν</strong></span> <span class='ocrx_word' id='word_1_145' title='bbox 911 2247 1175 2326; x_wconf 62' lang='lat' dir='ltr'><strong>irrumperetur</strong></span> <span class='ocrx_word' id='word_1_146' title='bbox 1197 2248 1251 2315; x_wconf 74' lang='grc' dir='ltr'><strong>τὸν</strong></span> <span class='ocrx_word' id='word_1_147' title='bbox 1275 2249 1345 2330; x_wconf 72' lang='grc' dir='ltr'><strong>ἑξῆς</strong></span> 
     </span>
     <span class='ocr_line' id='line_1_20' title="bbox 152 2349 1346 2443; baseline 0.002 -20"><span class='ocrx_word' id='word_1_148' title='bbox 152 2352 244 2433; x_wconf 68' lang='lat' dir='ltr'><strong>&lt;lxm</strong></span> <span class='ocrx_word' id='word_1_149' title='bbox 269 2352 328 2443; x_wconf 82' lang='lat' dir='ltr'><strong>(vs.</strong></span> <span class='ocrx_word' id='word_1_150' title='bbox 350 2358 419 2438; x_wconf 87' lang='grc'><strong>46.)</strong></span> <span class='ocrx_word' id='word_1_151' title='bbox 444 2356 640 2423; x_wconf 68' lang='grc' dir='ltr'><strong><em>νενουεῦσδαι.</em></strong></span> <span class='ocrx_word' id='word_1_152' title='bbox 687 2352 879 2420; x_wconf 82' lang='lat' dir='ltr'><strong>Rectissime</strong></span> <span class='ocrx_word' id='word_1_153' title='bbox 903 2349 957 2418; x_wconf 86' lang='lat' dir='ltr'><strong>ille</strong></span> <span class='ocrx_word' id='word_1_154' title='bbox 985 2350 1085 2431; x_wconf 83' lang='lat' dir='ltr'><strong>vidit,</strong></span> <span class='ocrx_word' id='word_1_155' title='bbox 1107 2354 1259 2441; x_wconf 81' lang='lat' dir='ltr'><strong>quisquis</strong></span> <span class='ocrx_word' id='word_1_156' title='bbox 1278 2366 1346 2425; x_wconf 85' lang='lat' dir='ltr'><strong>est:</strong></span> 
     </span>
     <span class='ocr_line' id='line_1_21' title="bbox 150 2455 1346 2549; baseline 0.008 -28"><span class='ocrx_word' id='word_1_157' title='bbox 150 2455 260 2524; x_wconf 86' lang='lat' dir='ltr'><strong>hausit</strong></span> <span class='ocrx_word' id='word_1_158' title='bbox 289 2479 326 2525; x_wconf 90' lang='lat' dir='ltr'><strong>ea</strong></span> <span class='ocrx_word' id='word_1_159' title='bbox 350 2460 509 2549; x_wconf 81' lang='lat' dir='ltr'><strong>Didymus</strong></span> <span class='ocrx_word' id='word_1_160' title='bbox 536 2479 575 2527; x_wconf 81' lang='lat' dir='ltr'><strong>ex</strong></span> <span class='ocrx_word' id='word_1_161' title='bbox 603 2459 746 2546; x_wconf 86' lang='lat' dir='ltr'><strong>antiquis</strong></span> <span class='ocrx_word' id='word_1_162' title='bbox 770 2455 1085 2534; x_wconf 77' lang='lat' dir='ltr'><strong>Alexandrinorum,</strong></span> <span class='ocrx_word' id='word_1_163' title='bbox 1116 2456 1346 2548; x_wconf 77' lang='lat' dir='ltr'><strong>Aristophanis</strong></span> 
     </span>
     <span class='ocr_line' id='line_1_22' title="bbox 150 2556 1344 2655; baseline 0.006 -28"><span class='ocrx_word' id='word_1_164' title='bbox 150 2568 184 2627; x_wconf 89' lang='lat' dir='ltr'><strong>et</strong></span> <span class='ocrx_word' id='word_1_165' title='bbox 212 2556 414 2644; x_wconf 47' lang='lat' dir='ltr'><strong>Aristarchig</strong></span> <span class='ocrx_word' id='word_1_166' title='bbox 447 2564 708 2641; x_wconf 86' lang='lat' dir='ltr'><strong>commentariis,</strong></span> <span class='ocrx_word' id='word_1_167' title='bbox 730 2582 770 2629; x_wconf 87' lang='lat' dir='ltr'><strong>ex</strong></span> <span class='ocrx_word' id='word_1_168' title='bbox 801 2561 919 2649; x_wconf 84' lang='lat' dir='ltr'><strong>quihus</strong></span> <span class='ocrx_word' id='word_1_169' title='bbox 945 2561 1071 2629; x_wconf 87' lang='lat' dir='ltr'><strong>utinam</strong></span> <span class='ocrx_word' id='word_1_170' title='bbox 1099 2561 1195 2650; x_wconf 85' lang='lat' dir='ltr'><strong>plura</strong></span> <span class='ocrx_word' id='word_1_171' title='bbox 1225 2584 1344 2655; x_wconf 87' lang='lat' dir='ltr'><strong>super·</strong></span> 
     </span>
     <span class='ocr_line' id='line_1_23' title="bbox 147 2676 265 2735; baseline 0 -2"><span class='ocrx_word' id='word_1_172' title='bbox 147 2676 265 2735; x_wconf 89' lang='lat' dir='ltr'><strong>essent.</strong></span> 
     </span>
    </p>

    <p class='ocr_par' dir='ltr' id='par_1_8' title="bbox 135 2770 1341 4442">
     <span class='ocr_line' id='line_1_24' title="bbox 194 2770 1340 2861; baseline 0.006 -23"><span class='ocrx_word' id='word_1_173' title='bbox 194 2772 283 2856; x_wconf 81' lang='lat' dir='ltr'><strong>Quae</strong></span> <span class='ocrx_word' id='word_1_174' title='bbox 305 2792 393 2841; x_wconf 90' lang='lat' dir='ltr'><strong>nunc</strong></span> <span class='ocrx_word' id='word_1_175' title='bbox 417 2782 592 2861; x_wconf 85' lang='lat' dir='ltr'><strong>supersunt</strong></span> <span class='ocrx_word' id='word_1_176' title='bbox 621 2792 772 2861; x_wconf 80' lang='lat' dir='ltr'><strong>magnam</strong></span> <span class='ocrx_word' id='word_1_177' title='bbox 797 2779 922 2860; x_wconf 87' lang='lat' dir='ltr'><strong>partem</strong></span> <span class='ocrx_word' id='word_1_178' title='bbox 955 2790 1019 2838; x_wconf 87' lang='lat' dir='ltr'><strong>oon</strong></span> <span class='ocrx_word' id='word_1_179' title='bbox 1049 2770 1222 2841; x_wconf 83' lang='lat' dir='ltr'><strong>admodum</strong></span> <span class='ocrx_word' id='word_1_180' title='bbox 1253 2779 1340 2845; x_wconf 87' lang='lat' dir='ltr'><strong>anti·</strong></span> 
     </span>
     <span class='ocr_line' id='line_1_25' title="bbox 149 2877 1341 2971; baseline 0.006 -27"><span class='ocrx_word' id='word_1_181' title='bbox 149 2897 211 2966; x_wconf 82' lang='lat' dir='ltr'><strong>qus</strong></span> <span class='ocrx_word' id='word_1_182' title='bbox 236 2891 314 2946; x_wconf 86' lang='lat' dir='ltr'><strong>sont</strong></span> <span class='ocrx_word' id='word_1_183' title='bbox 335 2888 368 2947; x_wconf 88' lang='lat' dir='ltr'><strong>et</strong></span> <span class='ocrx_word' id='word_1_184' title='bbox 401 2887 550 2946; x_wconf 87' lang='lat' dir='ltr'><strong>auctores</strong></span> <span class='ocrx_word' id='word_1_185' title='bbox 580 2878 699 2947; x_wconf 88' lang='lat' dir='ltr'><strong>habent</strong></span> <span class='ocrx_word' id='word_1_186' title='bbox 730 2878 851 2966; x_wconf 76' lang='lat' dir='ltr'><strong>ingenii</strong></span> <span class='ocrx_word' id='word_1_187' title='bbox 875 2877 1067 2955; x_wconf 83' lang='lat' dir='ltr'><strong>obtusioris,</strong></span> <span class='ocrx_word' id='word_1_188' title='bbox 1100 2880 1157 2966; x_wconf 85' lang='lat' dir='ltr'><strong>qui</strong></span> <span class='ocrx_word' id='word_1_189' title='bbox 1181 2879 1341 2971; x_wconf 84' lang='lat' dir='ltr'><strong>quidquid</strong></span> 
     </span>
     <span class='ocr_line' id='line_1_26' title="bbox 147 2981 1339 3078; baseline 0.004 -28"><span class='ocrx_word' id='word_1_190' title='bbox 147 2984 181 3050; x_wconf 90' lang='lat' dir='ltr'><strong>in</strong></span> <span class='ocrx_word' id='word_1_191' title='bbox 214 2983 305 3052; x_wconf 88' lang='lat' dir='ltr'><strong>libris</strong></span> <span class='ocrx_word' id='word_1_192' title='bbox 336 2993 385 3053; x_wconf 91' lang='lat' dir='ltr'><strong>est</strong></span> <span class='ocrx_word' id='word_1_193' title='bbox 415 2993 448 3053; x_wconf 90' lang='lat' dir='ltr'><strong>et</strong></span> <span class='ocrx_word' id='word_1_194' title='bbox 476 2984 613 3072; x_wconf 87' lang='lat' dir='ltr'><strong>probant</strong></span> <span class='ocrx_word' id='word_1_195' title='bbox 642 2993 674 3053; x_wconf 90' lang='lat' dir='ltr'><strong>et</strong></span> <span class='ocrx_word' id='word_1_196' title='bbox 702 2987 958 3075; x_wconf 86' lang='lat' dir='ltr'><strong>interpretantur</strong></span> <span class='ocrx_word' id='word_1_197' title='bbox 981 2991 1014 3050; x_wconf 90' lang='lat' dir='ltr'><strong>et</strong></span> <span class='ocrx_word' id='word_1_198' title='bbox 1049 2981 1257 3053; x_wconf 84' lang='lat' dir='ltr'><strong>admirantur</strong></span> <span class='ocrx_word' id='word_1_199' title='bbox 1292 2987 1339 3078; x_wconf 90' lang='lat' dir='ltr'><strong>(in</strong></span> 
     </span>
     <span class='ocr_line' id='line_1_27' title="bbox 147 3087 1338 3179; baseline 0.004 -23"><span class='ocrx_word' id='word_1_200' title='bbox 147 3108 211 3177; x_wconf 88' lang='lat' dir='ltr'><strong>quo</strong></span> <span class='ocrx_word' id='word_1_201' title='bbox 231 3110 349 3179; x_wconf 82' lang='lat' dir='ltr'><strong>genere</strong></span> <span class='ocrx_word' id='word_1_202' title='bbox 370 3090 417 3158; x_wconf 93' lang='lat' dir='ltr'><strong>nil</strong></span> <span class='ocrx_word' id='word_1_203' title='bbox 432 3091 605 3157; x_wconf 80' lang='lat' dir='ltr'><strong>uolentibus</strong></span> <span class='ocrx_word' id='word_1_204' title='bbox 624 3090 797 3179; x_wconf 86' lang='lat' dir='ltr'><strong>arduum),</strong></span> <span class='ocrx_word' id='word_1_205' title='bbox 823 3108 883 3156; x_wconf 89' lang='lat' dir='ltr'><strong>nec</strong></span> <span class='ocrx_word' id='word_1_206' title='bbox 905 3096 1023 3156; x_wconf 86' lang='lat' dir='ltr'><strong>curant</strong></span> <span class='ocrx_word' id='word_1_207' title='bbox 1041 3087 1137 3156; x_wconf 89' lang='lat' dir='ltr'><strong>tidem</strong></span> <span class='ocrx_word' id='word_1_208' title='bbox 1160 3088 1338 3161; x_wconf 85' lang='lat' dir='ltr'><strong>lectionum</strong></span> 
     </span>
     <span class='ocr_line' id='line_1_28' title="bbox 145 3194 1340 3286; baseline 0.002 -25"><span class='ocrx_word' id='word_1_209' title='bbox 145 3196 318 3263; x_wconf 86' lang='lat' dir='ltr'><strong>aestimare</strong></span> <span class='ocrx_word' id='word_1_210' title='bbox 341 3203 374 3264; x_wconf 89' lang='lat' dir='ltr'><strong>et</strong></span> <span class='ocrx_word' id='word_1_211' title='bbox 397 3196 519 3263; x_wconf 87' lang='lat' dir='ltr'><strong>nnllam</strong></span> <span class='ocrx_word' id='word_1_212' title='bbox 554 3196 810 3286; x_wconf 84' lang='lat' dir='ltr'><strong>interpolationis</strong></span> <span class='ocrx_word' id='word_1_213' title='bbox 840 3194 1058 3282; x_wconf 83' lang='lat' dir='ltr'><strong>suspicionem</strong></span> <span class='ocrx_word' id='word_1_214' title='bbox 1089 3203 1210 3262; x_wconf 89' lang='lat' dir='ltr'><strong>temere</strong></span> <span class='ocrx_word' id='word_1_215' title='bbox 1232 3194 1340 3285; x_wconf 75' lang='lat' dir='ltr'><strong>negli-</strong></span> 
     </span>
     <span class='ocr_line' id='line_1_29' title="bbox 145 3297 1339 3388; baseline 0.003 -21"><span class='ocrx_word' id='word_1_216' title='bbox 145 3318 231 3386; x_wconf 82' lang='lat' dir='ltr'><strong>gere.</strong></span> <span class='ocrx_word' id='word_1_217' title='bbox 278 3302 493 3388; x_wconf 78' lang='lat' dir='ltr'><strong>Antiquarum</strong></span> <span class='ocrx_word' id='word_1_218' title='bbox 526 3301 604 3369; x_wconf 87' lang='lat' dir='ltr'><strong>haec</strong></span> <span class='ocrx_word' id='word_1_219' title='bbox 636 3322 715 3369; x_wconf 87' lang='lat' dir='ltr'><strong>eura</strong></span> <span class='ocrx_word' id='word_1_220' title='bbox 739 3300 820 3380; x_wconf 91' lang='lat' dir='ltr'><strong>luit,</strong></span> <span class='ocrx_word' id='word_1_221' title='bbox 853 3301 887 3365; x_wconf 92' lang='lat' dir='ltr'><strong>in</strong></span> <span class='ocrx_word' id='word_1_222' title='bbox 921 3299 1038 3386; x_wconf 84' lang='lat' dir='ltr'><strong>quihus</strong></span> <span class='ocrx_word' id='word_1_223' title='bbox 1069 3297 1234 3367; x_wconf 91' lang='lat' dir='ltr'><strong>iudicandi</strong></span> <span class='ocrx_word' id='word_1_224' title='bbox 1267 3310 1339 3371; x_wconf 75' lang='lat' dir='ltr'><strong>erut</strong></span> 
     </span>
     <span class='ocr_line' id='line_1_30' title="bbox 144 3403 1339 3490; baseline 0.003 -19"><span class='ocrx_word' id='word_1_225' title='bbox 144 3403 286 3471; x_wconf 88' lang='lat' dir='ltr'><strong>sollertia</strong></span> <span class='ocrx_word' id='word_1_226' title='bbox 306 3413 339 3472; x_wconf 91' lang='lat' dir='ltr'><strong>et</strong></span> <span class='ocrx_word' id='word_1_227' title='bbox 362 3425 437 3473; x_wconf 88' lang='lat' dir='ltr'><strong>vera</strong></span> <span class='ocrx_word' id='word_1_228' title='bbox 456 3425 475 3472; x_wconf 90' lang='lat' dir='ltr'><strong>a</strong></span> <span class='ocrx_word' id='word_1_229' title='bbox 496 3403 586 3472; x_wconf 78' lang='lat' dir='ltr'><strong>falsis</strong></span> <span class='ocrx_word' id='word_1_230' title='bbox 608 3405 796 3473; x_wconf 87' lang='lat' dir='ltr'><strong>secernendi</strong></span> <span class='ocrx_word' id='word_1_231' title='bbox 815 3404 972 3472; x_wconf 85' lang='lat' dir='ltr'><strong>studium.</strong></span> <span class='ocrx_word' id='word_1_232' title='bbox 1019 3404 1150 3490; x_wconf 79' lang='lat' dir='ltr'><strong>insigne</strong></span> <span class='ocrx_word' id='word_1_233' title='bbox 1168 3414 1217 3473; x_wconf 89' lang='lat' dir='ltr'><strong>est</strong></span> <span class='ocrx_word' id='word_1_234' title='bbox 1236 3404 1339 3475; x_wconf 87' lang='lat' dir='ltr'><strong>huius</strong></span> 
     </span>
     <span class='ocr_line' id='line_1_31' title="bbox 144 3506 1337 3599; baseline 0 -20"><span class='ocrx_word' id='word_1_235' title='bbox 144 3508 193 3579; x_wconf 83' lang='lat' dir='ltr'><strong>rei</strong></span> <span class='ocrx_word' id='word_1_236' title='bbox 217 3506 445 3577; x_wconf 83' lang='lat' dir='ltr'><strong>documentum</strong></span> <span class='ocrx_word' id='word_1_237' title='bbox 474 3512 506 3577; x_wconf 91' lang='lat' dir='ltr'><strong>iu</strong></span> <span class='ocrx_word' id='word_1_238' title='bbox 536 3510 605 3578; x_wconf 86' lang='lat' dir='ltr'><strong>loeo</strong></span> <span class='ocrx_word' id='word_1_239' title='bbox 629 3508 799 3599; x_wconf 83' lang='lat' dir='ltr'><strong>Oedipodis</strong></span> <span class='ocrx_word' id='word_1_240' title='bbox 822 3508 949 3577; x_wconf 79' lang='lat' dir='ltr'><strong>cotonei</strong></span> <span class='ocrx_word' id='word_1_241' title='bbox 981 3528 1030 3576; x_wconf 87' lang='lat' dir='ltr'><strong>vs.</strong></span> <span class='ocrx_word' id='word_1_242' title='bbox 1053 3512 1245 3579; x_wconf 78' lang='lat' dir='ltr'><strong>eea-eur.</strong></span> <span class='ocrx_word' id='word_1_243' title='bbox 1279 3510 1337 3579; x_wconf 90' lang='lat' dir='ltr'><strong>uhi</strong></span> 
     </span>
     <span class='ocr_line' id='line_1_32' title="bbox 143 3610 1338 3704; baseline 0.006 -26"><span class='ocrx_word' id='word_1_244' title='bbox 143 3613 260 3700; x_wconf 79' lang='lat' dir='ltr'><strong>viginti</strong></span> <span class='ocrx_word' id='word_1_245' title='bbox 284 3634 397 3681; x_wconf 84' lang='lat' dir='ltr'><strong>versus</strong></span> <span class='ocrx_word' id='word_1_246' title='bbox 420 3626 495 3684; x_wconf 87' lang='lat' dir='ltr'><strong>sunt</strong></span> <span class='ocrx_word' id='word_1_247' title='bbox 527 3616 631 3704; x_wconf 84' lang='lat' dir='ltr'><strong>spurii</strong></span> <span class='ocrx_word' id='word_1_248' title='bbox 655 3624 687 3682; x_wconf 90' lang='lat' dir='ltr'><strong>et</strong></span> <span class='ocrx_word' id='word_1_249' title='bbox 710 3614 867 3694; x_wconf 88' lang='lat' dir='ltr'><strong>insiticii,</strong></span> <span class='ocrx_word' id='word_1_250' title='bbox 893 3612 974 3681; x_wconf 88' lang='lat' dir='ltr'><strong>nihil</strong></span> <span class='ocrx_word' id='word_1_251' title='bbox 998 3613 1173 3682; x_wconf 86' lang='lat' dir='ltr'><strong>relerentes</strong></span> <span class='ocrx_word' id='word_1_252' title='bbox 1193 3610 1338 3704; x_wconf 80' lang='lat' dir='ltr'><strong>splendi-</strong></span> 
     </span>
     <span class='ocr_line' id='line_1_33' title="bbox 143 3718 1337 3808; baseline 0.006 -22"><span class='ocrx_word' id='word_1_253' title='bbox 143 3718 222 3786; x_wconf 92' lang='lat' dir='ltr'><strong>dum</strong></span> <span class='ocrx_word' id='word_1_254' title='bbox 254 3718 332 3786; x_wconf 93' lang='lat' dir='ltr'><strong>illud</strong></span> <span class='ocrx_word' id='word_1_255' title='bbox 361 3720 572 3807; x_wconf 87' lang='lat' dir='ltr'><strong>Sophocleum</strong></span> <span class='ocrx_word' id='word_1_256' title='bbox 604 3720 789 3808; x_wconf 89' lang='lat' dir='ltr'><strong>eloquium,</strong></span> <span class='ocrx_word' id='word_1_257' title='bbox 815 3719 870 3787; x_wconf 91' lang='lat' dir='ltr'><strong>sed</strong></span> <span class='ocrx_word' id='word_1_258' title='bbox 901 3720 1094 3805; x_wconf 77' lang='grc' dir='ltr'><strong><em>χαμαίζηλοι</em></strong></span> <span class='ocrx_word' id='word_1_259' title='bbox 1124 3729 1204 3788; x_wconf 88' lang='lat' dir='ltr'><strong>suat</strong></span> <span class='ocrx_word' id='word_1_260' title='bbox 1224 3724 1337 3793; x_wconf 83' lang='lat' dir='ltr'><strong>omnia</strong></span> 
     </span>
     <span class='ocr_line' id='line_1_34' title="bbox 142 3824 1336 3913; baseline 0.002 -20"><span class='ocrx_word' id='word_1_261' title='bbox 142 3835 175 3893; x_wconf 87' lang='lat' dir='ltr'><strong>et</strong></span> <span class='ocrx_word' id='word_1_262' title='bbox 197 3834 262 3901; x_wconf 76' lang='grc' dir='ltr'><strong><em>τοῖς</em></strong></span> <span class='ocrx_word' id='word_1_263' title='bbox 285 3833 434 3909; x_wconf 78' lang='grc' dir='ltr'><strong><em>τυχοῦσιν</em></strong></span> <span class='ocrx_word' id='word_1_264' title='bbox 457 3828 583 3908; x_wconf 69' lang='grc' dir='ltr'><strong><em>ὀνόμασι</em></strong></span> <span class='ocrx_word' id='word_1_265' title='bbox 616 3835 768 3913; x_wconf 85' lang='lat' dir='ltr'><strong>concepta</strong></span> <span class='ocrx_word' id='word_1_266' title='bbox 790 3834 824 3892; x_wconf 91' lang='lat' dir='ltr'><strong>et</strong></span> <span class='ocrx_word' id='word_1_267' title='bbox 854 3826 1072 3892; x_wconf 86' lang='lat' dir='ltr'><strong>oeconomiam</strong></span> <span class='ocrx_word' id='word_1_268' title='bbox 1101 3824 1228 3893; x_wconf 81' lang='lat' dir='ltr'><strong>tabulae</strong></span> <span class='ocrx_word' id='word_1_269' title='bbox 1256 3848 1336 3895; x_wconf 87' lang='lat' dir='ltr'><strong>onn-</strong></span> 
     </span>
     <span class='ocr_line' id='line_1_35' title="bbox 141 3930 1336 4019; baseline 0.003 -21"><span class='ocrx_word' id='word_1_270' title='bbox 141 3931 285 3999; x_wconf 88' lang='lat' dir='ltr'><strong>turbant.</strong></span> <span class='ocrx_word' id='word_1_271' title='bbox 335 3932 512 4000; x_wconf 85' lang='lat' dir='ltr'><strong>Senserunt</strong></span> <span class='ocrx_word' id='word_1_272' title='bbox 542 3933 601 3999; x_wconf 91' lang='lat' dir='ltr'><strong>hoc</strong></span> <span class='ocrx_word' id='word_1_273' title='bbox 625 3932 721 4019; x_wconf 88' lang='lat' dir='ltr'><strong>probe</strong></span> <span class='ocrx_word' id='word_1_274' title='bbox 752 3930 908 4006; x_wconf 82' lang='lat' dir='ltr'><strong>Veteres.</strong></span> <span class='ocrx_word' id='word_1_275' title='bbox 941 3951 980 3996; x_wconf 84' lang='lat' dir='ltr'><strong>ex</strong></span> <span class='ocrx_word' id='word_1_276' title='bbox 1004 3950 1143 4018; x_wconf 87' lang='lat' dir='ltr'><strong>quorum</strong></span> <span class='ocrx_word' id='word_1_277' title='bbox 1167 3952 1336 4001; x_wconf 88' lang='lat' dir='ltr'><strong>commen·</strong></span> 
     </span>
     <span class='ocr_line' id='line_1_36' title="bbox 139 4034 1334 4124; baseline 0.003 -22"><span class='ocrx_word' id='word_1_278' title='bbox 139 4037 233 4103; x_wconf 87' lang='lat' dir='ltr'><strong>tariis</strong></span> <span class='ocrx_word' id='word_1_279' title='bbox 257 4036 335 4105; x_wconf 86' lang='lat' dir='ltr'><strong>haee</strong></span> <span class='ocrx_word' id='word_1_280' title='bbox 363 4038 472 4106; x_wconf 88' lang='lat' dir='ltr'><strong>tenuis</strong></span> <span class='ocrx_word' id='word_1_281' title='bbox 497 4040 542 4105; x_wconf 94' lang='lat' dir='ltr'><strong>rei</strong></span> <span class='ocrx_word' id='word_1_282' title='bbox 568 4039 683 4105; x_wconf 88' lang='lat' dir='ltr'><strong>notitia</strong></span> <span class='ocrx_word' id='word_1_283' title='bbox 707 4039 815 4105; x_wconf 88' lang='lat' dir='ltr'><strong>nescio</strong></span> <span class='ocrx_word' id='word_1_284' title='bbox 838 4034 996 4124; x_wconf 88' lang='lat' dir='ltr'><strong>quomodo</strong></span> <span class='ocrx_word' id='word_1_285' title='bbox 1018 4035 1058 4102; x_wconf 92' lang='lat' dir='ltr'><strong>ad</strong></span> <span class='ocrx_word' id='word_1_286' title='bbox 1083 4056 1141 4103; x_wconf 85' lang='lat' dir='ltr'><strong>nos</strong></span> <span class='ocrx_word' id='word_1_287' title='bbox 1161 4056 1334 4124; x_wconf 80' lang='lat' dir='ltr'><strong>permane·</strong></span> 
     </span>
     <span class='ocr_line' id='line_1_37' title="bbox 139 4142 1334 4229; baseline 0.006 -23"><span class='ocrx_word' id='word_1_288' title='bbox 139 4144 207 4208; x_wconf 84' lang='lat' dir='ltr'><strong>vit:</strong></span> <span class='ocrx_word' id='word_1_289' title='bbox 241 4144 276 4209; x_wconf 75' lang='lat' dir='ltr'><strong>ri</strong></span> <span class='ocrx_word' id='word_1_290' title='bbox 309 4152 365 4220; x_wconf 75' lang='grc' dir='ltr'><strong>σῆς</strong></span> <span class='ocrx_word' id='word_1_291' title='bbox 389 4144 569 4226; x_wconf 71' lang='grc' dir='ltr'><strong><em>Ἀντιγένης</em></strong></span> <span class='ocrx_word' id='word_1_292' title='bbox 606 4142 763 4226; x_wconf 70' lang='grc' dir='ltr'><strong>πρόσωπον</strong></span> <span class='ocrx_word' id='word_1_293' title='bbox 786 4142 914 4209; x_wconf 74' lang='grc' dir='ltr'><strong><em>καὶτοῦ</em></strong></span> <span class='ocrx_word' id='word_1_294' title='bbox 949 4147 1041 4224; x_wconf 81' lang='grc' dir='ltr'><strong><em>χοροῦ</em></strong></span> <span class='ocrx_word' id='word_1_295' title='bbox 1074 4142 1109 4209; x_wconf 82' lang='lat' dir='ltr'><strong>rl</strong></span> <span class='ocrx_word' id='word_1_296' title='bbox 1141 4142 1334 4229; x_wconf 73' lang='grc' dir='ltr'><strong><em>σεοριὶςιχον</em></strong></span> 
     </span>
     <span class='ocr_line' id='line_1_38' title="bbox 137 4247 1333 4335; baseline 0 -20"><span class='ocrx_word' id='word_1_297' title='bbox 137 4250 328 4317; x_wconf 65' lang='lat' dir='ltr'><strong>dissederat.</strong></span> <span class='ocrx_word' id='word_1_298' title='bbox 362 4285 407 4299; x_wconf 90' lang='lat'><strong>·-—</strong></span> <span class='ocrx_word' id='word_1_299' title='bbox 437 4260 581 4334; x_wconf 77' lang='lat' dir='ltr'><strong>Kpsirroo</strong></span> <span class='ocrx_word' id='word_1_300' title='bbox 612 4252 697 4333; x_wconf 70' lang='lat' dir='ltr'><strong>yda,</strong></span> <span class='ocrx_word' id='word_1_301' title='bbox 732 4249 853 4334; x_wconf 82' lang='grc' dir='ltr'><strong><em>ΦασΙν,</em></strong></span> <span class='ocrx_word' id='word_1_302' title='bbox 888 4247 996 4321; x_wconf 74' lang='grc' dir='ltr'><strong><em>εὐθέος</em></strong></span> <span class='ocrx_word' id='word_1_303' title='bbox 1035 4249 1077 4329; x_wconf 72' lang='grc' dir='ltr'><strong>τῷ</strong></span> <span class='ocrx_word' id='word_1_304' title='bbox 1112 4248 1333 4335; x_wconf 74' lang='grc' dir='ltr'><strong><em>δικαιολογιαῷ</em></strong></span> 
     </span>
     <span class='ocr_line' id='line_1_39' title="bbox 135 4353 1333 4442; baseline 0.005 -21"><span class='ocrx_word' id='word_1_305' title='bbox 135 4356 312 4439; x_wconf 74' lang='grc' dir='ltr'><strong><em>χρήσασθαι</em></strong></span> <span class='ocrx_word' id='word_1_306' title='bbox 335 4357 387 4423; x_wconf 79' lang='grc' dir='ltr'><strong>τὸν</strong></span> <span class='ocrx_word' id='word_1_307' title='bbox 411 4358 557 4427; x_wconf 74' lang='grc' dir='ltr'><strong><em>Οἰδίπουν</em></strong></span> <span class='ocrx_word' id='word_1_308' title='bbox 579 4360 650 4440; x_wconf 74' lang='grc' dir='ltr'><strong>πρὸς</strong></span> <span class='ocrx_word' id='word_1_309' title='bbox 675 4357 799 4429; x_wconf 74' lang='grc' dir='ltr'><strong><em>αὐτούς·</em></strong></span> <span class='ocrx_word' id='word_1_310' title='bbox 847 4354 964 4433; x_wconf 84' lang='lat' dir='ltr'><strong>lliror,</strong></span> <span class='ocrx_word' id='word_1_311' title='bbox 989 4353 1143 4442; x_wconf 81' lang='lat' dir='ltr'><strong>iuquam,</strong></span> <span class='ocrx_word' id='word_1_312' title='bbox 1167 4356 1333 4442; x_wconf 81' lang='lat' dir='ltr'><strong>quomodo</strong></span> 
     </span>
    </p>
   </div>
   <div class='ocr_carea' id='block_1_4' title="bbox 0 0 1474 5010">
    <p class='ocr_par' dir='ltr' id='par_1_9' title="bbox 0 0 1474 5010">
     <span class='ocr_line' id='line_1_40' title="bbox 0 0 1474 5010; baseline 0 9"><span class='ocrx_word' id='word_1_313' title='bbox 0 0 1474 5010; x_wconf 95' lang='lat' dir='ltr'><strong> </strong></span> 
     </span>
    </p>
   </div>
  </div>
 </body>
</html>
