2940 5010
685 318 689 327 ·
724 297 787 361 864

152 471 301 536 ποιεῖσύαι
326 466 423 546 ἔξοδον
442 492 488 535 =
508 466 620 545 ἐξιέναι
643 476 675 535 et
698 471 771 536 sim.
797 474 874 540 2157.

151 575 301 642 ποιεῖσόαι
325 573 518 656 καρβατίνας
542 573 603 639 sibi
625 575 775 660 conficere
798 580 875 643 466.

151 689 235 755 τοῖος
260 678 459 766 indignanlis
483 682 536 744 94.

149 787 234 859 τοῖός
258 810 317 858 τις.
342 784 406 850 ποῖ’
430 782 538 863 ἄσσα,
561 785 667 853 όπποΐ
690 785 777 854 ἄσσα
802 791 880 854 978.

149 892 317 970 πολεμικόν
343 888 402 978 (τό)
427 891 617 972 ἀνακραγεῖν
642 895 721 959 491.

148 997 268 1064 πόλεων
289 1033 335 1044 -
356 1001 478 1060 πολλῶν
503 998 579 1062 666.

149 1102 251 1176 πόλις.
275 1105 293 1179 ἡ
317 1101 406 1175 πόλις
430 1109 463 1167 et
486 1106 578 1167 πᾶσα
597 1102 616 1178 ἧ
636 1101 727 1178 πόλις
750 1101 828 1190 quid
851 1101 1001 1170 differunt
1025 1107 1103 1171 474.

149 1209 239 1282 πόλις
263 1205 316 1273 καὶ
341 1207 422 1273 οἰκία
446 1209 525 1275 293.

148 1320 275 1378 πολῖται
299 1312 455 1392 ὑμέτεροι,
480 1329 542 1376 non
568 1313 650 1390 ὑμῶν
677 1316 751 1380 101.

147 1421 265 1483 πολλοῦ
289 1417 344 1484 δέω
367 1454 413 1466 -
435 1419 552 1481 πολλοῦ
576 1416 626 1483 δεῖ
647 1421 723 1485 502.

148 1528 264 1589 πολλοῦ
288 1522 343 1587 δέω
368 1518 444 1587 εἶναι
468 1529 500 1587 et
523 1522 598 1587 sim.
623 1525 699 1590 504.

147 1629 317 1707 πολύτιμα
339 1666 384 1676 -
404 1627 614 1706 πολυτίματος
640 1632 693 1694 66.

144 1733 323 1816 πορεύσαιεν
346 1772 391 1783 -
410 1732 600 1816 πορεύσοιντο
625 1738 700 1801 570.

145 1840 331 1922 πορεύσομαι
354 1878 400 1890 -
421 1838 589 1921 πορεύομαι
614 1846 647 1906 et
669 1839 743 1906 sim.
769 1843 844 1908 406.

144 1946 273 2013 τοσόνδα
296 1944 417 2028 παίζειν
441 1950 518 2015 800.

144 2050 274 2117 ποσόνδα
294 2089 340 2100 -
358 2051 429 2116 ποσδ
453 2052 485 2119 δὲ
509 2048 532 2118 ού
555 2055 632 2119 801.

143 2157 220 2223 ποτέ
239 2193 285 2205 -
306 2156 430 2238 πότερος
452 2194 497 2205 -
517 2157 642 2238 πότερον
666 2162 720 2226 80.

142 2261 259 2344 πότερα
277 2300 323 2312 -—
345 2262 421 2328 ποτέ
445 2266 522 2328 685.

141 2367 354 2448 ποτέρωσε-
374 2366 515 2448 ποτέρωόι
541 2369 615 2433 709.

141 2472 323 2554 πράγματα
347 2471 497 2552 παρέχειν
521 2491 596 2537 cum
620 2471 781 2540 infinitivo
805 2474 956 2542 iunctum
980 2478 1066 2554 595,
1091 2479 1172 2543 020.

142 2577 342 2660 πραγμύτων
365 2614 409 2624 -
429 2576 626 2657 πραγμύτων
653 2582 727 2644 155.

140 2682 290 2766 πρόττειν
316 2706 346 2747 τι
371 2679 458 2761 παρύ
482 2706 560 2755 τινος
585 2685 661 2749 656.

139 2789 299 2871 πρύττειν.
324 2784 494 2868 πρόξαιντο
517 2788 637 2866 οὶγαόόν
663 2813 694 2855 τι
719 2788 856 2857 barbare
880 2811 938 2878 pro
960 2792 1115 2874 πρύξαιτε
1142 2799 1227 2861 596.

140 2893 286 2976 πρέσβεις
310 2891 460 2973 ἔπεμψαν
488 2893 629 2973 ἐροῦντας
656 2905 711 2961 aut
736 2897 903 2977 λέγοντες,
928 2917 990 2966 non
1017 2899 1175 2980 λέγοντας
1204 2907 1285 2968 567.

140 2999 364 3081 πρέσβεων-
386 2998 555 3078 πρεσβειῶν
580 3003 655 3066 568.

139 3108 255 3187 πρατήρ
276 3140 322 3152 -
340 3103 477 3184 πρηκτύρ
500 3106 579 3170 592.

139 3211 307 3294 πρόασόαι,
333 3229 394 3275 non
420 3209 591 3284 ὧνύσασύαι
618 3213 692 3275 166.

139 3315 232 3397 πρόον’
253 3352 299 3363 -
319 3315 443 3396 πρόονας
467 3318 544 3382 665.

139 3422 214 3502 πρίω
235 3457 281 3469 -
302 3425 375 3499 πριῶ
403 3423 477 3484 141.

138 3525 353 3607 προαγορεύω,
380 3561 418 3574 -
446 3530 521 3605 ερῶ,
544 3562 590 3575 —-
612 3535 697 3593 εῖπον
720 3534 781 3593 cel.
807 3532 885 3597 424.

138 3628 310 3712 προανελύν
328 3664 374 3676 -
393 3635 564 3709 προανελῶν
589 3635 665 3697 617.

138 3737 340 3816 προανήλωκα
361 3771 406 3782 -
424 3738 648 3815 προσανιὶλωκα
673 3741 749 3803 477.

136 3848 318 3921 προαπερεῖν
337 3878 382 3888 -
402 3840 621 3922 προσαπαόρειν
648 3846 724 3910 780.

137 3945 332 4027 προδιδόντων
352 3983 397 3994 -
415 3946 565 4027 προδοτῶν
589 3951 665 4012 516.

136 4051 289 4133 προδόσεις
312 4050 491 4131 λαμβόνειν
517 4060 550 4116 et
574 4053 736 4135 προπόσεις
760 4055 857 4122 πόνειν
886 4061 958 4127 104.

137 4155 305 4242 προεξρῖξαι
327 4195 370 4205 -
391 4155 558 4237 προεξύξαι
583 4162 659 4224 699.

138 4262 278 4345 προέχειν
302 4258 332 4327 ἓν
356 4263 467 4342 μόνον,
493 4283 555 4328 non
581 4265 621 4330 ἑνὶ
644 4267 725 4350 μόνω
749 4277 781 4335 et
808 4269 879 4335 sim.
905 4274 982 4336 446.

138 4369 280 4449 προέχειν
308 4368 409 4445 τινός,
434 4389 496 4436 non
521 4369 590 4436 τινοί
616 4375 691 4438 444.
