2940 5010
708 283 770 343 585

141 458 268 539 γελτοί
302 464 358 522 ant
380 456 413 520 in
441 454 581 541 Lycurgi
611 454 783 519 Leocratea
810 456 827 538 i
851 458 904 521 59.
930 473 988 540 pro
1010 456 1100 532 ἡνίκοο
1125 459 1142 532 ἡ
1166 459 1223 536 μὲν
1249 453 1331 532 ἧττον

142 565 299 649 τῷδήμῳ
322 560 679 644 προσνγγέλλεπο,
704 562 770 643 epti
794 561 820 625 δ’
843 557 914 638 tirsi
939 561 1029 634 πόλις
1051 563 1225 630 restituere
1243 589 1333 645 προσ·

142 666 314 751 νίγγελτοί
349 675 407 733 ant
443 667 528 754 apud
563 666 762 732 Dinarchum
792 668 825 731 in
851 664 939 734 Orat.
965 668 988 733 1.
1014 671 1067 733 59.
1102 669 1227 748 ὀλίγοις
1259 671 1333 750 ἡμέ-

141 800 212 859 ραις
234 813 273 827 -
304 776 584 855 ἠλευθεροῦντο
610 775 741 854 Θῦβοιι,
766 772 971 855 διεπέπρακτο
996 775 1013 849 ἦ
1038 772 1128 847 πόλις
1153 778 1171 852 ἡ
1196 776 1332 858 ἡμετέροι

140 880 222 959 ἄξιοι
243 884 304 971 τῶν
328 878 504 962 προγίνων,
527 879 601 963 quis
620 888 669 944 cst
690 878 746 965 qui
763 880 952 964 praesertim
977 878 1161 946 admonitus
1185 900 1247 946 non
1261 902 1332 947 sen·

143 987 208 1055 tiae
228 986 428 1069 ἦλειιίέροινσσ
455 986 561 1064 Θῦβοιι
582 983 729 1069 requiri?

190 1093 228 1161 In
251 1113 322 1181 eep.
334 1092 404 1159 VII.
432 1097 483 1158 re.
529 1090 594 1157 Nat
618 1092 668 1170 μοὶ
692 1092 779 1167 Δίος,
804 1089 883 1173 ἔφην
906 1091 986 1169 ἐγώ,
1010 1087 1032 1155 ὦ
1055 1091 1167 1170 renai,
1189 1095 1243 1160 κοοὶ
1267 1095 1332 1177 γὰρ

146 1200 231 1289 [νομί]
257 1199 324 1278 ἐμοὶ
349 1199 364 1263 ὂ
386 1199 512 1278 ποτήρ,
536 1197 563 1260 si
588 1197 621 1261 in
647 1195 797 1262 omnihus
820 1195 913 1262 Iihris
945 1197 1130 1283 importuna
1153 1198 1264 1265 vocula
1290 1199 1331 1265 Ie·

142 1315 279 1393 geretur
301 1312 409 1371 tamen
441 1311 635 1388 expunctum
669 1303 823 1389 oportuit.
871 1302 963 1370 Nunc
994 1303 1085 1369 abest
1109 1323 1128 1369 a
1152 1302 1243 1371 tibris
1266 1325 1334 1370 em·

144 1412 243 1479 nitius
264 1420 295 1478 et
320 1411 481 1477 retinetur
500 1418 619 1474 tamen.
667 1408 785 1475 Eodem
808 1408 901 1474 modo
922 1409 1144 1495 importunum
1166 1410 1221 1476 κοιί
1241 1410 1334 1476 iudu-

142 1518 285 1587 ccndum
307 1524 357 1583 est
388 1513 473 1601 apud
497 1514 745 1581 Demosthenem
770 1516 801 1579 in
835 1511 922 1580 Orat.
947 1515 1012 1581 Lll.
1040 1522 1092 1582 11.
1129 1517 1267 1598 καὶγὰρ
1293 1516 1332 1583 νῦν

143 1626 231 1713 [zat]
253 1621 419 1704 μαινοίμην
443 1621 468 1685 εἰ
493 1622 548 1699 μή.
596 1621 695 1687 Recte
726 1621 884 1706 serIptttm
908 1628 958 1686 est
990 1622 1021 1686 in
1046 1621 1186 1687 IIidiana
1211 1625 1229 1707 §
1257 1627 1332 1690 208.

141 1732 197 1799 zat
221 1730 286 1812 γὰρ
310 1727 349 1794 ἂν
375 1725 561 1807 μοινοίμνν,
589 1734 621 1792 et
640 1728 674 1791 in
700 1727 876 1793 Prooemiis
902 1747 969 1791 xxv.
996 1734 1027 1791 et
1052 1726 1136 1812 apud
1159 1727 1238 1794 atius
1264 1749 1332 1795 sae-

141 1838 232 1925 pius.
287 1832 378 1917 Quod
410 1831 491 1899 dicit
524 1830 713 1898 Aristoteles
744 1833 777 1896 in
811 1831 916 1897 Dthic.
953 1831 1135 1898 Nicom.11.
1161 1838 1193 1899 5.
1229 1835 1243 1899 ὁ
1274 1837 1331 1913 μὲν

142 1940 303 2023 ὑπομένων
325 1940 369 2006 ‘roh
398 1938 482 2005 δεινοὶ
518 1938 597 2026 [xcxi]
631 1939 749 2019 χοίρων
773 1939 790 2015 ἢ
815 1939 859 2016 μῦ
891 1937 1082 2017 λυπούμενίς
1106 1963 1147 2017 γε
1178 1940 1332 2021 ἀνδρεῖος,

143 2048 214 2115 III
236 2047 428 2124 λυπούμενος
461 2045 580 2121 δειλός,
614 2044 641 2108 si
675 2044 731 2108 κοιί
752 2044 947 2128 expunxeris
983 2051 1070 2108 reete
1106 2043 1230 2111 dietum
1259 2047 1332 2112 erii.

142 2152 265 2221 Eadem
291 2169 387 2238 opera
408 2149 526 2216 adiuva
549 2147 795 2215 Demosthenem
818 2150 851 2213 In
876 2146 964 2216 Orat.
989 2149 1022 2214 L.
1048 2157 1076 2214 1.
1100 2151 1333 2229 veteratoriam

142 2260 204 2327 τῶν
235 2260 364 2337 ἀγώνοιν
386 2294 432 2306 -
461 2254 550 2344 [aori]
586 2256 656 2327 ποὺς
691 2255 951 2334 διαγνωσομένους
987 2256 1131 2337 προσήκει
1169 2258 1334 2341 προσέχειν

142 2366 197 2433 τὸν
217 2368 306 2442 νοῦν,
330 2364 386 2449 qui
415 2362 506 2427 loeus
529 2368 689 2446 expuncta
714 2360 843 2427 demum
869 2358 982 2445 copula
1005 2380 1104 2427 sanus
1129 2364 1200 2428 erit.

188 2470 227 2535 In
254 2471 272 2555 §
298 2474 351 2536 17.
382 2465 621 2554 transponenda
655 2465 768 2551 copula
793 2473 843 2532 est
867 2474 899 2532 et
923 2466 970 2532 sic
995 2464 1182 2552 tegendum:
1206 2466 1228 2536 a
1251 2468 1333 2536 οἵτε

143 2576 203 2642 θεοί
232 2574 354 2658 ἔφυσάν
382 2600 417 2639 σε
448 2574 594 2640 δύνονσίοιι
627 2572 679 2636 uei
709 2573 724 2636 ὁ
756 2571 844 2651 νόμος
868 2580 1056 2641 οννεποοινεῖ.
1104 2573 1222 2640 Editur
1252 2572 1333 2641 o‘c'rr

123 2663 170 2749 ὀί
193 2682 255 2748 ίεοί
277 2699 388 2746 errore
412 2677 592 2744 manifesto.

188 2786 290 2853 euius
322 2804 418 2851 aures
451 2793 527 2849 sunt
561 2792 627 2849 tam
660 2804 773 2871 parum
808 2782 991 2851 fastidiosae
1022 2793 1056 2849 nt
1091 2783 1174 2853 serre
1209 2788 1333 2872 possint

141 2892 214 2961 VII.
236 2895 292 2960 22.
315 2894 372 2967 chr
395 2892 452 2970 μὲν
482 2898 537 2966 σῦς
561 2895 707 2968 γυνοιικὸς
737 2890 788 2955 ἐπὶ
812 2890 855 2955 σοὶ
885 2890 963 2955 ἔνδον
993 2889 1073 2970 ἔργοι
1102 2892 1155 2958 eei
1180 2893 1332 2971 ε’πιμελή·

141 3020 257 3081 μιποι,
285 2998 340 3073 τὴν
365 2997 397 3062 δὲ
420 3000 474 3061 ποῦ
503 2997 607 3077 ἀνδρὸς
638 2997 688 3060 ἐπὶ
714 2997 756 3060 τοὶ
781 2994 838 3072 ἔξω
864 2996 958 3081 [ἔργοι
991 2996 1043 3061 κοιὶ
1075 2997 1332 3085 ίπιμελνίμοοσοι].

143 3108 364 3173 Αιιιιοίοιοιοί
387 3101 495 3167 nescio
527 3103 600 3186 quis
632 3102 663 3166 in
694 3101 840 3184 margine
864 3100 914 3189 (ut
945 3100 1089 3166 sotebant
1114 3102 1142 3167 si
1170 3103 1247 3188 quid
1272 3105 1332 3172 ele·

140 3216 259 3299 genter
281 3217 314 3276 et
338 3227 418 3274 nore
441 3206 564 3273 dictum
595 3227 664 3273 esse
685 3204 860 3292 videretur)
894 3205 971 3287 ἔργον
1003 3208 1055 3274 κοί
1085 3209 1334 3290 ἐπιμελήμοοτοο,

141 3312 261 3383 deinde
281 3312 402 3381 Iactum
426 3321 476 3379 est
500 3312 583 3399 quod
607 3311 705 3378 vides,

147 3442 151 3449 ·
189 3420 229 3487 In
258 3438 330 3506 σοι).
350 3414 434 3485 VIII.
462 3424 514 3484 15.
548 3412 625 3484 εἶδον
648 3419 743 3484 οιῦπὸν
766 3415 954 3498 ἕξεσιίζοντοο
974 3420 1005 3482 ἐν
1033 3430 1072 3503 πῇ
1098 3432 1201 3506 σχολῇ
1223 3423 1333 3489 ποίνποι

141 3524 266 3597 ίτίσοις
297 3523 360 3606 ἄρος
392 3524 440 3589 δεῖ
469 3524 499 3588 ἕν
531 3526 573 3605 τῷ
607 3525 724 3604 πλοίῳ
755 3524 911 3605 χρῆσίνι,
946 3525 1044 3610 quid,
1068 3546 1207 3612 quaeso,
1243 3528 1330 3595 atiud

141 3630 242 3697 hemo
262 3637 387 3717 poterat
410 3627 566 3710 ἐξετάζειν
586 3637 614 3693 et
639 3628 716 3714 quid
740 3628 867 3694 tandem
889 3648 926 3694 ea
943 3649 995 3695 res
1018 3629 1113 3696 hahet
1138 3633 1219 3718 qnod
1246 3637 1332 3721 qnis-

141 3756 242 3824 quam
267 3734 427 3801 miretur?
476 3733 636 3800 Enrenda:
662 3734 781 3806 ὁπόσοις
805 3733 867 3815 ἄρος
888 3735 937 3801 δεῖ
954 3737 985 3799 ἕν
1008 3739 1051 3818 πῷ
1075 3741 1160 3819 πλῷ
1180 3743 1332 3820 χρῆσίοοι,

142 3840 207 3909 hoc
229 3842 336 3929 ipsum
369 3842 491 3928 requiri
527 3839 617 3905 dahis
642 3838 721 3904 mihi
755 3844 781 3905 si
814 3842 992 3928 inspexeris
1023 3862 1106 3928 quae
1136 3855 1331 3928 sequuntur.

144 3946 303 4015 Dicebant
321 3954 429 4012 antem
454 3946 588 4023 Gracci,
615 3955 650 4010 nt
673 3954 783 4011 netum
805 3958 875 4025 est,
898 3950 928 4013 ἐν
948 3951 990 4031 τῷ
1016 3950 1085 4030 πλῷ
1118 3957 1150 4014 et
1172 3952 1258 4016 κοντοὶ
1281 3955 1333 4018 τὸν

144 4056 243 4121 πλοῦν
263 4053 346 4117 inter
366 4052 597 4137 nauipandnnr,
622 4071 658 4116 ae
680 4050 768 4116 vides
787 4071 882 4138 quarn
905 4052 983 4120 hene
1003 4075 1089 4120 nnnc
1113 4056 1144 4120 ἐν
1165 4067 1204 4139 τῇ
1228 4069 1331 4141 σχολῇ

144 4166 177 4227 et
200 4159 234 4225 ἐν
249 4160 293 4240 τῷ
308 4159 377 4240 πλοῦ
399 4157 484 4223 inter
506 4178 540 4224 se
563 4166 774 4243 opponantur.
825 4158 958 4246 Saepius
979 4158 1044 4225 ridi
1064 4165 1161 4234 πλοῦς
1183 4174 1215 4227 et
1235 4173 1331 4230 πλοῖοο

146 4264 233 4331 iuter
256 4283 290 4330 se
313 4264 420 4350 inepte
443 4265 645 4350 permutari,
679 4265 869 4350 praesertim
902 4264 956 4332 uhi
981 4264 1114 4352 pluralis
1148 4276 1224 4334 πλοῖ
1245 4290 1333 4338 more

147 4368 300 4438 Veterum
336 4368 440 4435 iuerat
472 4372 638 4456 scriptum.
688 4369 963 4449 Qnenrartnrndnrn
996 4372 1081 4438 enirn
1115 4372 1212 4451 ἔξοδον
1241 4387 1333 4443 ποιεῖ·
