<?xml version="1.0" encoding="UTF-8"?>
<!DOCTYPE html PUBLIC "-//W3C//DTD XHTML 1.0 Transitional//EN"
    "http://www.w3.org/TR/xhtml1/DTD/xhtml1-transitional.dtd">
<html xmlns="http://www.w3.org/1999/xhtml" xml:lang="en" lang="en">
 <head>
  <title>
</title>
<meta http-equiv="Content-Type" content="text/html;charset=utf-8" />
  <meta name='ocr-system' content='tesseract 3.04.00' />
  <meta name='ocr-capabilities' content='ocr_page ocr_carea ocr_par ocr_line ocrx_word'/>
</head>
<body>
  <div class='ocr_page' id='page_1' title='image "./novaelectionesq00cobegoog/novaelectionesq00cobegoog_0582.png"; bbox 0 0 2940 5010; ppageno 0'>
   <div class='ocr_carea' id='block_1_1' title="bbox 631 320 695 384">
    <p class='ocr_par' dir='ltr' id='par_1_1' title="bbox 631 320 695 384">
     <span class='ocr_line' id='line_1_1' title="bbox 631 320 695 384; baseline -0.063 0"><span class='ocrx_word' id='word_1_1' title='bbox 631 320 695 384; x_wconf 72' lang='lat'><strong>547</strong></span> 
     </span>
    </p>
   </div>
   <div class='ocr_carea' id='block_1_2' title="bbox 62 491 1266 3657">
    <p class='ocr_par' dir='ltr' id='par_1_2' title="bbox 62 491 1259 1744">
     <span class='ocr_line' id='line_1_2' title="bbox 62 491 1252 577; baseline -0.003 -14"><span class='ocrx_word' id='word_1_2' title='bbox 62 494 115 563; x_wconf 70' lang='lat' dir='ltr'><strong>tri</strong></span> <span class='ocrx_word' id='word_1_3' title='bbox 132 496 186 563; x_wconf 80' lang='grc' dir='ltr'><strong>τὸν</strong></span> <span class='ocrx_word' id='word_1_4' title='bbox 206 503 363 577; x_wconf 74' lang='grc' dir='ltr'><em>κρατῆρα,</em></span> <span class='ocrx_word' id='word_1_5' title='bbox 385 491 465 560; x_wconf 83' lang='grc' dir='ltr'><em>ἔνύεν</em></span> <span class='ocrx_word' id='word_1_6' title='bbox 478 493 679 573; x_wconf 73' lang='grc' dir='ltr'><strong>ἐπικύψαντα</strong></span> <span class='ocrx_word' id='word_1_7' title='bbox 700 493 758 559; x_wconf 74' lang='grc' dir='ltr'><em>ἔδει</em></span> <span class='ocrx_word' id='word_1_8' title='bbox 771 495 923 576; x_wconf 77' lang='grc' dir='ltr'><em>ῥοφοῦντα</em></span> <span class='ocrx_word' id='word_1_9' title='bbox 944 491 1040 559; x_wconf 80' lang='grc' dir='ltr'><em>πύνειν</em></span> <span class='ocrx_word' id='word_1_10' title='bbox 1059 492 1159 575; x_wconf 73' lang='grc' dir='ltr'><em>ὥσπερ</em></span> <span class='ocrx_word' id='word_1_11' title='bbox 1176 495 1252 573; x_wconf 84' lang='grc' dir='ltr'><em>βοῦν</em></span> 
     </span>
     <span class='ocr_line' id='line_1_3' title="bbox 63 594 1253 689; baseline -0.001 -21"><span class='ocrx_word' id='word_1_12' title='bbox 63 600 187 689; x_wconf 90' lang='lat' dir='ltr'><strong>iegitur</strong></span> <span class='ocrx_word' id='word_1_13' title='bbox 209 598 348 667; x_wconf 82' lang='lat' dir='ltr'><strong>mirifica</strong></span> <span class='ocrx_word' id='word_1_14' title='bbox 372 599 536 665; x_wconf 74' lang='lat' dir='ltr'><strong>annotatio</strong></span> <span class='ocrx_word' id='word_1_15' title='bbox 557 596 648 664; x_wconf 83' lang='lat' dir='ltr'><strong>liaeo:</strong></span> <span class='ocrx_word' id='word_1_16' title='bbox 673 597 796 680; x_wconf 83' lang='grc' dir='ltr'><em>ύττερ</em></span> <span class='ocrx_word' id='word_1_17' title='bbox 820 600 929 678; x_wconf 77' lang='grc' dir='ltr'><em>βοῦνι</em></span> <span class='ocrx_word' id='word_1_18' title='bbox 954 594 973 661; x_wconf 83' lang='grc' dir='ltr'><em>ύ</em></span> <span class='ocrx_word' id='word_1_19' title='bbox 993 598 1038 667; x_wconf 78' lang='grc' dir='ltr'><strong>ἔτι</strong></span> <span class='ocrx_word' id='word_1_20' title='bbox 1060 601 1253 681; x_wconf 73' lang='grc' dir='ltr'><em>δαψιλῶς.</em></span> 
     </span>
     <span class='ocr_line' id='line_1_4' title="bbox 64 702 1254 789; baseline -0.002 -15"><span class='ocrx_word' id='word_1_21' title='bbox 64 708 101 775; x_wconf 76' lang='grc' dir='ltr'><strong>τύ</strong></span> <span class='ocrx_word' id='word_1_22' title='bbox 122 706 187 789; x_wconf 71' lang='grc' dir='ltr'><em>γὰρ</em></span> <span class='ocrx_word' id='word_1_23' title='bbox 210 711 264 773; x_wconf 82' lang='grc' dir='ltr'><strong>τοῦ</strong></span> <span class='ocrx_word' id='word_1_24' title='bbox 283 707 355 785; x_wconf 78' lang='grc' dir='ltr'><em>βοὸς</em></span> <span class='ocrx_word' id='word_1_25' title='bbox 376 704 471 785; x_wconf 74' lang='grc' dir='ltr'><em>ὄνομα</em></span> <span class='ocrx_word' id='word_1_26' title='bbox 499 704 549 769; x_wconf 74' lang='grc' dir='ltr'><strong>ἐπὶ</strong></span> <span class='ocrx_word' id='word_1_27' title='bbox 579 710 633 771; x_wconf 83' lang='grc' dir='ltr'><strong>τοῦ</strong></span> <span class='ocrx_word' id='word_1_28' title='bbox 661 702 807 783; x_wconf 80' lang='grc' dir='ltr'><em>μεγοὶλου</em></span> <span class='ocrx_word' id='word_1_29' title='bbox 838 702 1060 782; x_wconf 73' lang='grc' dir='ltr'><em>λαμβάνεται.</em></span> <span class='ocrx_word' id='word_1_30' title='bbox 1090 703 1170 770; x_wconf 83' lang='grc' dir='ltr'><em>ἔνύεν</em></span> <span class='ocrx_word' id='word_1_31' title='bbox 1201 708 1254 773; x_wconf 77' lang='grc' dir='ltr'><strong>καὶ</strong></span> 
     </span>
     <span class='ocr_line' id='line_1_5' title="bbox 64 806 1256 893; baseline -0.003 -12"><span class='ocrx_word' id='word_1_32' title='bbox 64 812 204 893; x_wconf 92' lang='grc' dir='ltr'><em>βούπαις</em></span> <span class='ocrx_word' id='word_1_33' title='bbox 227 810 281 879; x_wconf 78' lang='grc' dir='ltr'><strong>καὶ</strong></span> <span class='ocrx_word' id='word_1_34' title='bbox 303 810 552 891; x_wconf 75' lang='grc' dir='ltr'><em>βούλιμος.Ηίυο</em></span> <span class='ocrx_word' id='word_1_35' title='bbox 580 818 654 874; x_wconf 87' lang='lat' dir='ltr'><strong>nata</strong></span> <span class='ocrx_word' id='word_1_36' title='bbox 675 817 724 875; x_wconf 89' lang='lat' dir='ltr'><strong>est</strong></span> <span class='ocrx_word' id='word_1_37' title='bbox 753 807 927 875; x_wconf 88' lang='lat' dir='ltr'><strong>bellissima</strong></span> <span class='ocrx_word' id='word_1_38' title='bbox 960 806 1047 873; x_wconf 82' lang='lat' dir='ltr'><strong>verbi</strong></span> <span class='ocrx_word' id='word_1_39' title='bbox 1075 810 1256 891; x_wconf 78' lang='grc' dir='ltr'><em>ἕβουλιμύα·</em></span> 
     </span>
     <span class='ocr_line' id='line_1_6' title="bbox 66 912 1257 1004; baseline -0.002 -19"><span class='ocrx_word' id='word_1_40' title='bbox 66 944 127 987; x_wconf 85' lang='grc' dir='ltr'><strong>ταν</strong></span> <span class='ocrx_word' id='word_1_41' title='bbox 149 916 375 1004; x_wconf 73' lang='lat' dir='ltr'><strong>interpretatio</strong></span> <span class='ocrx_word' id='word_1_42' title='bbox 395 915 447 980; x_wconf 89' lang='lat' dir='ltr'><strong>tv.</strong></span> <span class='ocrx_word' id='word_1_43' title='bbox 467 935 496 979; x_wconf 86' lang='grc' dir='ltr'><strong>ιι.</strong></span> <span class='ocrx_word' id='word_1_44' title='bbox 521 920 552 981; x_wconf 83' lang='lat'><strong>7.</strong></span> <span class='ocrx_word' id='word_1_45' title='bbox 600 914 713 999; x_wconf 85' lang='lat' dir='ltr'><strong>lingna</strong></span> <span class='ocrx_word' id='word_1_46' title='bbox 743 914 901 1000; x_wconf 87' lang='lat' dir='ltr'><strong>gravitate</strong></span> <span class='ocrx_word' id='word_1_47' title='bbox 931 913 1044 981; x_wconf 89' lang='lat' dir='ltr'><strong>docent</strong></span> <span class='ocrx_word' id='word_1_48' title='bbox 1067 912 1114 980; x_wconf 76' lang='grc' dir='ltr'><strong>ὅτι</strong></span> <span class='ocrx_word' id='word_1_49' title='bbox 1137 917 1257 992; x_wconf 69' lang='lat' dir='ltr'><strong>›idel-</strong></span> 
     </span>
     <span class='ocr_line' id='line_1_7' title="bbox 67 1019 1256 1100; baseline -0.003 -7"><span class='ocrx_word' id='word_1_50' title='bbox 67 1040 162 1093; x_wconf 83' lang='grc' dir='ltr'><em>λεια</em></span> <span class='ocrx_word' id='word_1_51' title='bbox 182 1022 229 1094; x_wconf 75' lang='grc' dir='ltr'><strong>ἔτι</strong></span> <span class='ocrx_word' id='word_1_52' title='bbox 253 1021 520 1098; x_wconf 72' lang='grc' dir='ltr'><strong>πολυτέλεια,</strong></span> <span class='ocrx_word' id='word_1_53' title='bbox 544 1022 578 1085; x_wconf 81' lang='grc' dir='ltr'><strong>τὸ</strong></span> <span class='ocrx_word' id='word_1_54' title='bbox 602 1019 665 1100; x_wconf 74' lang='grc' dir='ltr'><em>γὰρ</em></span> <span class='ocrx_word' id='word_1_55' title='bbox 686 1044 707 1084; x_wconf 92' lang='grc' dir='ltr'><em>α</em></span> <span class='ocrx_word' id='word_1_56' title='bbox 730 1021 782 1085; x_wconf 76' lang='grc' dir='ltr'><strong>καὶ</strong></span> <span class='ocrx_word' id='word_1_57' title='bbox 805 1019 960 1100; x_wconf 79' lang='grc' dir='ltr'><em>ςερκτικὸν</em></span> <span class='ocrx_word' id='word_1_58' title='bbox 984 1020 1036 1085; x_wconf 74' lang='grc' dir='ltr'><strong>καὶ</strong></span> <span class='ocrx_word' id='word_1_59' title='bbox 1066 1020 1256 1089; x_wconf 83' lang='grc' dir='ltr'><em>ἕτιτατικύν.</em></span> 
     </span>
     <span class='ocr_line' id='line_1_8' title="bbox 67 1123 1258 1212; baseline -0.003 -14"><span class='ocrx_word' id='word_1_60' title='bbox 67 1132 88 1199; x_wconf 82' lang='lat' dir='ltr'><strong>d</strong></span> <span class='ocrx_word' id='word_1_61' title='bbox 113 1129 197 1197; x_wconf 89' lang='lat' dir='ltr'><strong>male</strong></span> <span class='ocrx_word' id='word_1_62' title='bbox 218 1148 330 1195; x_wconf 89' lang='lat' dir='ltr'><strong>sanam</strong></span> <span class='ocrx_word' id='word_1_63' title='bbox 351 1124 583 1191; x_wconf 79' lang='lat' dir='ltr'><strong>eruditionem!</strong></span> <span class='ocrx_word' id='word_1_64' title='bbox 633 1123 712 1191; x_wconf 86' lang='lat' dir='ltr'><strong>Vide</strong></span> <span class='ocrx_word' id='word_1_65' title='bbox 738 1124 896 1209; x_wconf 88' lang='lat' dir='ltr'><strong>quomodo</strong></span> <span class='ocrx_word' id='word_1_66' title='bbox 918 1125 971 1189; x_wconf 89' lang='lat' dir='ltr'><strong>isti</strong></span> <span class='ocrx_word' id='word_1_67' title='bbox 1003 1126 1258 1212; x_wconf 81' lang='lat' dir='ltr'><strong>interpretentur</strong></span> 
     </span>
     <span class='ocr_line' id='line_1_9' title="bbox 67 1228 1256 1314; baseline -0.001 -12"><span class='ocrx_word' id='word_1_68' title='bbox 67 1236 112 1303; x_wconf 90' lang='lat' dir='ltr'><strong>ll.</strong></span> <span class='ocrx_word' id='word_1_69' title='bbox 139 1256 173 1301; x_wconf 92' lang='grc' dir='ltr'><strong>ιι.</strong></span> <span class='ocrx_word' id='word_1_70' title='bbox 199 1238 250 1301; x_wconf 82' lang='grc'><strong>16.</strong></span> <span class='ocrx_word' id='word_1_71' title='bbox 281 1233 440 1314; x_wconf 84' lang='grc' dir='ltr'><em>εύύύιιρον,</em></span> <span class='ocrx_word' id='word_1_72' title='bbox 471 1238 503 1297; x_wconf 82' lang='lat' dir='ltr'><strong>el</strong></span> <span class='ocrx_word' id='word_1_73' title='bbox 529 1230 569 1295; x_wconf 90' lang='lat' dir='ltr'><strong>ll.</strong></span> <span class='ocrx_word' id='word_1_74' title='bbox 595 1251 626 1301; x_wconf 87' lang='grc' dir='ltr'><strong>ιι.</strong></span> <span class='ocrx_word' id='word_1_75' title='bbox 654 1235 705 1295; x_wconf 92' lang='grc'><strong>10.</strong></span> <span class='ocrx_word' id='word_1_76' title='bbox 730 1230 872 1313; x_wconf 75' lang='grc' dir='ltr'><em>ἔφεδρον,</em></span> <span class='ocrx_word' id='word_1_77' title='bbox 900 1240 932 1295; x_wconf 88' lang='lat' dir='ltr'><strong>el</strong></span> <span class='ocrx_word' id='word_1_78' title='bbox 963 1228 1017 1296; x_wconf 81' lang='lat' dir='ltr'><strong>iv,</strong></span> <span class='ocrx_word' id='word_1_79' title='bbox 1041 1252 1082 1297; x_wconf 83' lang='lat' dir='ltr'><strong>ut.</strong></span> <span class='ocrx_word' id='word_1_80' title='bbox 1115 1237 1166 1298; x_wconf 77' lang='lat'><strong>14.</strong></span> <span class='ocrx_word' id='word_1_81' title='bbox 1195 1232 1256 1302; x_wconf 84' lang='grc' dir='ltr'><em>ύοοι</em></span> 
     </span>
     <span class='ocr_line' id='line_1_10' title="bbox 68 1333 1259 1423; baseline 0 -16"><span class='ocrx_word' id='word_1_82' title='bbox 68 1340 122 1413; x_wconf 63' lang='grc' dir='ltr'><em>ἔτι</em></span> <span class='ocrx_word' id='word_1_83' title='bbox 144 1348 204 1407; x_wconf 82' lang='grc' dir='ltr'><strong>τῶν</strong></span> <span class='ocrx_word' id='word_1_84' title='bbox 224 1340 350 1420; x_wconf 81' lang='grc' dir='ltr'><em>ύμούιιι,</em></span> <span class='ocrx_word' id='word_1_85' title='bbox 374 1344 406 1403; x_wconf 88' lang='lat' dir='ltr'><strong>et</strong></span> <span class='ocrx_word' id='word_1_86' title='bbox 426 1336 478 1403; x_wconf 90' lang='lat' dir='ltr'><strong>lv.</strong></span> <span class='ocrx_word' id='word_1_87' title='bbox 493 1356 548 1401; x_wconf 89' lang='lat' dir='ltr'><strong>vu.</strong></span> <span class='ocrx_word' id='word_1_88' title='bbox 563 1339 594 1400; x_wconf 90' lang='grc'><strong>6.</strong></span> <span class='ocrx_word' id='word_1_89' title='bbox 615 1333 731 1414; x_wconf 77' lang='grc' dir='ltr'><em>ξυύλν,</em></span> <span class='ocrx_word' id='word_1_90' title='bbox 755 1343 787 1401; x_wconf 93' lang='lat' dir='ltr'><strong>et</strong></span> <span class='ocrx_word' id='word_1_91' title='bbox 805 1335 944 1401; x_wconf 88' lang='lat' dir='ltr'><strong>multum</strong></span> <span class='ocrx_word' id='word_1_92' title='bbox 963 1334 1068 1402; x_wconf 83' lang='lat' dir='ltr'><strong>ualere</strong></span> <span class='ocrx_word' id='word_1_93' title='bbox 1086 1348 1259 1423; x_wconf 79' lang='lat' dir='ltr'><strong>nugatores</strong></span> 
     </span>
     <span class='ocr_line' id='line_1_11' title="bbox 70 1440 1258 1513; baseline -0.001 0"><span class='ocrx_word' id='word_1_94' title='bbox 70 1444 209 1513; x_wconf 81' lang='lat' dir='ltr'><strong>iubebis.</strong></span> <span class='ocrx_word' id='word_1_95' title='bbox 263 1443 311 1511; x_wconf 74' lang='lat' dir='ltr'><strong>dd</strong></span> <span class='ocrx_word' id='word_1_96' title='bbox 345 1440 635 1509; x_wconf 71' lang='lat' dir='ltr'><strong>tirannicae</strong></span> <span class='ocrx_word' id='word_1_97' title='bbox 670 1443 713 1508; x_wconf 78' lang='lat' dir='ltr'><strong>roi</strong></span> <span class='ocrx_word' id='word_1_98' title='bbox 742 1442 871 1507; x_wconf 87' lang='grc' dir='ltr'><em>Λύκαια</em></span> <span class='ocrx_word' id='word_1_99' title='bbox 904 1440 1006 1506; x_wconf 84' lang='grc' dir='ltr'><em>ἔύυοεν</em></span> <span class='ocrx_word' id='word_1_100' title='bbox 1041 1452 1258 1512; x_wconf 78' lang='lat' dir='ltr'><strong>annotarunt:</strong></span> 
     </span>
     <span class='ocr_line' id='line_1_12' title="bbox 70 1544 1258 1631; baseline -0.003 -11"><span class='ocrx_word' id='word_1_101' title='bbox 70 1552 203 1619; x_wconf 75' lang='grc' dir='ltr'><em>Λύκειον</em></span> <span class='ocrx_word' id='word_1_102' title='bbox 224 1548 398 1630; x_wconf 84' lang='grc' dir='ltr'><em>γυμνύοιον</em></span> <span class='ocrx_word' id='word_1_103' title='bbox 418 1549 578 1624; x_wconf 76' lang='grc' dir='ltr'><em>’Λύύνκοιν</em></span> <span class='ocrx_word' id='word_1_104' title='bbox 607 1544 682 1614; x_wconf 74' lang='grc' dir='ltr'><em>ὅπου</em></span> <span class='ocrx_word' id='word_1_105' title='bbox 706 1548 762 1629; x_wconf 77' lang='grc' dir='ltr'><em>πρὸ</em></span> <span class='ocrx_word' id='word_1_106' title='bbox 786 1551 840 1612; x_wconf 81' lang='grc' dir='ltr'><strong>τοῦ</strong></span> <span class='ocrx_word' id='word_1_107' title='bbox 865 1546 1001 1625; x_wconf 81' lang='grc' dir='ltr'><em>πολέμου</em></span> <span class='ocrx_word' id='word_1_108' title='bbox 1025 1548 1258 1631; x_wconf 73' lang='grc' dir='ltr'><em>ἐγυμνάζοντο,</em></span> 
     </span>
     <span class='ocr_line' id='line_1_13' title="bbox 72 1651 817 1744; baseline -0.008 -21"><span class='ocrx_word' id='word_1_109' title='bbox 72 1675 158 1744; x_wconf 88' lang='lat' dir='ltr'><strong>quae</strong></span> <span class='ocrx_word' id='word_1_110' title='bbox 179 1656 309 1743; x_wconf 88' lang='lat' dir='ltr'><strong>egregie</strong></span> <span class='ocrx_word' id='word_1_111' title='bbox 331 1652 371 1719; x_wconf 91' lang='lat' dir='ltr'><strong>ad</strong></span> <span class='ocrx_word' id='word_1_112' title='bbox 396 1673 465 1719; x_wconf 90' lang='lat' dir='ltr'><strong>rem</strong></span> <span class='ocrx_word' id='word_1_113' title='bbox 491 1651 633 1729; x_wconf 85' lang='lat' dir='ltr'><strong>iaciunt,</strong></span> <span class='ocrx_word' id='word_1_114' title='bbox 657 1660 694 1717; x_wconf 93' lang='lat' dir='ltr'><strong>ut</strong></span> <span class='ocrx_word' id='word_1_115' title='bbox 717 1651 817 1719; x_wconf 85' lang='lat' dir='ltr'><strong>vides.</strong></span> 
     </span>
    </p>

    <p class='ocr_par' dir='ltr' id='par_1_3' title="bbox 71 1756 1265 3112">
     <span class='ocr_line' id='line_1_14' title="bbox 117 1756 1261 1847; baseline -0.001 -18"><span class='ocrx_word' id='word_1_116' title='bbox 117 1764 182 1839; x_wconf 80' lang='lat' dir='ltr'><strong>nt,</strong></span> <span class='ocrx_word' id='word_1_117' title='bbox 205 1760 324 1828; x_wconf 84' lang='lat' dir='ltr'><strong>dixerit</strong></span> <span class='ocrx_word' id='word_1_118' title='bbox 344 1758 484 1845; x_wconf 81' lang='lat' dir='ltr'><strong>aliquis,</strong></span> <span class='ocrx_word' id='word_1_119' title='bbox 508 1758 570 1823; x_wconf 87' lang='lat' dir='ltr'><strong>ista</strong></span> <span class='ocrx_word' id='word_1_120' title='bbox 592 1756 712 1823; x_wconf 87' lang='lat' dir='ltr'><strong>scholia</strong></span> <span class='ocrx_word' id='word_1_121' title='bbox 733 1757 873 1843; x_wconf 83' lang='lat' dir='ltr'><strong>aliquem</strong></span> <span class='ocrx_word' id='word_1_122' title='bbox 897 1777 990 1824; x_wconf 91' lang='lat' dir='ltr'><strong>usum</strong></span> <span class='ocrx_word' id='word_1_123' title='bbox 1015 1760 1167 1827; x_wconf 90' lang='lat' dir='ltr'><strong>criticum</strong></span> <span class='ocrx_word' id='word_1_124' title='bbox 1191 1782 1261 1847; x_wconf 92' lang='lat' dir='ltr'><strong>pos·</strong></span> 
     </span>
     <span class='ocr_line' id='line_1_15' title="bbox 73 1862 1264 1951; baseline -0.001 -16"><span class='ocrx_word' id='word_1_125' title='bbox 73 1876 151 1935; x_wconf 87' lang='lat' dir='ltr'><strong>sunt</strong></span> <span class='ocrx_word' id='word_1_126' title='bbox 176 1865 305 1933; x_wconf 87' lang='lat' dir='ltr'><strong>habere.</strong></span> <span class='ocrx_word' id='word_1_127' title='bbox 352 1864 409 1930; x_wconf 83' lang='lat' dir='ltr'><strong>Est</strong></span> <span class='ocrx_word' id='word_1_128' title='bbox 435 1862 569 1929; x_wconf 82' lang='lat' dir='ltr'><strong>tortasse</strong></span> <span class='ocrx_word' id='word_1_129' title='bbox 601 1883 716 1949; x_wconf 87' lang='lat' dir='ltr'><strong>operae</strong></span> <span class='ocrx_word' id='word_1_130' title='bbox 740 1864 879 1950; x_wconf 89' lang='lat' dir='ltr'><strong>pretium</strong></span> <span class='ocrx_word' id='word_1_131' title='bbox 905 1862 1014 1929; x_wconf 84' lang='lat' dir='ltr'><strong>ridere</strong></span> <span class='ocrx_word' id='word_1_132' title='bbox 1045 1885 1124 1951; x_wconf 89' lang='lat' dir='ltr'><strong>quas</strong></span> <span class='ocrx_word' id='word_1_133' title='bbox 1149 1867 1203 1933; x_wconf 90' lang='lat' dir='ltr'><strong>isti</strong></span> <span class='ocrx_word' id='word_1_134' title='bbox 1228 1866 1264 1934; x_wconf 89' lang='lat' dir='ltr'><strong>iu</strong></span> 
     </span>
     <span class='ocr_line' id='line_1_16' title="bbox 72 1969 1261 2059; baseline -0.002 -18"><span class='ocrx_word' id='word_1_135' title='bbox 72 1974 143 2041; x_wconf 78' lang='lat' dir='ltr'><strong>suis</strong></span> <span class='ocrx_word' id='word_1_136' title='bbox 175 1970 452 2043; x_wconf 76' lang='lat' dir='ltr'><strong>librislectioues</strong></span> <span class='ocrx_word' id='word_1_137' title='bbox 478 1971 668 2056; x_wconf 88' lang='lat' dir='ltr'><strong>repererint.</strong></span> <span class='ocrx_word' id='word_1_138' title='bbox 716 1970 783 2036; x_wconf 90' lang='lat' dir='ltr'><strong>Nou</strong></span> <span class='ocrx_word' id='word_1_139' title='bbox 809 1980 879 2036; x_wconf 88' lang='lat' dir='ltr'><strong>est:</strong></span> <span class='ocrx_word' id='word_1_140' title='bbox 913 1990 986 2035; x_wconf 92' lang='lat' dir='ltr'><strong>uam</strong></span> <span class='ocrx_word' id='word_1_141' title='bbox 1020 1969 1104 2057; x_wconf 92' lang='lat' dir='ltr'><strong>quod</strong></span> <span class='ocrx_word' id='word_1_142' title='bbox 1139 1992 1261 2059; x_wconf 81' lang='lat' dir='ltr'><strong>esqtun·</strong></span> 
     </span>
     <span class='ocr_line' id='line_1_17' title="bbox 71 2074 1261 2167; baseline 0.001 -22"><span class='ocrx_word' id='word_1_143' title='bbox 71 2088 155 2167; x_wconf 87' lang='lat' dir='ltr'><strong>gunt</strong></span> <span class='ocrx_word' id='word_1_144' title='bbox 183 2076 342 2144; x_wconf 87' lang='lat' dir='ltr'><strong>emblema</strong></span> <span class='ocrx_word' id='word_1_145' title='bbox 362 2076 386 2143; x_wconf 94' lang='lat' dir='ltr'><strong>l.</strong></span> <span class='ocrx_word' id='word_1_146' title='bbox 411 2097 439 2140; x_wconf 89' lang='grc' dir='ltr'><strong>ν.</strong></span> <span class='ocrx_word' id='word_1_147' title='bbox 466 2081 496 2141; x_wconf 76' lang='grc' dir='ltr'><strong>ὅ.</strong></span> <span class='ocrx_word' id='word_1_148' title='bbox 521 2074 561 2141; x_wconf 90' lang='lat' dir='ltr'><strong>ad</strong></span> <span class='ocrx_word' id='word_1_149' title='bbox 593 2074 674 2149; x_wconf 78' lang='grc' dir='ltr'><em>ὅνους</em></span> <span class='ocrx_word' id='word_1_150' title='bbox 698 2076 817 2148; x_wconf 69' lang='grc' dir='ltr'><em>ἀλέτας</em></span> <span class='ocrx_word' id='word_1_151' title='bbox 847 2076 880 2140; x_wconf 90' lang='lat' dir='ltr'><strong>in</strong></span> <span class='ocrx_word' id='word_1_152' title='bbox 906 2075 1069 2141; x_wconf 81' lang='lat' dir='ltr'><strong>norrrmllis</strong></span> <span class='ocrx_word' id='word_1_153' title='bbox 1091 2075 1184 2144; x_wconf 87' lang='lat' dir='ltr'><strong>libris</strong></span> <span class='ocrx_word' id='word_1_154' title='bbox 1207 2080 1261 2146; x_wconf 92' lang='lat' dir='ltr'><strong>ad·</strong></span> 
     </span>
     <span class='ocr_line' id='line_1_18' title="bbox 75 2180 1261 2271; baseline 0.002 -20"><span class='ocrx_word' id='word_1_155' title='bbox 75 2184 234 2271; x_wconf 84' lang='lat' dir='ltr'><strong>scriptum</strong></span> <span class='ocrx_word' id='word_1_156' title='bbox 263 2180 326 2271; x_wconf 82' lang='grc' dir='ltr'><strong>[οὓς</strong></span> <span class='ocrx_word' id='word_1_157' title='bbox 356 2186 445 2261; x_wconf 75' lang='grc' dir='ltr'><em>ἡμεῖς</em></span> <span class='ocrx_word' id='word_1_158' title='bbox 470 2183 609 2261; x_wconf 82' lang='grc' dir='ltr'><em>μύλοις,</em></span> <span class='ocrx_word' id='word_1_159' title='bbox 640 2184 666 2247; x_wconf 82' lang='grc' dir='ltr'><strong>οἱ</strong></span> <span class='ocrx_word' id='word_1_160' title='bbox 688 2182 719 2248; x_wconf 74' lang='grc' dir='ltr'><strong>δὲ</strong></span> <span class='ocrx_word' id='word_1_161' title='bbox 743 2183 879 2247; x_wconf 81' lang='grc' dir='ltr'><em>Ἀττικοὶ</em></span> <span class='ocrx_word' id='word_1_162' title='bbox 904 2182 1023 2270; x_wconf 82' lang='grc' dir='ltr'><em>μύλας]</em></span> <span class='ocrx_word' id='word_1_163' title='bbox 1060 2182 1112 2249; x_wconf 89' lang='lat' dir='ltr'><strong>his</strong></span> <span class='ocrx_word' id='word_1_164' title='bbox 1135 2185 1261 2253; x_wconf 86' lang='lat' dir='ltr'><strong>verbis:</strong></span> 
     </span>
     <span class='ocr_line' id='line_1_19' title="bbox 72 2286 1262 2370; baseline 0 -13"><span class='ocrx_word' id='word_1_165' title='bbox 72 2288 168 2365; x_wconf 87' lang='grc' dir='ltr'><em>υύτυις</em></span> <span class='ocrx_word' id='word_1_166' title='bbox 202 2286 326 2370; x_wconf 76' lang='lat' dir='ltr'><strong>adparet</strong></span> <span class='ocrx_word' id='word_1_167' title='bbox 362 2290 393 2352; x_wconf 80' lang='grc' dir='ltr'><strong>ἐν</strong></span> <span class='ocrx_word' id='word_1_168' title='bbox 434 2288 518 2353; x_wconf 78' lang='grc' dir='ltr'><em>δυσὶν</em></span> <span class='ocrx_word' id='word_1_169' title='bbox 553 2286 781 2368; x_wconf 71' lang='grc' dir='ltr'><em>ἀντιγράφοις,</em></span> <span class='ocrx_word' id='word_1_170' title='bbox 814 2286 859 2356; x_wconf 75' lang='grc' dir='ltr'><strong>ἔτι</strong></span> <span class='ocrx_word' id='word_1_171' title='bbox 896 2286 926 2351; x_wconf 78' lang='grc' dir='ltr'><strong>δὲ</strong></span> <span class='ocrx_word' id='word_1_172' title='bbox 961 2292 1014 2352; x_wconf 84' lang='grc' dir='ltr'><strong>τοῦ</strong></span> <span class='ocrx_word' id='word_1_173' title='bbox 1051 2288 1164 2355; x_wconf 79' lang='grc' dir='ltr'><em>οὶλὲτου</em></span> <span class='ocrx_word' id='word_1_174' title='bbox 1198 2289 1262 2357; x_wconf 81' lang='grc' dir='ltr'><em>ὄνου</em></span> 
     </span>
     <span class='ocr_line' id='line_1_20' title="bbox 74 2390 1262 2476; baseline 0 -15"><span class='ocrx_word' id='word_1_175' title='bbox 74 2394 250 2475; x_wconf 75' lang='grc' dir='ltr'><em>ύξιργιιπικοὶ</em></span> <span class='ocrx_word' id='word_1_176' title='bbox 273 2392 334 2459; x_wconf 87' lang='grc' dir='ltr'><strong>ύπύ</strong></span> <span class='ocrx_word' id='word_1_177' title='bbox 357 2417 435 2466; x_wconf 87' lang='grc' dir='ltr'><em>τινος</em></span> <span class='ocrx_word' id='word_1_178' title='bbox 469 2393 540 2465; x_wconf 67' lang='lat' dir='ltr'><strong>icas</strong></span> <span class='ocrx_word' id='word_1_179' title='bbox 557 2396 622 2458; x_wconf 78' lang='grc' dir='ltr'><strong>τῶν</strong></span> <span class='ocrx_word' id='word_1_180' title='bbox 655 2390 954 2473; x_wconf 73' lang='grc' dir='ltr'><em>μεταγραφομένων</em></span> <span class='ocrx_word' id='word_1_181' title='bbox 982 2392 1170 2476; x_wconf 77' lang='grc' dir='ltr'><em>ύμαύέςερον</em></span> <span class='ocrx_word' id='word_1_182' title='bbox 1202 2421 1262 2462; x_wconf 87' lang='grc' dir='ltr'><em>ιτα-</em></span> 
     </span>
     <span class='ocr_line' id='line_1_21' title="bbox 73 2494 1263 2587; baseline 0.003 -21"><span class='ocrx_word' id='word_1_183' title='bbox 73 2498 314 2585; x_wconf 81' lang='grc' dir='ltr'><em>ριμβλκύέντα,</em></span> <span class='ocrx_word' id='word_1_184' title='bbox 346 2507 378 2563; x_wconf 83' lang='lat' dir='ltr'><strong>et</strong></span> <span class='ocrx_word' id='word_1_185' title='bbox 401 2499 434 2562; x_wconf 93' lang='lat' dir='ltr'><strong>in</strong></span> <span class='ocrx_word' id='word_1_186' title='bbox 459 2496 645 2564; x_wconf 82' lang='lat' dir='ltr'><strong>melioribus</strong></span> <span class='ocrx_word' id='word_1_187' title='bbox 674 2496 765 2563; x_wconf 87' lang='lat' dir='ltr'><strong>libris</strong></span> <span class='ocrx_word' id='word_1_188' title='bbox 799 2497 861 2561; x_wconf 90' lang='lat' dir='ltr'><strong>ista</strong></span> <span class='ocrx_word' id='word_1_189' title='bbox 881 2494 1034 2579; x_wconf 88' lang='lat' dir='ltr'><strong>leguntur</strong></span> <span class='ocrx_word' id='word_1_190' title='bbox 1058 2500 1091 2563; x_wconf 93' lang='lat' dir='ltr'><strong>in</strong></span> <span class='ocrx_word' id='word_1_191' title='bbox 1117 2502 1263 2587; x_wconf 80' lang='lat' dir='ltr'><strong>margine</strong></span> 
     </span>
     <span class='ocr_line' id='line_1_22' title="bbox 75 2602 1263 2695; baseline -0.001 -20"><span class='ocrx_word' id='word_1_192' title='bbox 75 2608 204 2695; x_wconf 86' lang='lat' dir='ltr'><strong>appicta</strong></span> <span class='ocrx_word' id='word_1_193' title='bbox 234 2612 268 2672; x_wconf 88' lang='lat' dir='ltr'><strong>et</strong></span> <span class='ocrx_word' id='word_1_194' title='bbox 302 2610 370 2669; x_wconf 84' lang='lat' dir='ltr'><strong>tam</strong></span> <span class='ocrx_word' id='word_1_195' title='bbox 402 2602 609 2670; x_wconf 75' lang='lat' dir='ltr'><strong>manifestum</strong></span> <span class='ocrx_word' id='word_1_196' title='bbox 649 2613 698 2670; x_wconf 90' lang='lat' dir='ltr'><strong>est</strong></span> <span class='ocrx_word' id='word_1_197' title='bbox 728 2602 984 2669; x_wconf 89' lang='lat' dir='ltr'><strong>additamentum</strong></span> <span class='ocrx_word' id='word_1_198' title='bbox 1020 2611 1056 2669; x_wconf 92' lang='lat' dir='ltr'><strong>ut</strong></span> <span class='ocrx_word' id='word_1_199' title='bbox 1087 2604 1135 2671; x_wconf 86' lang='lat' dir='ltr'><strong>vel</strong></span> <span class='ocrx_word' id='word_1_200' title='bbox 1170 2608 1263 2692; x_wconf 90' lang='lat' dir='ltr'><strong>pueri</strong></span> 
     </span>
     <span class='ocr_line' id='line_1_23' title="bbox 77 2707 1265 2783; baseline 0.001 -4"><span class='ocrx_word' id='word_1_201' title='bbox 77 2710 209 2779; x_wconf 80' lang='lat' dir='ltr'><strong>videant</strong></span> <span class='ocrx_word' id='word_1_202' title='bbox 239 2728 310 2777; x_wconf 88' lang='lat' dir='ltr'><strong>esse</strong></span> <span class='ocrx_word' id='word_1_203' title='bbox 329 2708 566 2783; x_wconf 80' lang='lat' dir='ltr'><strong>resecandum.</strong></span> <span class='ocrx_word' id='word_1_204' title='bbox 615 2709 650 2775; x_wconf 92' lang='lat' dir='ltr'><strong>lu</strong></span> <span class='ocrx_word' id='word_1_205' title='bbox 681 2707 888 2776; x_wconf 84' lang='lat' dir='ltr'><strong>caeterisve}</strong></span> <span class='ocrx_word' id='word_1_206' title='bbox 913 2708 1163 2778; x_wconf 81' lang='lat' dir='ltr'><strong>absurdissimas</strong></span> <span class='ocrx_word' id='word_1_207' title='bbox 1186 2716 1265 2780; x_wconf 90' lang='lat' dir='ltr'><strong>seri·</strong></span> 
     </span>
     <span class='ocr_line' id='line_1_24' title="bbox 75 2814 1264 2905; baseline -0.001 -19"><span class='ocrx_word' id='word_1_208' title='bbox 75 2826 191 2905; x_wconf 85' lang='lat' dir='ltr'><strong>pluras</strong></span> <span class='ocrx_word' id='word_1_209' title='bbox 211 2814 318 2881; x_wconf 86' lang='lat' dir='ltr'><strong>securi</strong></span> <span class='ocrx_word' id='word_1_210' title='bbox 336 2816 607 2901; x_wconf 85' lang='lat' dir='ltr'><strong>interpretantur,</strong></span> <span class='ocrx_word' id='word_1_211' title='bbox 628 2814 729 2881; x_wconf 82' lang='lat' dir='ltr'><strong>veluti</strong></span> <span class='ocrx_word' id='word_1_212' title='bbox 749 2814 804 2879; x_wconf 93' lang='lat' dir='ltr'><strong>lll.</strong></span> <span class='ocrx_word' id='word_1_213' title='bbox 818 2835 850 2879; x_wconf 90' lang='lat' dir='ltr'><strong>lt.</strong></span> <span class='ocrx_word' id='word_1_214' title='bbox 872 2818 925 2879; x_wconf 71' lang='lat'><strong>26.</strong></span> <span class='ocrx_word' id='word_1_215' title='bbox 949 2816 1077 2896; x_wconf 74' lang='grc' dir='ltr'><em>κλήρους</em></span> <span class='ocrx_word' id='word_1_216' title='bbox 1097 2837 1155 2904; x_wconf 90' lang='lat' dir='ltr'><strong>pro</strong></span> <span class='ocrx_word' id='word_1_217' title='bbox 1167 2822 1264 2898; x_wconf 73' lang='grc' dir='ltr'><em>ιὶκλή-</em></span> 
     </span>
     <span class='ocr_line' id='line_1_25' title="bbox 73 2918 1265 3005; baseline 0.004 -18"><span class='ocrx_word' id='word_1_218' title='bbox 73 2918 368 3005; x_wconf 73' lang='lat' dir='ltr'><strong>pove,ellll.1v.</strong></span> <span class='ocrx_word' id='word_1_219' title='bbox 394 2924 447 2986; x_wconf 71' lang='lat'><strong>⁶25.</strong></span> <span class='ocrx_word' id='word_1_220' title='bbox 481 2921 548 2985; x_wconf 76' lang='grc' dir='ltr'><strong>ἐπεὶ</strong></span> <span class='ocrx_word' id='word_1_221' title='bbox 585 2923 744 3003; x_wconf 72' lang='grc' dir='ltr'><em>τοιρῄετοιν</em></span> <span class='ocrx_word' id='word_1_222' title='bbox 768 2939 826 3005; x_wconf 88' lang='lat' dir='ltr'><strong>pro</strong></span> <span class='ocrx_word' id='word_1_223' title='bbox 858 2922 1076 3003; x_wconf 75' lang='grc' dir='ltr'><em>ἐπιπαρῇσαν,</em></span> <span class='ocrx_word' id='word_1_224' title='bbox 1100 2931 1132 2989; x_wconf 87' lang='lat' dir='ltr'><strong>el</strong></span> <span class='ocrx_word' id='word_1_225' title='bbox 1155 2923 1209 2990; x_wconf 90' lang='lat' dir='ltr'><strong>lV.</strong></span> <span class='ocrx_word' id='word_1_226' title='bbox 1234 2947 1265 2992; x_wconf 86' lang='grc' dir='ltr'><strong>ι.</strong></span> 
     </span>
     <span class='ocr_line' id='line_1_26' title="bbox 77 3025 787 3112; baseline -0.008 -15"><span class='ocrx_word' id='word_1_227' title='bbox 77 3032 132 3097; x_wconf 74' lang='grc'><strong>55.</strong></span> <span class='ocrx_word' id='word_1_228' title='bbox 156 3028 231 3101; x_wconf 83' lang='grc' dir='ltr'><em>νέοις</em></span> <span class='ocrx_word' id='word_1_229' title='bbox 255 3046 313 3112; x_wconf 90' lang='lat' dir='ltr'><strong>pro</strong></span> <span class='ocrx_word' id='word_1_230' title='bbox 336 3026 449 3101; x_wconf 79' lang='grc' dir='ltr'><em>ἐνεοῖς,</em></span> <span class='ocrx_word' id='word_1_231' title='bbox 473 3025 599 3111; x_wconf 88' lang='lat' dir='ltr'><strong>aliaque</strong></span> <span class='ocrx_word' id='word_1_232' title='bbox 623 3026 654 3091; x_wconf 92' lang='lat' dir='ltr'><strong>id</strong></span> <span class='ocrx_word' id='word_1_233' title='bbox 675 3045 787 3112; x_wconf 90' lang='lat' dir='ltr'><strong>genus.</strong></span> 
     </span>
    </p>

    <p class='ocr_par' dir='ltr' id='par_1_4' title="bbox 75 3130 1266 3657">
     <span class='ocr_line' id='line_1_27' title="bbox 123 3130 1265 3219; baseline 0.003 -18"><span class='ocrx_word' id='word_1_234' title='bbox 123 3130 252 3201; x_wconf 85' lang='lat' dir='ltr'><strong>Scholia</strong></span> <span class='ocrx_word' id='word_1_235' title='bbox 276 3132 345 3219; x_wconf 86' lang='lat' dir='ltr'><strong>ipsa</strong></span> <span class='ocrx_word' id='word_1_236' title='bbox 374 3132 494 3217; x_wconf 84' lang='lat' dir='ltr'><strong>passim</strong></span> <span class='ocrx_word' id='word_1_237' title='bbox 527 3131 678 3199; x_wconf 83' lang='lat' dir='ltr'><strong>rnerrdosa</strong></span> <span class='ocrx_word' id='word_1_238' title='bbox 703 3139 835 3197; x_wconf 88' lang='lat' dir='ltr'><strong>suntet</strong></span> <span class='ocrx_word' id='word_1_239' title='bbox 860 3130 1067 3216; x_wconf 80' lang='lat' dir='ltr'><strong>indiligenter</strong></span> <span class='ocrx_word' id='word_1_240' title='bbox 1098 3153 1136 3200; x_wconf 86' lang='lat' dir='ltr'><strong>ex</strong></span> <span class='ocrx_word' id='word_1_241' title='bbox 1168 3133 1265 3204; x_wconf 85' lang='lat' dir='ltr'><strong>Godd.</strong></span> 
     </span>
     <span class='ocr_line' id='line_1_28' title="bbox 77 3234 1265 3327; baseline 0.002 -22"><span class='ocrx_word' id='word_1_242' title='bbox 77 3238 265 3324; x_wconf 79' lang='lat' dir='ltr'><strong>descripta,</strong></span> <span class='ocrx_word' id='word_1_243' title='bbox 297 3246 335 3303; x_wconf 84' lang='lat' dir='ltr'><strong>ul</strong></span> <span class='ocrx_word' id='word_1_244' title='bbox 358 3235 381 3301; x_wconf 92' lang='lat' dir='ltr'><strong>l.</strong></span> <span class='ocrx_word' id='word_1_245' title='bbox 407 3256 448 3301; x_wconf 83' lang='grc' dir='ltr'><strong>ιν.</strong></span> <span class='ocrx_word' id='word_1_246' title='bbox 476 3241 528 3303; x_wconf 87' lang='grc'><strong>18.</strong></span> <span class='ocrx_word' id='word_1_247' title='bbox 564 3258 633 3311; x_wconf 73' lang='lat' dir='ltr'><strong>aa·</strong></span> <span class='ocrx_word' id='word_1_248' title='bbox 666 3234 711 3303; x_wconf 82' lang='grc' dir='ltr'><strong>ύτι</strong></span> <span class='ocrx_word' id='word_1_249' title='bbox 742 3238 843 3316; x_wconf 80' lang='grc' dir='ltr'><em>βατύς</em></span> <span class='ocrx_word' id='word_1_250' title='bbox 875 3238 890 3301; x_wconf 85' lang='lat' dir='ltr'><strong>d</strong></span> <span class='ocrx_word' id='word_1_251' title='bbox 922 3238 1093 3319; x_wconf 80' lang='grc' dir='ltr'><em>Εὐφρούτκς</em></span> <span class='ocrx_word' id='word_1_252' title='bbox 1123 3260 1181 3327; x_wconf 86' lang='lat' dir='ltr'><strong>pro</strong></span> <span class='ocrx_word' id='word_1_253' title='bbox 1212 3268 1265 3318; x_wconf 79' lang='grc' dir='ltr'><em>τις·</em></span> 
     </span>
     <span class='ocr_line' id='line_1_29' title="bbox 75 3340 1265 3427; baseline 0.004 -17"><span class='ocrx_word' id='word_1_254' title='bbox 75 3344 235 3425; x_wconf 76' lang='lat' dir='ltr'><strong>peierat,</strong></span> <span class='ocrx_word' id='word_1_255' title='bbox 260 3340 305 3409; x_wconf 83' lang='grc' dir='ltr'><strong>ύτι</strong></span> <span class='ocrx_word' id='word_1_256' title='bbox 329 3378 397 3420; x_wconf 87' lang='grc'><strong>-,</strong></span> <span class='ocrx_word' id='word_1_257' title='bbox 420 3349 453 3406; x_wconf 90' lang='lat' dir='ltr'><strong>ot</strong></span> <span class='ocrx_word' id='word_1_258' title='bbox 478 3342 628 3408; x_wconf 88' lang='lat' dir='ltr'><strong>similiter</strong></span> <span class='ocrx_word' id='word_1_259' title='bbox 650 3342 718 3427; x_wconf 92' lang='lat' dir='ltr'><strong>legc</strong></span> <span class='ocrx_word' id='word_1_260' title='bbox 742 3342 766 3407; x_wconf 94' lang='lat' dir='ltr'><strong>l.</strong></span> <span class='ocrx_word' id='word_1_261' title='bbox 792 3362 845 3405; x_wconf 86' lang='lat' dir='ltr'><strong>vn.</strong></span> <span class='ocrx_word' id='word_1_262' title='bbox 872 3346 934 3408; x_wconf 88' lang='lat'><strong>18:</strong></span> <span class='ocrx_word' id='word_1_263' title='bbox 959 3343 1195 3425; x_wconf 82' lang='grc' dir='ltr'><em>ονμείυοαι,</em></span> <span class='ocrx_word' id='word_1_264' title='bbox 1218 3346 1265 3415; x_wconf 82' lang='grc' dir='ltr'><strong>ύτι</strong></span> 
     </span>
     <span class='ocr_line' id='line_1_30' title="bbox 75 3446 1265 3536; baseline 0.003 -19"><span class='ocrx_word' id='word_1_265' title='bbox 75 3452 105 3517; x_wconf 82' lang='lat' dir='ltr'><strong>ai</strong></span> <span class='ocrx_word' id='word_1_266' title='bbox 127 3448 274 3531; x_wconf 72' lang='grc' dir='ltr'><em>δισχίλιοι</em></span> <span class='ocrx_word' id='word_1_267' title='bbox 298 3447 430 3527; x_wconf 76' lang='grc' dir='ltr'><em>δαρεικοί</em></span> <span class='ocrx_word' id='word_1_268' title='bbox 462 3450 527 3513; x_wconf 84' lang='grc' dir='ltr'><strong>κτὲ.</strong></span> <span class='ocrx_word' id='word_1_269' title='bbox 558 3468 615 3534; x_wconf 90' lang='lat' dir='ltr'><strong>pro</strong></span> <span class='ocrx_word' id='word_1_270' title='bbox 638 3448 689 3536; x_wconf 75' lang='grc' dir='ltr'><em>τις)</em></span> <span class='ocrx_word' id='word_1_271' title='bbox 715 3446 771 3514; x_wconf 84' lang='grc' dir='ltr'><em>ύτι.</em></span> <span class='ocrx_word' id='word_1_272' title='bbox 820 3448 962 3533; x_wconf 84' lang='lat' dir='ltr'><strong>Turpius</strong></span> <span class='ocrx_word' id='word_1_273' title='bbox 987 3451 1088 3516; x_wconf 90' lang='lat' dir='ltr'><strong>multo</strong></span> <span class='ocrx_word' id='word_1_274' title='bbox 1112 3454 1265 3521; x_wconf 90' lang='lat' dir='ltr'><strong>mendum</strong></span> 
     </span>
     <span class='ocr_line' id='line_1_31' title="bbox 76 3554 1266 3657; baseline 0.007 -36"><span class='ocrx_word' id='word_1_275' title='bbox 76 3554 221 3657; x_wconf 56' lang='lat' dir='ltr'><strong>eetXl-l.</strong></span> <span class='ocrx_word' id='word_1_276' title='bbox 245 3574 311 3619; x_wconf 86' lang='grc' dir='ltr'><em>νιιι.</em></span> <span class='ocrx_word' id='word_1_277' title='bbox 337 3557 391 3619; x_wconf 70' lang='lat'><strong>25.</strong></span> <span class='ocrx_word' id='word_1_278' title='bbox 422 3556 473 3619; x_wconf 83' lang='grc' dir='ltr'><strong>τὸν</strong></span> <span class='ocrx_word' id='word_1_279' title='bbox 498 3556 527 3619; x_wconf 87' lang='grc' dir='ltr'><strong>ἐν</strong></span> <span class='ocrx_word' id='word_1_280' title='bbox 551 3554 639 3633; x_wconf 77' lang='grc' dir='ltr'><em>λέγει</em></span> <span class='ocrx_word' id='word_1_281' title='bbox 666 3574 721 3640; x_wconf 89' lang='lat' dir='ltr'><strong>pro</strong></span> <span class='ocrx_word' id='word_1_282' title='bbox 744 3556 796 3620; x_wconf 82' lang='grc' dir='ltr'><strong>τὸν</strong></span> <span class='ocrx_word' id='word_1_283' title='bbox 819 3554 882 3619; x_wconf 79' lang='grc' dir='ltr'><em>θεὸν</em></span> <span class='ocrx_word' id='word_1_284' title='bbox 905 3554 1016 3633; x_wconf 83' lang='grc' dir='ltr'><em>λέγει,</em></span> <span class='ocrx_word' id='word_1_285' title='bbox 1040 3558 1182 3626; x_wconf 80' lang='lat' dir='ltr'><strong>confusis</strong></span> <span class='ocrx_word' id='word_1_286' title='bbox 1206 3572 1266 3629; x_wconf 86' lang='lat' dir='ltr'><strong>EN</strong></span> 
     </span>
    </p>
   </div>
   <div class='ocr_carea' id='block_1_3' title="bbox 78 3663 1268 3755">
    <p class='ocr_par' dir='ltr' id='par_1_5' title="bbox 78 3663 1268 3755">
     <span class='ocr_line' id='line_1_32' title="bbox 78 3663 1268 3755; baseline 0.003 -20"><span class='ocrx_word' id='word_1_287' title='bbox 78 3676 114 3735; x_wconf 77' lang='lat' dir='ltr'><strong>et</strong></span> <span class='ocrx_word' id='word_1_288' title='bbox 137 3674 210 3733; x_wconf 85' lang='grc' dir='ltr'><strong>ΘΝ.</strong></span> <span class='ocrx_word' id='word_1_289' title='bbox 248 3673 281 3733; x_wconf 89' lang='lat' dir='ltr'><strong>et</strong></span> <span class='ocrx_word' id='word_1_290' title='bbox 304 3675 381 3731; x_wconf 89' lang='lat' dir='ltr'><strong>sunt</strong></span> <span class='ocrx_word' id='word_1_291' title='bbox 405 3666 468 3731; x_wconf 91' lang='lat' dir='ltr'><strong>alia</strong></span> <span class='ocrx_word' id='word_1_292' title='bbox 494 3663 608 3749; x_wconf 91' lang='lat' dir='ltr'><strong>plura,</strong></span> <span class='ocrx_word' id='word_1_293' title='bbox 640 3664 696 3730; x_wconf 89' lang='lat' dir='ltr'><strong>scd</strong></span> <span class='ocrx_word' id='word_1_294' title='bbox 731 3667 834 3731; x_wconf 92' lang='lat' dir='ltr'><strong>satius</strong></span> <span class='ocrx_word' id='word_1_295' title='bbox 865 3676 915 3733; x_wconf 89' lang='lat' dir='ltr'><strong>est</strong></span> <span class='ocrx_word' id='word_1_296' title='bbox 939 3688 1043 3755; x_wconf 91' lang='lat' dir='ltr'><strong>neque</strong></span> <span class='ocrx_word' id='word_1_297' title='bbox 1066 3670 1098 3734; x_wconf 91' lang='lat' dir='ltr'><strong>in</strong></span> <span class='ocrx_word' id='word_1_298' title='bbox 1123 3669 1268 3755; x_wconf 87' lang='lat' dir='ltr'><strong>legendis</strong></span> 
     </span>
    </p>
   </div>
   <div class='ocr_carea' id='block_1_4' title="bbox 78 3770 1274 4499">
    <p class='ocr_par' dir='ltr' id='par_1_6' title="bbox 78 3770 1268 4177">
     <span class='ocr_line' id='line_1_33' title="bbox 79 3770 1268 3864; baseline 0.002 -23"><span class='ocrx_word' id='word_1_299' title='bbox 79 3790 187 3859; x_wconf 84' lang='lat' dir='ltr'><strong>neque</strong></span> <span class='ocrx_word' id='word_1_300' title='bbox 217 3771 251 3837; x_wconf 94' lang='lat' dir='ltr'><strong>in</strong></span> <span class='ocrx_word' id='word_1_301' title='bbox 283 3771 484 3857; x_wconf 80' lang='lat' dir='ltr'><strong>corrigendis</strong></span> <span class='ocrx_word' id='word_1_302' title='bbox 514 3770 697 3836; x_wconf 88' lang='lat' dir='ltr'><strong>istiusmodi</strong></span> <span class='ocrx_word' id='word_1_303' title='bbox 731 3772 916 3858; x_wconf 83' lang='lat' dir='ltr'><strong>quisquiliis</strong></span> <span class='ocrx_word' id='word_1_304' title='bbox 949 3774 1048 3841; x_wconf 88' lang='lat' dir='ltr'><strong>bonas</strong></span> <span class='ocrx_word' id='word_1_305' title='bbox 1080 3776 1176 3842; x_wconf 89' lang='lat' dir='ltr'><strong>horas</strong></span> <span class='ocrx_word' id='word_1_306' title='bbox 1198 3797 1268 3864; x_wconf 90' lang='lat' dir='ltr'><strong>per·</strong></span> 
     </span>
     <span class='ocr_line' id='line_1_34' title="bbox 79 3875 1268 3967; baseline 0.003 -23"><span class='ocrx_word' id='word_1_307' title='bbox 79 3876 180 3955; x_wconf 86' lang='lat' dir='ltr'><strong>dere,</strong></span> <span class='ocrx_word' id='word_1_308' title='bbox 210 3895 291 3962; x_wconf 90' lang='lat' dir='ltr'><strong>quas</strong></span> <span class='ocrx_word' id='word_1_309' title='bbox 315 3885 347 3943; x_wconf 91' lang='lat' dir='ltr'><strong>et</strong></span> <span class='ocrx_word' id='word_1_310' title='bbox 374 3897 391 3942; x_wconf 89' lang='lat' dir='ltr'><strong>a</strong></span> <span class='ocrx_word' id='word_1_311' title='bbox 416 3875 580 3943; x_wconf 85' lang='lat' dir='ltr'><strong>iliadorfio</strong></span> <span class='ocrx_word' id='word_1_312' title='bbox 615 3875 728 3942; x_wconf 87' lang='lat' dir='ltr'><strong>nollem</strong></span> <span class='ocrx_word' id='word_1_313' title='bbox 759 3897 797 3943; x_wconf 90' lang='lat' dir='ltr'><strong>cx</strong></span> <span class='ocrx_word' id='word_1_314' title='bbox 822 3879 887 3944; x_wconf 91' lang='lat' dir='ltr'><strong>situ</strong></span> <span class='ocrx_word' id='word_1_315' title='bbox 911 3888 943 3945; x_wconf 92' lang='lat' dir='ltr'><strong>et</strong></span> <span class='ocrx_word' id='word_1_316' title='bbox 968 3879 1110 3947; x_wconf 86' lang='lat' dir='ltr'><strong>tenebris</strong></span> <span class='ocrx_word' id='word_1_317' title='bbox 1140 3891 1268 3967; x_wconf 87' lang='lat' dir='ltr'><strong>protra-</strong></span> 
     </span>
     <span class='ocr_line' id='line_1_35' title="bbox 78 3981 1268 4069; baseline 0.003 -18"><span class='ocrx_word' id='word_1_318' title='bbox 78 3990 151 4051; x_wconf 85' lang='lat' dir='ltr'><strong>ctas</strong></span> <span class='ocrx_word' id='word_1_319' title='bbox 179 3991 212 4049; x_wconf 91' lang='lat' dir='ltr'><strong>et</strong></span> <span class='ocrx_word' id='word_1_320' title='bbox 236 3982 388 4069; x_wconf 83' lang='lat' dir='ltr'><strong>pervelim</strong></span> <span class='ocrx_word' id='word_1_321' title='bbox 422 4002 441 4048; x_wconf 93' lang='lat' dir='ltr'><strong>a</strong></span> <span class='ocrx_word' id='word_1_322' title='bbox 474 4003 554 4048; x_wconf 81' lang='lat' dir='ltr'><strong>truvo</strong></span> <span class='ocrx_word' id='word_1_323' title='bbox 587 3981 806 4069; x_wconf 86' lang='lat' dir='ltr'><strong>Xenophontis</strong></span> <span class='ocrx_word' id='word_1_324' title='bbox 830 3983 961 4052; x_wconf 73' lang='lat' dir='ltr'><strong>Editor-e</strong></span> <span class='ocrx_word' id='word_1_325' title='bbox 994 4006 1069 4053; x_wconf 87' lang='lat' dir='ltr'><strong>eum</strong></span> <span class='ocrx_word' id='word_1_326' title='bbox 1102 3996 1268 4055; x_wconf 90' lang='lat' dir='ltr'><strong>contemtu</strong></span> 
     </span>
     <span class='ocr_line' id='line_1_36' title="bbox 79 4087 442 4177; baseline -0.014 -20"><span class='ocrx_word' id='word_1_327' title='bbox 79 4088 252 4177; x_wconf 83' lang='lat' dir='ltr'><strong>praeteriri</strong></span> <span class='ocrx_word' id='word_1_328' title='bbox 279 4095 312 4154; x_wconf 90' lang='lat' dir='ltr'><strong>et</strong></span> <span class='ocrx_word' id='word_1_329' title='bbox 335 4087 442 4154; x_wconf 87' lang='lat' dir='ltr'><strong>abiioi.</strong></span> 
     </span>
    </p>

    <p class='ocr_par' dir='ltr' id='par_1_7' title="bbox 79 4190 1274 4499">
     <span class='ocr_line' id='line_1_37' title="bbox 127 4190 1269 4289; baseline 0.007 -30"><span class='ocrx_word' id='word_1_330' title='bbox 127 4190 254 4260; x_wconf 73' lang='lat' dir='ltr'><strong>decedo</strong></span> <span class='ocrx_word' id='word_1_331' title='bbox 286 4213 372 4260; x_wconf 90' lang='lat' dir='ltr'><strong>nune</strong></span> <span class='ocrx_word' id='word_1_332' title='bbox 406 4193 445 4259; x_wconf 90' lang='lat' dir='ltr'><strong>ad</strong></span> <span class='ocrx_word' id='word_1_333' title='bbox 470 4194 732 4260; x_wconf 88' lang='lat' dir='ltr'><strong>venustissimum</strong></span> <span class='ocrx_word' id='word_1_334' title='bbox 764 4194 984 4282; x_wconf 85' lang='lat' dir='ltr'><strong>Xenophontis</strong></span> <span class='ocrx_word' id='word_1_335' title='bbox 1015 4196 1179 4277; x_wconf 89' lang='lat' dir='ltr'><strong>libellum,</strong></span> <span class='ocrx_word' id='word_1_336' title='bbox 1212 4203 1269 4289; x_wconf 90' lang='lat' dir='ltr'><strong>qui</strong></span> 
     </span>
     <span class='ocr_line' id='line_1_38' title="bbox 79 4299 1268 4393; baseline 0.005 -26"><span class='ocrx_word' id='word_1_337' title='bbox 79 4300 178 4383; x_wconf 77' lang='grc' dir='ltr'><em>Ἱέρων</em></span> <span class='ocrx_word' id='word_1_338' title='bbox 202 4300 220 4376; x_wconf 76' lang='grc' dir='ltr'><strong><em>ἣ</em></strong></span> <span class='ocrx_word' id='word_1_339' title='bbox 244 4300 416 4383; x_wconf 78' lang='grc' dir='ltr'><em>τυραννικός</em></span> <span class='ocrx_word' id='word_1_340' title='bbox 447 4299 647 4366; x_wconf 81' lang='lat' dir='ltr'><strong>inscribitur.</strong></span> <span class='ocrx_word' id='word_1_341' title='bbox 695 4300 731 4366; x_wconf 90' lang='lat' dir='ltr'><strong>ln</strong></span> <span class='ocrx_word' id='word_1_342' title='bbox 763 4300 850 4367; x_wconf 92' lang='lat' dir='ltr'><strong>nullo</strong></span> <span class='ocrx_word' id='word_1_343' title='bbox 878 4300 939 4367; x_wconf 92' lang='lat' dir='ltr'><strong>alio</strong></span> <span class='ocrx_word' id='word_1_344' title='bbox 962 4301 1043 4369; x_wconf 83' lang='lat' dir='ltr'><strong>liltro</strong></span> <span class='ocrx_word' id='word_1_345' title='bbox 1078 4304 1268 4393; x_wconf 82' lang='lat' dir='ltr'><strong>Xenophon·</strong></span> 
     </span>
     <span class='ocr_line' id='line_1_39' title="bbox 79 4405 1274 4499; baseline 0.008 -27"><span class='ocrx_word' id='word_1_346' title='bbox 79 4406 145 4485; x_wconf 82' lang='lat' dir='ltr'><strong>tis,</strong></span> <span class='ocrx_word' id='word_1_347' title='bbox 168 4406 197 4473; x_wconf 84' lang='lat' dir='ltr'><strong>si</strong></span> <span class='ocrx_word' id='word_1_348' title='bbox 221 4405 456 4493; x_wconf 73' lang='lat' dir='ltr'><strong>Retuptclrlr‘com</strong></span> <span class='ocrx_word' id='word_1_349' title='bbox 482 4406 718 4473; x_wconf 78' lang='lat' dir='ltr'><strong>Atdcoieosium</strong></span> <span class='ocrx_word' id='word_1_350' title='bbox 742 4417 775 4474; x_wconf 95' lang='lat' dir='ltr'><strong>ct</strong></span> <span class='ocrx_word' id='word_1_351' title='bbox 797 4407 1112 4478; x_wconf 77' lang='lat' dir='ltr'><strong>lacedaemoniorum</strong></span> <span class='ocrx_word' id='word_1_352' title='bbox 1141 4420 1274 4499; x_wconf 85' lang='lat' dir='ltr'><strong>exeepe·&#39;</strong></span> 
     </span>
    </p>
   </div>
   <div class='ocr_carea' id='block_1_5' title="bbox 0 0 1500 5010">
    <p class='ocr_par' dir='ltr' id='par_1_8' title="bbox 0 0 1500 5010">
     <span class='ocr_line' id='line_1_40' title="bbox 0 0 1500 5010; baseline 0 0"><span class='ocrx_word' id='word_1_353' title='bbox 0 0 1500 5010; x_wconf 95' lang='lat' dir='ltr'><strong> </strong></span> 
     </span>
    </p>
   </div>
  </div>
 </body>
</html>
