2940 5010
717 280 782 340 515

151 454 238 525 iacto
269 451 408 521 vindice.
453 452 554 519 Nemo
582 450 638 518 diu
663 450 808 517 haerebit
838 458 948 516 utrum
981 447 1065 535 apud
1095 448 1341 521 Demosthenem

138 566 287 649 .p.801,
313 562 354 627 16
383 556 487 625 ἅπασι
516 568 579 634 τοῖς
605 557 775 637 ἐμπλέουσι
799 555 970 642 legendum
994 556 1038 619 sit
1068 575 1108 621 arn
1130 559 1342 639 συμπλέονσι,

153 684 260 755 neque
283 684 402 751 anceps
420 666 507 752 optio
527 673 576 732 est
597 686 628 751 p.
643 669 726 739 884,
748 669 785 729 11
810 664 896 728 inter
919 666 972 727 τοῦ
997 666 1071 743 παρ’
1095 665 1179 741 ἡμῶν
1198 668 1342 744 συμπλέ·

152 794 238 847 οντες
261 772 487 845 ἐναντιωθέντος
511 781 543 837 ct
566 771 765 850 ἐμπλέοντος.
813 771 851 835 lu
875 767 994 833 talibus
1014 769 1165 834 omnihus
1185 769 1342 839 librorum

152 874 391 965 discrepantiae
405 878 499 943 nauci
524 896 586 942 non
607 886 699 953 sunt,
723 885 755 941 ct
777 875 880 942 nostri
905 873 1023 959 ubique
1045 874 1171 940 arbitrii
1193 885 1242 943 est
1262 878 1342 964 quid

153 982 198 1051 sit
222 1001 336 1049 nerum
360 984 567 1049 constituere.
615 980 816 1047 Contirmabo
840 979 925 1047 iliam
951 979 1204 1049 observationem
1228 986 1343 1070 paucis

152 1086 348 1177 quibusdam
371 1088 527 1175 exemplis
549 1108 588 1155 en
608 1087 781 1152 Plutarcho
804 1086 929 1152 sumtis.
966 1086 1012 1152 Dc
1036 1084 1150 1153 Solone
1171 1090 1286 1155 scribit
1307 1091 1341 1156 in

152 1193 222 1261 nitu
244 1214 314 1281 cap.
335 1193 382 1259 ΙΙΙ
408 1201 468 1259 τῶν
493 1200 657 1260 πολιτικῶν
686 1194 793 1259 πολλοὶ
818 1193 1142 1271 συγκατέπλεκε
1166 1204 1230 1270 τοῖς
1255 1201 1341 1274 ποιύ-

150 1324 269 1381 μασιν,
301 1309 337 1365 tu
360 1298 531 1365 subridens
556 1298 774 1377 ε’γιιοιτέπλειιε
800 1317 944 1385 repones.
992 1297 1027 1363 In
1049 1297 1132 1364 libro
1152 1298 1191 1366 de
1220 1300 1341 1368 Stoico·

152 1424 228 1473 rum
260 1406 483 1492 repugnantiis
510 1426 539 1492 p.
558 1411 642 1471 1055
660 1404 694 1471 C.
719 1405 845 1471 editur:
877 1402 916 1470 ὧν
938 1406 1021 1471 οὐθὲν
1043 1404 1088 1474 ἔτι
1114 1408 1271 1479 πεισθῆναι
1294 1411 1341 1487 μέρ

150 1512 204 1579 tat
231 1511 346 1593 βύθους
377 1512 633 1593 ἐγκραθέντα
657 1520 721 1585 τοῖς
744 1518 886 1596 φυσικοῖς
910 1512 1035 1589 λύγοις,
1067 1512 1231 1579 imovero
1261 1539 1340 1594 συγ-

150 1617 323 1703 ιραθέντα,
346 1616 430 1703 quod
452 1624 501 1683 est
523 1614 749 1704 pervulgatum
770 1619 803 1682 in
829 1616 887 1682 tali
911 1636 967 1695 re,
991 1618 1023 1681 in
1048 1638 1113 1705 qua
1132 1619 1340 1702 ἐγκεκρᾶσθαι

149 1725 255 1791 risum
280 1732 396 1789 movet.
444 1722 506 1789 Sed
528 1724 559 1787 in
584 1723 694 1810 paucis
716 1722 855 1789 ridicula
876 1731 924 1789 est
945 1725 1106 1810 scriptura
1128 1726 1161 1789 in
1186 1727 1252 1793 vita
1270 1728 1340 1795 hle·

151 1828 268 1897 xttttdri
290 1848 361 1916 cap.
377 1827 481 1894 thtl
504 1829 544 1893 dc
574 1828 656 1893 nodo
679 1829 858 1896 Gordiano:
882 1831 1079 1910 παραλαβὼν
1101 1834 1156 1907 τέρν
1177 1830 1340 1915 θρυλουμέ-

149 1960 202 2011 mr
224 1930 357 2015 ἅμαξαν
378 1931 442 2001 εἶδε
472 1936 572 2018 φλοιῷ
594 1936 720 2017 κρανίας
740 1935 1028 2015 ἐνδεδεμένην,
1049 1938 1124 2022 quis
1143 1957 1205 2003 non
1227 1942 1338 2008 statim

149 2040 304 2127 intelligit
326 2061 424 2127 quam
448 2041 492 2106 sit
516 2040 575 2106 hoc
598 2040 775 2106 absurdum
800 2061 858 2127 pro
880 2041 1123 2120 συνδεδεμένηνθ
1170 2043 1218 2110 Ad
1241 2044 1339 2113 huius

148 2147 319 2234 compositi
352 2147 549 2212 mentionem
581 2148 670 2213 iuvat
703 2147 804 2212 ohiter
836 2147 934 2211 scitos
967 2146 1134 2213 Menandri
1165 2158 1222 2216 aot
1254 2150 1338 2218 aiios

147 2252 320 2321 cuiusdam
348 2251 469 2317 Cannici
492 2253 668 2319 versiculos
692 2252 879 2319 emendatos
903 2272 941 2319 ex
964 2254 1105 2319 tenebris
1130 2256 1335 2342 protrahere,

149 2358 181 2423 in
202 2356 321 2444 quihus
341 2356 470 2423 latitant
492 2359 577 2444 apud
603 2357 811 2424 Plutarchum
831 2359 862 2422 in
889 2357 1107 2446 Symposiacis
1128 2360 1151 2426 i.
1176 2363 1212 2426 V.
1232 2384 1252 2428 r.
1276 2363 1335 2453 §2

147 2464 300 2547 φειδωλὸς
328 2464 403 2544 ιένύρ
426 2489 461 2529 τε
493 2464 546 2530 καὶ
567 2463 749 2547 μικρολόγος
773 2466 915 2543 ἐμπεσὼν
938 2466 981 2537 εἷς
1005 2464 1104 2548 ἔρωτα
1126 2467 1266 2551 καθύπερ
1290 2473 1333 2545 εἷς

147 2574 207 2653 πῦρ
238 2568 356 2651 σθδκρος
382 2570 499 2643 οὶνεθεδς
523 2570 576 2635 καὶ
601 2569 784 2653 μαλαχθεὶς
814 2572 938 2645 οὶταλδς
966 2572 1018 2636 καὶ
1047 2573 1138 2655 ύγρδς
1161 2574 1214 2640 καὶ
1246 2576 1334 2652 ἡδέων

147 2672 338 2765 (γίγνεται),
362 2673 422 2745 ὅτε
445 2675 530 2742 τουτὶ
555 2680 590 2743 τὸ
614 2677 800 2760 παιζθμενον
822 2679 868 2757 μέν
892 2676 974 2743 πύνυ
998 2679 1163 2761 φαίνεσθον
1187 2690 1330 2759 γελοῖον,

144 2776 190 2847 dri
212 2778 334 2863 πρθσου
366 2781 481 2864 φύλλῳ
506 2783 541 2848 τδ
570 2790 628 2847 τῶν
653 2785 782 2863 ἐρώντων
814 2783 934 2851 δέδεται
957 2782 1171 2866 βαλλάντιον,
1205 2787 1237 2853 in
1261 2790 1332 2874 qui·

145 2884 206 2953 hue
229 2886 309 2953 haec
333 2885 428 2953 verba
448 2888 569 2954 Comici
592 2890 723 2954 insunt:

748 2998 861 3079 φύλλῳ
885 2995 1003 3077 πρύσου

324 3100 361 3167 τδ
385 3101 444 3165 τῶν
467 3102 597 3182 ἕρύντων
621 3102 797 3169 ευνδέδεται
820 3101 1025 3182 βαλλάντιον.

141 3202 261 3271 contra
283 3212 453 3291 peccatum
479 3216 527 3272 est
553 3211 583 3272 in
609 3210 675 3273 vita
699 3207 923 3275 Demosthenis
946 3227 1014 3294 cap.
1030 3207 1074 3274 V:
1096 3208 1274 3291 Ἕρμιππος
1297 3211 1331 3279 δέ

140 3314 239 3395 φησιν
259 3310 442 3385 ιθδεσπθτοις
467 3313 684 3392 ὑπομνήμασιν
708 3315 866 3397 ἐντυχεῖν,
886 3317 917 3380 ἐν
937 3310 979 3387 οἷς
1002 3315 1182 3396 ἐγέγραπτο
1202 3320 1254 3384 τὸν
1267 3329 1331 3395 An·

138 3414 289 3495 μναθένην
309 3418 574 3500 συνεσχολακέναι
598 3418 764 3497 Πλούτωνι,
790 3420 1020 3487 hernosthenes
1043 3421 1184 3489 Platonis
1204 3425 1333 3491 auditor

138 3530 231 3591 cente
248 3529 353 3608 potest
370 3521 489 3602 tuisse,
506 3523 560 3590 scd
575 3526 804 3613 conida-'scipulos
820 3529 951 3593 omnino
969 3548 1030 3593 non
1053 3538 1175 3616 potest,
1196 3531 1331 3599 emenda

139 3626 247 3715 igitur
279 3628 487 3710 ἔσχολακέναι
512 3630 668 3697 Πλούτωνι.
724 3632 847 3698 Vitiosa
871 3652 941 3699 esse
969 3636 1116 3722 suspicor
1140 3636 1224 3723 apud
1255 3637 1330 3705 Plu-

138 3730 294 3799 tarehum
319 3738 624 3816 συγκεκαλυμμέννν
655 3738 700 3826 (in
722 3737 827 3803 Numa
850 3758 877 3802 c.
894 3738 956 3826 X),
977 3748 1009 3806 et
1031 3744 1331 3822 συγκεκαλυμμένον

140 3836 189 3927 (in
202 3836 327 3905 Pericie
346 3859 377 3906 c.
390 3840 463 3906 xvi
481 3850 513 3907 et
534 3843 565 3906 in
584 3843 782 3910 Timoleonte
802 3864 871 3931 cap.
884 3845 957 3932 lv),
977 3852 1009 3911 ct
1029 3848 1330 3927 συγκεκαλυμμένου

140 3942 189 4033 (in
210 3942 425 4010 Mtnrosthene
448 3944 572 4013 duobus
588 3949 667 4014 locis
696 3970 725 4015 o.
746 3949 804 4015 Vll
829 3960 861 4017 ct
891 3951 1020 4039 xxm.)
1069 3952 1166 4019 Recte
1194 3955 1331 4031 ἕγκαλν·

138 4046 284 4131 ψάμενος
305 4051 464 4138 scriptum
489 4060 538 4117 est
561 4053 594 4117 iu
616 4052 739 4121 Othone
759 4075 828 4143 cap.
843 4056 897 4123 lX.

185 4152 277 4221 idem
301 4156 417 4222 vitium
448 4157 586 4225 mirifice
610 4159 718 4226 turbat
744 4160 881 4250 Eunapii
906 4161 1011 4228 iocum
1039 4162 1070 4227 in
1096 4161 1161 4228 Vit.
1184 4162 1328 4251 Sophist.

141 4280 171 4347 p.
187 4264 272 4327 115:
303 4268 362 4327 τῶν
385 4268 460 4341 γοῦν
488 4263 672 4347 γραφέντων
689 4268 731 4332 τοὶ
752 4267 834 4350 ύκρα
866 4270 938 4357 (τῶν
961 4266 1053 4356 adde)
1085 4269 1246 4335 δακτύλων
1271 4272 1330 4337 tart

143 4374 197 4443 τῆς
221 4368 361 4445 ἄλύκτου
379 4370 516 4449 μελέτης
538 4372 590 4438 καὶ
611 4376 750 4456 χρήσεως
775 4376 1041 4441 ἕνεκέκαπτο.
1092 4373 1205 4441 Risum
1225 4386 1330 4444 emovet
