2940 5010
707 277 770 345 785

147 473 220 522 esse
253 452 509 523 existimabimus
542 460 639 541 atque
672 452 896 534 σννκοὶιιπτο,
928 454 1012 542 quod
1047 475 1067 521 e
1096 455 1211 525 scribis
1245 457 1326 528 solet

147 561 306 647 genuinae
350 557 471 626 formae
501 560 676 638 ουρκοὶπτο
712 557 889 637 substitui,
925 562 980 647 qui
1019 564 1181 629 contrario
1214 584 1327 634 errore

146 666 328 733 Atticorum
351 665 485 744 κιὶπτοι,
507 665 680 732 οἱνακοὶπτο
705 672 737 732 et
759 664 909 743 ἐγκοὶπτιι
935 667 967 731 iu
992 667 1146 748 κοὶροπτοι,
1176 670 1325 751 οἱνακοὶμ-

146 792 237 847 m,
260 769 438 850 ἐνκοὶμπτα
463 767 641 838 deformare
665 768 814 837 assolent.

200 875 281 943 Miro
316 894 424 943 errore
457 874 513 942 sed
546 876 680 941 minime
714 873 910 961 infrequenti
945 875 1066 943 laboret
1101 878 1191 946 loeus
1214 880 1252 947 ΙΙ.
1279 888 1322 948 1:

146 976 227 1055 ὅστις
261 1003 303 1058 γε
332 982 393 1060 ροῆν
427 983 476 1047 δεῖ
503 981 652 1046 παλεύειν
681 981 764 1047 δοκεῖ
794 983 867 1060 ἡμῖν
896 982 1051 1064 γραπτέον
1083 980 1171 1050 εἱναι.
1227 986 1326 1055 Plane

146 1085 347 1150 eontrarium
380 1086 553 1173 Xenophon
577 1085 721 1151 dixerat:
757 1087 797 1152 οιὶ
828 1087 911 1153 δοκεῖ
941 1091 1014 1167 ῆροὶν
1044 1090 1200 1170 γραπτέον
1234 1089 1324 1161 εἶναι.

145 1188 230 1275 Lege
263 1188 355 1254 modo
386 1210 468 1276 qnae
498 1197 677 1277 sequuntur
699 1199 731 1256 et
761 1211 829 1258 rem
862 1193 1065 1259 manifestam
1088 1214 1158 1262 esse
1192 1196 1325 1265 videbis.

145 1292 299 1361 Haerebis
332 1296 429 1361 etiam
455 1297 488 1361 in
520 1297 657 1362 vicinisr
695 1299 775 1365 πολὺ
808 1299 840 1364 δὲ
863 1307 998 1382 κρεῖττον
1032 1305 1086 1365 τοῦ
1121 1301 1327 1382 παλοδοὶμννιν

145 1395 224 1465 οἱναι
243 1401 289 1482 ’τῷ
313 1401 370 1478 μὲν
393 1401 446 1484 νέῳ
468 1399 589 1477 εὐεξίας
614 1426 650 1467 τε
673 1401 888 1483 ἐπιμελεῖσθαι
910 1414 966 1481 τῆς
986 1406 1096 1471 ἑαυτοῦ
1118 1406 1170 1472 καὶ
1194 1409 1325 1484 ἱππικῆς

144 1504 164 1580 ῆ
189 1503 364 1587 ἕπιςαμένῳ
388 1505 441 1582 ἤδη
466 1505 655 1588 ἱπποὶζεσθαι
679 1513 841 1587 ueteres,
868 1511 910 1592 τῷ
934 1511 965 1575 δὲ
989 1512 1185 1594 πρεσβυτέρῳ
1206 1517 1261 1579 τοῦ
1284 1537 1322 1579 τε

143 1607 224 1677 atnoe
247 1609 299 1675 καὶ
319 1611 379 1676 τῶν
402 1611 503 1693 φίλων
533 1612 585 1677 καὶ
616 1619 675 1678 τῶν
697 1621 861 1680 πολιτικῶν
884 1614 936 1680 καὶ
961 1621 1019 1681 τῶν
1042 1623 1215 1696 πολεμικῶν
1238 1622 1325 1697 pen·

144 1728 199 1782 λον
219 1716 238 1793 ῆ
257 1714 343 1799 ιὶροφὶ
365 1716 517 1782 πώλενσιν
539 1717 717 1798 διατρὶβειν.
765 1719 845 1785 blito
864 1739 973 1786 errore
996 1719 1105 1807 lapsus
1124 1729 1172 1787 est
1193 1720 1324 1790 Schnei-

145 1819 244 1888 derus
266 1829 442 1888 annotans:
479 1824 627 1898 »ἱππικῆς
650 1824 673 1892 i.
698 1843 725 1890 e.
749 1832 805 1900 τῆς
829 1830 882 1890 τοῦ
910 1823 1040 1890 ἱπποο.”
1063 1828 1154 1911 quasi
1178 1847 1251 1893 vero
1274 1831 1326 1894 ἱπ·
1439 1832 1441 1837 ’

144 1928 221 2003 τικῆ
243 1925 348 2003 εὐεξία
373 1937 428 1992 ant
451 1948 487 1994 eo
506 1948 603 1994 sensu
625 1937 682 1994 out
707 1928 771 1995 ulio
790 1929 852 1995 olio
873 1950 969 1996 sensu
981 1929 1101 1997 Graece
1122 1930 1185 1996 diei
1207 1941 1324 2018 posset.

144 2027 213 2098 lioo
235 2030 327 2098 video
347 2031 590 2120 Xenophontem
612 2032 739 2100 dicere:
764 2035 862 2100 sotius
883 2056 948 2101 esse
968 2034 1073 2102 iuveni
1092 2036 1249 2122 equitandi
1271 2061 1324 2104 er·

144 2146 207 2204 tenu
229 2137 388 2204 addiscere
408 2148 463 2204 aut
484 2140 538 2204 ubi
559 2160 627 2205 eom
645 2140 721 2204 sotir
741 2138 883 2205 didicerit
904 2141 938 2205 ιἰι
962 2163 998 2207 ιο
1019 2162 1052 2206 ιο
1074 2161 1238 2220 exercere,
1268 2144 1324 2210 sed

144 2242 264 2331 quibus
292 2242 398 2310 verbis
427 2243 458 2308 id
488 2244 607 2310 dixerit
640 2264 702 2310 non
735 2246 871 2331 reperio.
920 2245 1003 2311 Sane
1034 2265 1105 2312 esse
1133 2246 1324 2326 uidentur-»3

143 2348 319 2431 δπιςαρένρ
341 2351 395 2427 ῆδιι
417 2349 608 2432 ἱπποὶζεσὶαι
631 2355 791 2428 μελετῶν,
816 2349 872 2416 sed
896 2350 980 2436 quod
1004 2350 1194 2437 praeoedere
1218 2373 1326 2421 neees-

142 2455 229 2521 serio
251 2452 363 2520 debuit
384 2455 482 2520 ratius
504 2477 570 2521 eme
592 2455 751 2541 equitandi
780 2466 882 2520 ortem
908 2457 1086 2534 addiscere,
1118 2457 1151 2523 id
1183 2478 1257 2525 vero
1287 2480 1327 2527 en

141 2559 249 2626 verbis
271 2559 401 2626 Graecis
425 2559 497 2626 elici
535 2580 596 2624 nou
623 2567 746 2646 potest:
780 2579 919 2646 nemque
948 2563 1077 2637 ἱππικῆς
1108 2563 1324 2644 ἐπιμελεῖσθαι

140 2662 229 2731 ιιιιΙΙο
248 2673 341 2751 paeto
364 2663 547 2749 significare
571 2666 689 2751 poterit
712 2684 866 2753 umquam
892 2667 958 2748 περὶ
984 2668 1112 2742 ἱππικῆν
1141 2669 1324 2752 σπουδάζειν

142 2779 200 2837 ent
228 2770 368 2836 ἱππεύειν
392 2769 565 2849 μανθάνειν.
613 2769 734 2836 Deinde
757 2772 841 2857 quod
874 2773 1019 2857 sequitur
1042 2778 1096 2837 τοῦ
1118 2798 1153 2838 τε
1177 2773 1256 2839 οἱκον
1280 2811 1325 2824 -

142 2882 315 2955 πολεμικῶν
336 2874 439 2940 videri
463 2876 562 2960 possit
586 2894 778 2961 suspensum
802 2895 872 2942 esse
896 2894 934 2940 ex
964 2873 1058 2940 verbo
1088 2875 1326 2956 ἐπιμελεῖσθαι,

141 2978 198 3048 ned
221 2979 291 3047 beri
311 2979 343 3044 id
368 2999 430 3045 nou
456 2987 558 3066 potest
580 2989 709 3067 propter
732 2981 957 3065 interpositum
983 2981 1001 3057 ῆ
1024 3015 1068 3030 -
1086 2986 1236 3058 μελετᾶν.
1272 2980 1325 3047 Vi·

141 3084 240 3153 deant
264 3085 318 3151 aiii
343 3083 500 3171 quomodo
523 3084 601 3150 haee
624 3084 804 3171 expediant.

172 3184 224 3257 ¹-Iu
245 3190 286 3257 Il.
312 3195 342 3256 Ξ.
375 3189 474 3270 ιὶἱσπερ
498 3193 549 3257 τὸν
571 3193 671 3258 παῖδα
696 3187 770 3256 ὅταν
793 3192 859 3256 ἕπὶ
883 3192 1035 3272 τέχνιον
1059 3192 1152 3273 ἐκδῷ,
1176 3193 1323 3279 suspicor

141 3296 193 3362 ἐπὶ
224 3296 321 3379 τέχνῃ
350 3316 458 3361 veram
484 3296 652 3362 lectionem
681 3315 768 3374 esse,
800 3294 909 3363 eodem
933 3314 1030 3362 sensu
1053 3295 1177 3363 dietum
1201 3319 1264 3384 quo
1289 3300 1322 3364 iu

139 3399 305 3482 μανὶιὶνειν
328 3402 379 3467 dni
409 3402 526 3485 τέχνῆ,
562 3402 612 3467 ε’πὶ
636 3403 733 3485 τέχνῃ
761 3401 955 3467 διδάσκεσθαι
990 3409 1022 3466 ei
1055 3403 1128 3468 situ.
1164 3403 1253 3469 Plato
1288 3409 1320 3472 in

139 3506 315 3592 Protagora
338 3528 367 3594 p.
391 3512 467 3573 512.
492 3508 535 3582 B;
558 3511 611 3572 οιὶκ
635 3506 695 3571 ε’πὶ
719 3507 835 3588 τέχνρ
858 3506 970 3586 ἔμαθες
986 3503 1032 3580 ὀἱς
1053 3507 1233 3590 δημιουργὸς
1258 3513 1322 3578 ε’σό·

139 3634 230 3693 μενοι
253 3614 329 3678 ἀλλ’
349 3615 398 3679 ἒπὶ
424 3614 572 3697 παιδεὶρι,
596 3621 627 3679 et
652 3633 681 3698 p.
705 3617 782 3679 315.
808 3614 854 3678 A:
878 3614 1064 3694 Ἀντὶροιιρσι
1085 3615 1240 3695 εὐδοκιμεῖ
1259 3618 1321 3697 red-

139 3733 216 3787 λιτα
249 3724 308 3784 τῶν
341 3719 543 3801 Πρωταγόρου
570 3721 713 3797 μαθητῶν
747 3719 799 3801 κριὶ
835 3719 896 3784 ἐπὶ
931 3719 971 3783 τέ
976 3742 1048 3802 χορ
1082 3720 1248 3798 μανὶοἱνιι,
1282 3727 1321 3796 de

139 3824 270 3907 σοφιτῆς
290 3823 442 3901 ἐσόμενος.
492 3824 554 3889 Lex
577 3832 624 3891 est
650 3822 774 3889 Soionis
798 3821 880 3909 atiud
909 3823 1069 3888 Plutarch.
1097 3824 1158 3890 Soi.
1181 3831 1240 3901 24„
1258 3847 1322 3913 qua

140 3927 235 3996 Solon
258 3931 291 3994 od
313 3929 412 3994 δὶδοισι
439 3930 582 4002 πολίταις
608 3930 750 4008 γενέσθαι
778 3930 861 4003 πλὴν
891 3936 954 3999 τοὶς
984 3929 1140 4002 πανεςὶοις
1173 3933 1321 4014 Ἀἱῆναζε

138 4033 394 4116 μετοικιζομένοις
419 4035 479 4100 ini
507 4035 632 4116 τέχνρι.

185 4137 333 4206 Nondum
363 4146 412 4205 est
445 4148 573 4226 reperte
607 4158 680 4204 vera
702 4140 864 4226 scriptore
885 4138 940 4204 tlt.
968 4144 1029 4205 11:
1061 4141 1114 4206 κοιὶ
1142 4140 1252 4207 τᾶλλα
1276 4143 1321 4208 δι-

140 4246 345 4325 νειὶματα,
371 4243 425 4310 ubi
448 4243 542 4310 Codd.
568 4245 603 4318 δῆ
624 4245 767 4325 νεύματα
789 4244 963 4320 exhibent,
989 4246 1021 4309 in
1043 4266 1106 4331 quo
1126 4246 1202 4332 quid
1225 4247 1321 4314 ioteat

141 4372 203 4419 nou
239 4351 384 4437 reperio,
421 4350 474 4418 sed
507 4351 679 4431 δινεύμκτιι
712 4349 832 4418 nullius
861 4350 956 4436 pretii
989 4351 1245 4418 eorrectiuuooie
1274 4361 1322 4420 est
