2940 5010
624 286 687 349 2597

109 464 192 551 1n§
219 470 270 531 th.
305 462 386 530 heue
419 458 579 548 supplerit
605 457 764 525 ttehterus
793 457 864 531 ἡὲν
889 457 1028 540 γεωρρίρ
1054 458 1176 547 (epte)
1202 461 1248 531 ἐς)

59 573 173 654 traditur
192 576 302 652 ψυχῆς
331 568 500 648 οιοιτνίγορος
526 571 636 638 κοινῆς.

109 676 147 743 ln
180 677 199 760 §
227 678 278 739 18.
313 668 388 738 ίτοιν
412 672 426 736 ί
454 671 511 750 μὲν
542 667 665 752 τροίσσρ
696 668 749 749 ἐφ’
777 663 856 748 ᾧπερ
889 663 1027 748 iuberer
1067 670 1251 757 recipienda

60 778 168 849 iuerat
194 776 350 865 Stephani
373 773 555 842 emendatio
585 775 637 856 ἐφ’
659 771 731 854 ίτερ
762 770 920 852 deborae,
958 769 1072 838 deiude
1105 793 1252 863 expunge

61 882 233 953 inheetnm
270 882 598 968 interpretamentum
631 875 808 964 [βοιδίζον].
855 876 962 942 Etiam
995 877 1027 941 iu
1058 878 1176 945 ricinia
1209 881 1251 948 ie·

12 1024 14 1037 ·
62 988 208 1077 gentium
230 988 285 1071 tp·
306 982 326 1051 ὅ
331 1011 378 1052 τε
385 1012 400 1069 ρ
419 985 610 1064 τεταγμένοι
633 984 694 1048 είσί
716 1002 775 1069 pro
796 983 848 1065 ἐφ’
870 977 959 1064 ᾧπερ.

112 1092 150 1161 br
176 1095 195 1178 §
218 1096 273 1158 21.
308 1093 352 1157 τὰ
385 1088 435 1157 οὖν
469 1090 737 1171 συντρίβοντοι
770 1088 840 1161 τοὺς
875 1086 991 1165 οίκους,
1023 1091 1125 1157 miror
1155 1110 1250 1158 usum

63 1197 369 1279 subrepentem,
393 1198 618 1273 comminuere,
643 1195 676 1259 in
702 1192 757 1258 teti
772 1212 806 1258 re
829 1200 862 1259 et
886 1193 1086 1276 ἐπετρίβοντο
1109 1198 1251 1283 requiro.

64 1306 210 1373 Pttttsne
240 1302 432 1384 συντριβείνρς
465 1320 523 1387 pro
554 1299 743 1382 ἐπιτριβείης
779 1297 844 1363 dici
869 1319 961 1385 posse
990 1308 1047 1364 aut
1070 1301 1251 1383 σύντρινττορ

11 1412 19 1465 :
64 1428 126 1497 pro
148 1410 327 1491 ίτίτριττορ
351 1415 408 1473 aut
433 1405 578 1472 simibet
626 1404 764 1470 Perdere
787 1405 873 1470 eninr
910 1413 942 1470 et
962 1406 1165 1492 pessumdare
1188 1408 1253 1474 ἔτι·

11 1528 17 1637 'p
64 1514 185 1597 τρίβειν
208 1512 331 1579 (ίίοίῑυσ
355 1510 395 1577 eh
420 1509 671 1577 Atheniensibus
693 1509 855 1575 omnihus.

111 1616 150 1685 In
176 1620 194 1703 §
217 1623 271 1685 et.
307 1614 389 1690 ίτωρ
422 1616 490 1698 ἔχοι
524 1612 543 1680 ί
567 1641 597 1681 τι
621 1623 703 1681 nerei
733 1613 839 1681 scribe
872 1616 981 1690 τοιοίνρ.
1029 1617 1135 1683 Poetis
1159 1621 1254 1688 retin-

64 1720 196 1813 queude
219 1732 295 1790 sunt
320 1732 458 1803 τοιοῖμι,
482 1730 577 1797 ποιοῖς
602 1731 633 1788 et
658 1731 740 1788 σοιοῑ
760 1719 944 1807 similiaque
979 1723 1097 1790 omnin.
1144 1726 1254 1795 Caete-

66 1830 235 1897 riomues
256 1836 443 1894 constanter
465 1829 581 1903 τοιοίνρν
603 1836 634 1893 et
668 1826 780 1902 τοιοίνς
813 1835 844 1893 et
867 1827 964 1900 τοιοίν
997 1825 1156 1898 dicebant.
1202 1833 1254 1901 Li·
1282 1821 1284 1824 ’

65 1932 186 2003 bruriis
213 1933 307 2000 aliter
339 1934 466 2011 risum,
502 1934 693 2019 praesertim
719 1933 752 1997 iu
783 1930 934 2007 Pietoue,
967 1931 1022 1999 sed
1048 1933 1082 1999 in
1106 1955 1141 2001 re
1164 1950 1252 2009 certe

10 2016 19 2115 ί
65 2046 102 2109 et
121 2038 288 2129 oxptornte
312 2038 461 2106 tihrerios
485 2058 549 2104 nou
575 2057 739 2105 curemus.

10 2118 16 2205 ί
111 2142 150 2211 lu
176 2146 194 2230 §
218 2149 271 2211 26.
308 2144 326 2222 i
351 2145 403 2211 κοιί
427 2145 587 2211 οίτεδῶοτο
618 2145 643 2208 εί
669 2145 749 2210 πολὺ
773 2143 914 2224 oppono
938 2145 1085 2225 εὑρίσκοι;
1117 2169 1157 2215 ue
1180 2154 1254 2238 quis

10 2208 17 2351 ί
65 2258 175 2329 uret,
193 2250 323 2333 εὑρίσκοι
355 2271 417 2317 uon
443 2250 482 2316 de
511 2259 603 2336 petre
625 2247 824 2314 lsohomaehi
849 2248 1049 2316 dicitursed
1074 2249 1113 2318 de
1134 2252 1254 2338 tundo,

10 2360 16 2471 ξ
64 2374 163 2445 quem
194 2354 361 2422 vendebat.
409 2355 675 2421 Constantissime
699 2354 786 2420 enim
817 2355 964 2435 εὑρίσκειν
998 2359 1092 2434 τιμήν
1124 2367 1156 2425 et
1178 2363 1254 2446 εὑρί.

10 2478 16 2527 'r
64 2486 150 2531 σοιειν
172 2461 315 2544 ἀργύριον
340 2460 420 2527 orori
441 2469 472 2527 et
486 2459 638 2525 similiter
660 2458 782 2525 dieitur
795 2479 858 2525 uon
872 2459 1019 2526 venditor
1040 2461 1096 2528 sed
1117 2464 1147 2530 id
1169 2469 1254 2554 quod

10 2580 16 2605 ⁵
63 2566 241 2643 venditur,
277 2565 317 2632 de
348 2584 412 2653 qna
444 2586 480 2631 re
510 2564 590 2630 abias
621 2572 773 2631 accurate
808 2564 925 2630 dieeur.
972 2565 1163 2655 Exemplum
1188 2574 1255 2642 ido·

10 2708 18 2741 ε
64 2690 164 2741 neum
195 2681 246 2738 est
279 2672 312 2737 in
346 2668 557 2738 Oeconomico
578 2669 617 2735 ll.
644 2675 675 2736 3.
708 2670 801 2735 τίσον
833 2671 872 2736 ο“ιν
900 2671 953 2736 οίει
986 2673 1117 2752 εὑρεῖν
1143 2678 1186 2744 τὰ
1210 2684 1253 2748 σοὶ

10 2754 18 2855 ,Ῑ
62 2780 220 2857 ιτείριστοι
251 2778 461 2856 τυοοίριενοι,
496 2774 550 2841 ubi
575 2775 645 2841 siue
671 2775 734 2841 utho
765 2776 944 2842 sententiae
966 2774 1162 2847 detrimento
1181 2805 1254 2870 par.

64 2883 217 2971 ticipium
252 2884 441 2963 πονούμενοι
474 2889 602 2969 poterat
634 2881 752 2949 omitti.
802 2879 882 2946 Vide
913 2888 944 2947 et
973 2900 1055 2968 qune
1076 2887 1187 2954 statim
1208 2912 1254 2958 se·

63 3000 225 3077 quuutur.

109 3092 149 3161 ln
174 3112 243 3180 cop.
266 3094 349 3161 XXI.
375 3099 405 3160 3.
437 3092 512 3160 ίτοιν
544 3094 594 3178 bip
627 3098 724 3175 rrepoir
756 3094 894 3174 ἦμερίους
923 3098 1020 3170 orteia
1044 3096 1250 3184 ἐλσύνοντοις,

63 3199 194 3285 eorrige
217 3201 397 3281 ἡμερησίους
421 3204 538 3275 enode,
563 3219 703 3287 nemque
725 3197 784 3264 hoe
808 3197 912 3264 sotum
937 3198 970 3265 id
993 3200 1251 3295 significetquod

62 3304 229 3373 neutentie
251 3304 313 3371 loni
339 3305 475 3391 requirit
497 3326 556 3391 per
578 3318 655 3372 totos
678 3307 743 3370 dies
766 3325 834 3371 esse
858 3303 1094 3391 remigandum.

111 3408 150 3477 tn
175 3412 195 3499 ς
219 3415 251 3479 4.
286 3410 445 3477 τείίεσίοιί
466 3435 502 3476 τε
523 3413 576 3476 οὐκ
601 3408 765 3486 οὶξιοῦντοις
790 3410 864 3496 [οὐδ’
887 3410 1081 3503 ἕίὲλοντοις],
1106 3420 1252 3503 quicum.

62 3534 131 3607 que
159 3515 426 3583 animadverterit
459 3535 523 3601 quo
547 3535 643 3582 sensu
672 3514 885 3582 Athenienses
909 3523 942 3581 et
974 3517 1006 3582 in
1030 3520 1117 3604 quati
1140 3545 1176 3592 re
1197 3550 1252 3616 pn·

62 3640 146 3691 nere
167 3622 223 3689 σίνε
245 3620 350 3699 ἀξιοῦν
374 3622 441 3688 οἱοί
472 3619 577 3700 soliti,
611 3620 706 3688 rerha
738 3623 791 3688 οὐκ
815 3620 974 3696 ἐθέλοντος
998 3641 1036 3689 ex
1061 3627 1252 3718 interprete.

63 3734 178 3797 mento
200 3736 275 3794 trote
298 3726 439 3793 inducet.

111 3832 150 3901 tn
184 3835 257 3919 so.
292 3833 507 3920 suspiciosum
543 3831 623 3897 mihi
659 3839 708 3898 est
739 3833 980 3914 οιίσχυνοριένους
1015 3860 1052 3901 τε
1085 3838 1251 3923 ἔχουσιν

62 3941 198 4025 ιίσχρίν
219 3964 250 4005 τι
271 3945 388 4016 ποιεῖν,
420 3937 571 4024 quoniam
597 3937 809 4004 Athenienses
834 3936 925 4004 rideo
949 3939 982 4005 in
1010 3940 1067 4007 teli
1091 3963 1126 4012 re
1157 3952 1253 4023 rerho

61 4048 201 4131 χρῆσθαι
224 4063 286 4109 non
312 4043 397 4126 ἔχειν
423 4044 470 4109 uti
500 4041 611 4109 sotere.
659 4043 815 4110 Dicebant
835 4044 1035 4129 Ατειίοριένους
1067 4054 1195 4139 τοιρέχω
1220 4071 1252 4128 ρο

63 4152 163 4225 αὖτίς
185 4150 371 4229 τειίομένοις
401 4152 547 4231 χρῶμοιι,
577 4149 785 4236 quamohrem
819 4150 1007 4233 τοιρέχιυσιν
1039 4154 1120 4222 mihi
1144 4165 1252 4232 verius

63 4276 138 4325 esse
172 4254 311 4321 videtur.
366 4254 401 4320 ln
435 4264 578 4321 extreme
613 4257 630 4339 §
669 4264 769 4321 τονεῖν
805 4256 990 4343 importune
1026 4259 1171 4330 additum
1203 4281 1252 4338 est

64 4364 100 4431 in
126 4360 258 4429 teritis:
294 4362 347 4428 κοιί
376 4362 588 4441 σύρισοιντοις,
628 4360 755 4448 [πονεῖν]
794 4358 868 4427 ἕτοιν
898 4362 1013 4450 δείσῃ,
1045 4369 1098 4433 οὐκ
1127 4371 1251 4455 diripere
