2940 5010
571 286 635 348 759

122 517 123 527 ,
154 467 186 527 et
210 458 264 525 iiia
296 455 430 524 consilia
452 455 492 523 ad
517 475 618 543 remp.
643 455 734 522 novis
765 456 924 523 reditibus
950 457 1122 527 iurandum
1158 459 1200 528 le·

122 565 240 633 reunda
271 564 374 650 magis
406 581 477 630 esse
507 581 603 647 quarn
636 581 747 649 reapse
771 561 923 629 salubria.
969 563 1057 631 Nihil
1085 565 1199 632 horum

126 692 184 750 us,
208 671 318 757 quiin
352 668 447 735 rebus
471 667 694 733 huiuscemodi
718 676 857 734 aetatem
879 670 1053 749 enutrivit,
1077 680 1132 738 ant
1156 671 1199 739 ie·

122 797 231 864 uquam
253 783 309 841 aut
331 776 362 839 in
385 775 528 839 animum
548 771 700 839 inducere
718 774 821 858 potuit
843 771 965 840 iacere:
991 777 1199 861 quamobrem

122 883 205 948 ,ideri
228 881 443 966 suspicionem
468 899 505 945 ex
532 877 612 944 falso
643 878 717 943 istri
745 879 928 943 testimonio
959 889 1066 946 natam
1097 888 1128 947 et
1152 902 1200 949 re·
1222 939 1224 943 Α

122 989 242 1055 ueritati
266 993 499 1072 repugnantem
534 981 765 1069 repudiandam
790 1003 860 1049 esse
881 1004 1006 1050 nenseo.
1052 986 1199 1054 Eubulus

122 1092 258 1159 thontem
291 1088 559 1177 quemadmodum
598 1109 659 1154 nou
696 1088 913 1175 psephismate
942 1089 1064 1176 expulit
1100 1091 1199 1181 (quod

122 1199 316 1265 nonomine
340 1194 516 1262 absurdum
540 1193 620 1282 est),
644 1196 691 1259 sie
717 1214 779 1260 uon
805 1195 966 1261 revocavit
995 1216 1142 1283 quoque,
1166 1206 1199 1265 et

122 1306 232 1387 ειπερ)
257 1303 353 1386 πόρον
377 1322 440 1368 non
477 1301 533 1366 uni
563 1298 689 1366 Eubuio
712 1301 852 1388 scriptus
879 1307 929 1366 est
951 1299 1005 1367 sed
1028 1301 1200 1382 omnibus,

122 1409 132 1476 l
164 1410 233 1497 ipsa
266 1408 420 1474 orationis
452 1405 556 1473 iorma
589 1404 727 1471 subinde
758 1404 924 1483 declarat,
957 1404 1055 1472 veluti
1079 1406 1132 1475 tv.
1160 1414 1197 1476 1:

122 1513 239 1594 άμεινον
270 1512 309 1580 άν
332 1511 549 1593 βουλεύοισθε,
580 1521 614 1577 et
636 1515 679 1577 32
703 1521 735 1578 et
760 1516 825 1586 tu,
860 1518 893 1577 et
916 1511 954 1577 V.
979 1516 1000 1577 9
1024 1518 1056 1578 ei
1082 1519 1134 1581 10.
1166 1524 1197 1582 ei

122 1623 192 1686 nois.

122 1745 167 1812 [ue
194 1726 222 1792 si
251 1730 432 1790 statuemus
454 1720 531 1786 haee
556 1721 677 1809 scripta
702 1741 771 1788 esse
795 1722 905 1788 statim
930 1730 1001 1809 post
1027 1723 1116 1790 iliam
1142 1745 1197 1813 pa·

124 1851 188 1919 qua
213 1831 226 1896 ό
250 1829 456 1909 συμμαχικός
479 1828 617 1907 πόλεμος
640 1828 835 1913 compositus
857 1836 922 1906 est,
945 1827 1070 1914 reliqua
1088 1831 1196 1897 omnia

122 1956 140 2003 e
165 1935 343 2023 quadrant,
370 1943 405 1998 ut
431 1931 646 1999 Schneidorus
666 1941 697 1998 et
718 1931 898 1998 Booclrhius
922 1931 1120 2013 docuerunt,
1140 1935 1197 2002 sed

122 2049 199 2108 estut
219 2038 415 2115 difficuttas,
437 2057 535 2125 quam
566 2036 746 2104 Boeckhius
776 2037 930 2103 indicarit
960 2038 1076 2105 meiius
1100 2059 1197 2126 quam

121 2149 155 2213 it.
205 2145 316 2211 »Nune
341 2144 460 2232 (inquit
490 2141 664 2228 Xenophon
689 2143 726 2207 V.
751 2142 797 2230 8.)
822 2143 952 2228 egregia
975 2143 1079 2210 oblata
1108 2164 1197 2212 occa·

122 2249 228 2317 ῐάνευ
255 2252 350 2316 πόνυν
379 2249 431 2314 καὶ
457 2243 529 2311 άνευ
553 2248 692 2313 κινδύνων
720 2248 773 2312 καὶ
798 2245 871 2314 άνευ
895 2246 1035 2323 δαπάνης
1056 2251 1196 2317 άνακτοῖ·

122 2358 169 2431 οὺς
184 2356 355 2431 Ἕλλανας.
402 2353 494 2418 Nono
514 2352 619 2418 danda
636 2360 685 2418 est
705 2371 815 2439 opera,
840 2360 877 2419 ut
897 2355 923 2419 si
945 2372 1026 2441 quae
1046 2356 1195 2425 civitates

122 2482 151 2528 re
173 2461 291 2527 betium
312 2467 449 2545 gerunt,
473 2477 527 2523 aas
550 2459 583 2522 in
606 2458 743 2542 gratiam
768 2457 983 2537 reduearuus,
1006 2469 1039 2526 et
1060 2462 1088 2526 si
1113 2482 1195 2548 quae

122 2565 217 2633 urhis
239 2565 387 2631 civilibus
418 2562 582 2641 laborant,
607 2571 644 2628 ut
666 2561 870 2629 concordiam
896 2565 928 2629 in
954 2566 994 2631 iis
1025 2575 1058 2632 ot
1090 2568 1192 2635 otium

122 2691 239 2739 ¹auius:
276 2672 301 2736 ei
333 2671 365 2735 δὲ
399 2670 451 2737 καὶ
484 2665 564 2742 ὅπως
599 2670 634 2735 τό
673 2669 704 2734 ἐν
739 2677 879 2753 Δελφοῖς
915 2671 991 2751 ἱερδν
1025 2672 1193 2754 αὐτόνομον

138 2778 263 2860 πρόσθεν
283 2776 400 2855 γένοντο
429 2774 553 2858 Φανεροδ
583 2771 666 2847 siuns
696 2774 934 2853 ἐπιμελόμενοι,
967 2777 1012 2853 μὴ
1035 2794 1194 2855 συμπολε-

122 2908 136 2957 ς
159 2881 247 2948 άλλοὶ
271 2881 495 2963 πρεσβεύοντες
519 2880 581 2946 άνά
602 2880 657 2955 τὴν
681 2878 846 2956 Ἑλλάδα,
875 2880 936 2957 ἐγὼ
959 2883 1017 2960 μὲν
1048 2883 1131 2948 οὐδὲν
1152 2884 1192 2951 ἂν

122 2987 274 3066 δανμοιςδν
305 2983 383 3052 εἶναι
416 2988 441 3051 εἰ
471 2987 523 3051 καὶ
548 2984 673 3056 πάντας
700 2985 771 3057 τοὺς
792 2983 952 3058 Ἕλληνας
974 2988 1193 3067 όμοννάμονάς

122 3096 128 3159 i
163 3092 322 3173 συνόρκους
346 3092 399 3158 καὶ
424 3089 616 3171 συμμάχους
649 3088 782 3169 λάβοιτε
816 3089 868 3155 ἐπ’
901 3090 1053 3172 ἐκείνους,
1087 3091 1193 3168 οἵτινες

122 3223 192 3266 ντωυ
223 3199 282 3264 τῶν
308 3196 433 3263 Φακέου
464 3197 499 3262 τδ
528 3196 603 3274 ἱερὸν
635 3192 900 3273 καταλαμβάνειν
931 3196 1099 3278 ἐπειρῶντο.
1146 3199 1193 3266 De

124 3304 187 3371 1οοί
210 3302 477 3387 interpretatione
510 3300 555 3365 ita
586 3317 679 3384 agam
704 3308 739 3364 nt
770 3301 974 3385 praemittam
1002 3300 1189 3390 diligentem

122 3429 186 3475 rum
211 3409 405 3474 notationem
429 3404 584 3490 appositis
605 3423 762 3471 annorum
786 3405 872 3472 notis
892 3414 925 3472 et
945 3406 1189 3478 Atheniensium

125 3515 220 3581 tibus.

122 3641 174 3707 up.
199 3619 260 3685 CV.
287 3624 317 3684 t.
365 3618 572 3695 Ἀγαθοκλῆς.
608 3663 616 3680 .
665 3613 784 3680 aGhr.
833 3620 897 3698 55}

182 3724 260 3792 uvi.
289 3730 317 3789 1.
364 3723 512 3796 Ἐλπόνιις
517 3769 784 3785 ......
833 3723 897 3814 55}

287 3833 316 3893 δ.
363 3829 592 3907 Καλλόςςατος.
664 3875 670 3889 .
721 3876 727 3889 .
776 3877 784 3891 .
832 3831 896 3921 δὸξ

287 3941 316 4000 5.
365 3935 510 4012 Διότιμος
515 3980 786 3997 ......
834 3936 896 4021 553

287 4047 316 4106 4.
364 4039 505 4116 Εὔδαμος
509 4085 785 4104 ......
834 4040 906 4122 δὸξ.

169 4148 261 4214 GVH.
289 4151 316 4210 1.
364 4145 614 4224 'apertiorem-
663 4192 670 4206 ·
719 4192 726 4205 ·
775 4190 783 4207 .
832 4146 894 4228 55}

286 4255 316 4316 δ.
365 4250 536 4320 Θέσσαλος.
605 4296 613 4313 .
662 4297 669 4312 .
719 4297 727 4313 .
776 4297 784 4314 .
832 4253 897 4330 ὅδὲ

285 4362 315 4421 5.
363 4356 602 4434 Ἀπολλόδωρος.
661 4402 670 4418 .
718 4402 726 4417 .
774 4402 781 4418 .
821 4358 891 4446 ὅξῧ
