2940 5010
705 260 770 325 216

185 430 217 509 ὃς
238 432 288 514 ἔμ’
307 433 368 500 οὐδ’
391 433 430 499 ἂν
450 432 538 517 ζῶντ’
561 424 642 517 idria
663 435 689 499 ai
713 436 759 514 pir
781 434 833 500 bret
855 434 911 509 rire
935 432 1082 515 προτέρου
1102 432 1267 518 ἀπόφυξιν.

139 537 194 605 ubi
223 541 261 612 εἰς
294 557 351 624 pro
379 534 411 610 dc
443 538 662 625 scripserunt,
694 545 731 604 ut
761 539 841 622 ᾔδειν
877 544 983 625 posset
1013 537 1139 624 primae
1173 558 1290 627 persona

137 664 207 711 esse
231 642 351 721 videri,
380 640 419 709 de
443 643 602 709 sententia
635 662 696 709 non
724 643 828 729 magis
853 661 951 729 quam
978 641 1148 711 demetra
1172 643 1290 712 solliciti

139 769 242 837 neque
262 748 366 834 magis
387 746 598 815 adverterunt
617 749 764 815 animum
788 749 821 814 in
847 748 929 815 Pace
952 750 1051 816 1182.

319 856 361 936 τῷ
381 856 413 920 δὲ
437 853 509 919 err?
529 856 584 919 οὐκ
607 854 729 932 ἐώνητ’,
753 858 786 920 ori
806 854 870 935 γὰρ
893 853 972 935 ᾔδειν
996 850 1093 930 ἐξιών.

184 961 225 1027 nt
249 979 312 1026 non
331 965 478 1046 poterant
502 959 548 1023 sic
573 977 681 1025 errare
705 958 739 1023 in
763 956 856 1025 Pluto
879 961 955 1025 696.

321 1066 335 1129 d
358 1065 390 1130 δὲ
414 1064 477 1137 θεὸς
503 1063 573 1142 ὑμῖν
596 1066 629 1130 οὐ
653 1065 810 1145 προσήκῃ
832 1097 878 1114 ·-
900 1062 1027 1131 οὐδέπω.

140 1171 248 1257 itaque
272 1169 379 1235 nescio
407 1167 480 1253 quis
509 1166 586 1233 olim
612 1167 795 1235 emendavit
824 1166 948 1235 scilicet
976 1170 1101 1251 rperpiu
1130 1173 1184 1250 γ’,
1215 1177 1290 1257 estlp

140 1274 220 1341 baec
241 1273 370 1358 egregia
394 1273 551 1340 correctio
571 1273 604 1339 in
629 1273 815 1340 Rauennate
837 1271 963 1341 Codice.
999 1273 1037 1340 ln
1058 1273 1208 1342 Nubibus
1231 1280 1289 1343 151

140 1398 241 1465 quum
266 1376 405 1444 dedisset
429 1385 540 1464 poeta:

277 1486 317 1557 ὥς
343 1478 451 1557 οὗτος,
476 1485 502 1548 ai
525 1484 571 1562 peri
591 1508 633 1565 τῳ
654 1484 817 1550 ’reuellere
829 1532 839 1561 ,
861 1487 915 1551 οὐκ
938 1482 978 1549 ἂν
1000 1479 1035 1557 ἦν

503 1584 596 1661 οὕτως
619 1586 786 1662 ducerer.

142 1693 291 1758 certatim
320 1690 410 1757 scioli
441 1691 636 1777 rescripsere
669 1692 810 1759 πέποιθεν
833 1700 890 1758 aut
915 1692 1050 1758 πέποιοέ
1086 1691 1289 1760 llawesinsr

143 1817 217 1864 rum
241 1795 321 1862 vidit
344 1795 507 1862 ’πεποίθειν
531 1797 727 1875 emendans,
754 1816 850 1884 quem
875 1815 986 1863 omnes
1009 1798 1114 1863 secuti
1137 1805 1212 1864 sunt
1244 1818 1290 1885 pos

142 1922 239 1990 quam
263 1922 302 1969 ex
325 1902 511 1969 Rauennate
532 1901 650 1987 prodiit
678 1904 814 1969 πεποίθει
840 1921 902 1966 non
933 1901 1003 1969 sine
1026 1904 1118 1989 gnari
1144 1904 1220 1970 vitio
1248 1924 1291 1971 scr

144 2017 258 2096 ptum,
282 2004 366 2093 quod
391 2004 475 2072 unde
500 2014 611 2072 natum
633 2008 676 2073 sit
696 2007 902 2095 perspicuum
927 2013 986 2073 est.
1032 2006 1129 2074 Nullo
1150 2008 1236 2075 enim
1256 2029 1290 2075 nn

142 2113 182 2179 do
213 2131 411 2198 concoquere
439 2119 587 2197 poterant
617 2108 703 2186 οὗτοι
727 2152 771 2163 -
794 2112 969 2178 ’nereidem
1015 2112 1052 2178 ln
1083 2112 1205 2181 Avibus
1229 2118 1289 2182 119

142 2238 244 2304 quum
269 2218 453 2304 scripsisset
475 2214 723 2303 Aristophanes:

323 2320 412 2402 ὄρτυξ
435 2323 599 2399 lustrico,
623 2322 675 2387 real
700 2322 763 2403 γὰρ
787 2323 870 2406 ᾔκειν
893 2325 1009 2403 ὄρτυγι.

142 2426 251 2494 infelix
276 2426 358 2510 ᾔκειν
383 2425 519 2491 nririlice
543 2425 759 2513 depravarunt
789 2426 1037 2506 homunciones,
1061 2429 1118 2514 qui
1142 2427 1234 2512 ᾗκεν,
1255 2428 1290 2509 rix

141 2542 173 2599 et
197 2529 266 2606 iser
290 2551 348 2597 suo
371 2531 472 2596 Marte
503 2529 661 2597 dederunt
685 2539 717 2598 et
750 2531 868 2596 multos
900 2551 1010 2598 secum
1036 2533 1069 2598 in
1094 2552 1237 2602 errorem
1258 2543 1290 2602 tr

141 2644 275 2714 xerunt,
299 2636 391 2722 quasi
413 2655 487 2702 vero
505 2635 574 2702 cluo
599 2656 656 2723 pro
679 2635 764 2702 ἔοικοι
788 2634 851 2701 dici
873 2637 1029 2723 potuisset
1048 2645 1081 2704 et
1104 2640 1151 2706 sic
1175 2638 1246 2723 ἧκεν
1265 2660 1290 2728 p

140 2743 248 2809 lonica
271 2740 373 2807 lorma
401 2741 495 2822 ἐῴκει.
544 2742 644 2807 dttici
675 2741 945 2827 quemadmodum
969 2750 1156 2810 constanter
1178 2744 1289 2813 diceba

140 2847 277 2924 εἵξκπιν,
310 2847 444 2921 siedron,
476 2848 562 2921 εἰκώς
597 2850 692 2932 <quas
721 2844 840 2914 lormas
870 2855 903 2913 et
933 2848 1018 2934 ipsas
1052 2850 1225 2936 magistelli
1254 2868 1290 2917 eu

141 2960 299 3040 rumpunt
330 2953 363 3018 in
387 2953 519 3019 tornaco
546 2951 690 3018 lonicum
716 2959 748 3017 et
777 2951 951 3019 barbarum
983 2950 1123 3033 siucero,
1158 2963 1192 3021 et
1218 2954 1289 3024 loni

138 3058 265 3126 εὀικέυοιι
290 3065 322 3124 et
342 3055 454 3144 ἐοικώς)
480 3057 526 3123 sio
550 3057 608 3140 llud
630 3055 796 3134 dicebant,
832 3063 868 3123 ul
897 3056 978 3138 ᾔδη,
1013 3057 1135 3136 locoru,
1157 3061 1268 3127 εἰδέναι

140 3165 236 3238 εἰδώς.
270 3164 383 3250 ltaque
404 3183 471 3230 rem
496 3182 556 3230 aou
576 3163 682 3249 tetigit
701 3162 868 3229 Daroesius
888 3163 920 3227 in
947 3161 1076 3229 Miscell.
1101 3164 1182 3233 Crit.
1202 3185 1236 3252 p.
1248 3168 1290 3233 od

142 3265 316 3334 emendans
347 3270 399 3334 exi
432 3269 495 3352 γὰρ
529 3269 609 3351 ᾔκειν
643 3266 769 3348 ὄρτυγι,
805 3285 902 3352 quam
936 3273 1058 3333 certam
1093 3270 1290 3339 correctione

141 3370 325 3438 Ilindorlius
344 3375 485 3458 sprevit,
509 3374 630 3459 recepit
654 3391 740 3437 nunc
763 3371 931 3456 Berglius.
957 3372 1199 3439 Eiusdemmodi
1217 3393 1290 3443 eme

141 3475 269 3544 datione
303 3474 409 3541 locum
443 3477 477 3541 in
513 3474 742 3562 Thesmophor.
776 3480 863 3553 sot,
899 3475 953 3541 ubi
983 3475 1016 3541 in
1053 3478 1205 3546 omnibus
1235 3479 1290 3547 libr

138 3589 206 3649 est:

321 3687 335 3751 ὅ
359 3687 385 3751 δ’
407 3687 480 3766 ἀνὴρ
505 3687 681 3767 περιήρχετ’
706 3685 843 3752 ὠκυτόκι’
867 3687 1055 3768 ὠνούμενος,

141 3792 345 3860 restituimus
366 3791 398 3855 in
420 3791 629 3879 prioreparte
641 3810 742 3877 quum
764 3789 1059 3860 demonstraremus
1082 3791 1125 3876 ᾖον
1148 3815 1212 3861 non
1236 3798 1290 3880 ἦρι

140 3923 201 3977 μιν
227 3899 352 3964 Atticos
375 3917 486 3964 omnes
509 3896 638 3963 dixisse.
685 3897 798 3983 ltaque
821 3916 921 3983 quum
942 3906 1027 3965 esset
1051 3907 1145 3967 vetus
1167 3900 1281 3969 lectio:

323 4004 336 4067 ὁ
360 4002 386 4068 δ’
409 4002 482 4083 οὶυὴρ
507 4004 637 4084 περιῄειυ
658 4002 796 4068 ὠκυτόκι’
820 4004 1002 4082 ὠνούμενος,

141 4093 327 4180 supervenit
350 4094 405 4179 qui
438 4090 692 4159 semibarbarum
725 4095 905 4176 περιήρχετο
934 4093 1154 4175 adscriberet,
1186 4096 1290 4167 deind

142 4196 267 4279 utilit,
294 4198 516 4286 interpretatio
541 4205 680 4265 ueterem
710 4200 905 4286 scripturam
934 4200 1068 4288 expulit.
1116 4201 1206 4269 tneo
1230 4222 1290 4292 per

144 4320 238 4368 naees
273 4310 349 4369 sunt
382 4303 415 4368 in
453 4302 570 4369 talibus
604 4303 799 4391 retingendls
832 4305 924 4371 scioli
958 4316 994 4373 nt
1030 4308 1074 4374 in·
1098 4308 1205 4376 verbis
1241 4308 1290 4377 do
