2940 5010
724 311 742 355 Χ

142 503 218 564 χον.
276 476 396 544 Deinde
428 475 545 543 multos
576 495 645 544 esse
679 475 765 544 locos
798 476 950 545 obscuros
980 487 1013 547 et
1044 479 1214 567 impeditos
1244 485 1325 548 scri·

142 602 212 678 hit,
246 602 279 665 in
304 597 421 687 quibus
449 598 513 675 ἤτοι
544 600 799 684 παραλολεῖφύαί
827 625 857 667 σι
886 601 1010 668 πιύανύν
1042 603 1105 673 ἑςιν
1139 604 1323 685 ἣπαρανε·

143 721 308 804 occipias,
335 728 368 788 et
398 721 578 788 rectissime
607 719 757 787 admonet
782 730 928 808 oportere
958 742 1015 790 nos
1042 725 1210 791 orationem
1235 726 1326 790 resti·

143 851 228 909 tuere
253 845 287 909 ιἰι
306 843 479 930 inteprum,
511 841 744 927 ἀπεργάζεσθαι
768 844 873 911 σέλεύν
899 870 935 912 σε
958 847 1010 912 καὶ
1030 848 1129 922 dandi
1152 851 1203 913 πὸν
1229 845 1325 926 λύγον

142 966 205 1040 ἤτοι
229 966 263 1030 πὸ
287 973 393 1031 λεῖπον
417 964 611 1047 προςιύένπας
636 965 653 1041 ἢ
677 967 712 1032 πὸ
730 966 942 1046 ἡμαρτημένον
965 968 1211 1048 ἐπανορθοῦντας.
1258 968 1325 1034 Au·

141 1085 232 1152 diant
263 1106 337 1153 vero
367 1085 561 1172 diiigenter,
595 1086 652 1173 qui
674 1093 820 1152 ueterum
849 1084 1110 1154 membranarum
1142 1086 1236 1154 iidem
1268 1107 1324 1154 ve-

140 1215 317 1285 nerantur,
341 1227 378 1273 ea
401 1226 482 1294 quae
505 1204 647 1274 addidit:
671 1204 770 1288 ύσπερ
789 1206 853 1288 γαρ
876 1207 912 1274 σύ
934 1208 1154 1292 μεταγράφειν
1177 1210 1236 1282 τὰς
1261 1235 1324 1275 πα·

139 1327 234 1400 λαισὶς
269 1328 367 1410 ῥύσεις
402 1326 573 1409 προπετές,
607 1323 683 1392 οὕτω
716 1327 769 1393 καὶ
804 1326 1029 1410 Φνλύππονπας
1062 1332 1102 1403 ὡς
1137 1329 1323 1412 γίνραπσαι

138 1449 308 1530 βραχείαις
335 1447 371 1513 σέ
402 1473 481 1513 τισιν
505 1449 522 1526 ἣ
549 1448 741 1529 reordinetur
771 1448 789 1524 ἢ
819 1448 1018 1526 ύπαλλύξοσι
1052 1450 1229 1517 διαλύεσθαι
1261 1452 1324 1526 τοὶς

138 1569 268 1652 ἀπορίας
308 1568 470 1646 aretae
512 1565 721 1647 ἐξηγητῶν
760 1567 844 1639 ἔςιν
877 1567 1005 1652 ἔργον.
1059 1568 1096 1635 ln
1136 1578 1225 1636 tanta
1263 1572 1325 1657 igi·

139 1698 193 1755 tur
227 1687 433 1755 librariorum
478 1689 661 1755 temeritate
696 1709 760 1755 non
796 1697 846 1756 est
879 1689 939 1757 boc
972 1709 1164 1779 magnopere
1199 1693 1322 1757 miran-

139 1811 216 1876 dum
250 1811 393 1876 sinceras
436 1809 562 1895 antiqui
596 1811 754 1875 sermonis
790 1807 909 1877 formas
944 1811 977 1877 in
1008 1811 1101 1878 libris
1134 1811 1322 1880 obliteratae

137 1950 228 2009 esse,
259 1927 314 1995 sed
348 1927 451 1994 mutto
475 1929 579 2010 magis
603 1929 749 1997 mirabile
783 1939 834 1997 est
868 1931 1026 2018 quomodo
1060 1932 1206 2000 homines
1230 1932 1318 1999 docti

137 2050 279 2118 intilinm
320 2050 453 2117 testium
497 2057 529 2117 et
566 2070 745 2139 numquam
779 2050 841 2118 sibi
877 2055 1096 2122 constantium
1134 2064 1191 2121 aut
1233 2057 1321 2122 inter

137 2192 170 2239 se
211 2171 481 2239 consentientium
520 2172 746 2238 auctoritatem
784 2173 887 2239 secuti
920 2172 1046 2240 tamdiu
1087 2172 1172 2241 ferre
1210 2185 1321 2262 potue·

134 2295 202 2358 rint
231 2291 350 2358 iormas
380 2291 533 2368 vitiosas,
565 2290 684 2377 quibus
719 2299 843 2358 veteres
873 2292 996 2359 Atticos
1033 2312 1210 2379 numquam
1244 2315 1320 2364 usos

133 2432 202 2480 esse
225 2411 324 2478 certis
343 2408 473 2475 indiciis
494 2417 527 2476 et
547 2411 748 2495 argumentis
777 2409 899 2498 liquido
922 2420 1064 2492 constet,
1089 2413 1205 2500 quibus
1234 2416 1288 2481 nib

134 2533 221 2599 atiud
250 2530 366 2618 opponi
397 2537 501 2617 potest
524 2537 653 2615 praeter
684 2542 823 2597 νσιοενιιι
850 2533 1104 2599 membranorum
1124 2535 1219 2620 fidem
1242 2558 1267 2602 ss

133 2654 253 2721 centies
285 2651 431 2717 omnium
462 2669 622 2716 consensu
652 2651 687 2717 in
719 2648 892 2718 manifesta
926 2650 1037 2720 fraude
1071 2652 1243 2741 deprebens

132 2775 217 2842 Satis
240 2779 382 2850 constat,
414 2779 451 2837 ut
473 2770 533 2837 hoe
556 2780 651 2850 utar,
683 2770 841 2838 secundas
864 2791 1015 2859 personas
1037 2773 1207 2842 verborum

131 2897 273 2962 sivorum
289 2893 402 2974 ‚in-7
410 2917 436 2959 ει
454 2911 565 2959 omnes
586 2892 691 2970 exire,
715 2892 959 2978 ¹10¹1„i¹!:.·...tt·-
988 2893 1143 2962 Dicebant
1165 2896 1220 2964 olir

130 3020 240 3097 ύυμεῖ,
262 3015 377 3097 λήψει,
401 3014 528 3093 πεύσει,
552 3010 824 3100 quomadmodum
844 3012 952 3093 βούλει
976 3020 1008 3080 et
1034 3014 1103 3099 ὄψει
1127 3024 1213 3083 oons‘

130 3134 288 3202 dicebant.
324 3133 479 3201 Librariis
502 3132 597 3200 aliter
615 3132 733 3200 visum.
779 3132 892 3220 Itaque
914 3133 1102 3223 Euripidem
1123 3135 1187 3202 vid

129 3256 242 3322 multis
274 3254 347 3321 aliis
374 3255 421 3320 sie
452 3250 1001 3357 d⁰s⁰rffl³²um‚-³ffl39?d9¹!i⁰⁸m
1032 3265 1163 3325 consuet

100 3350 107 3463 'q
130 3374 217 3442 Nihil
240 3382 344 3462 potest
367 3393 436 3440 esse
459 3373 581 3439 certius
600 3391 697 3459 quam
709 3369 765 3469 ᾖα
780 3373 864 3461 apud
887 3373 1018 3442 Veteres
1041 3373 1139 3441 habui

104 3496 185 3583 {prs
205 3503 237 3562 et
260 3494 359 3578 ἦσαν,
391 3514 453 3559 non
480 3494 574 3577 ἥεμεν
599 3492 747 3583 (fissura),
779 3495 861 3580 ᾔειπε
885 3503 917 3562 et
946 3498 1059 3580 ᾔεσαν,
1083 3518 1114 3583 ῳ

106 3586 294 3684 ¹inauditae
325 3615 494 3683 Veteribus
517 3623 610 3681 natae
640 3624 716 3681 sunt
738 3635 777 3683 ex
799 3636 909 3683 eorum
935 3636 1045 3683 errore
1071 3639 1110 3716 qq

129 3739 303 3804 certiorem
329 3735 464 3802 [ormam
496 3754 553 3821 pro
577 3734 637 3818 ᾖα,
671 3736 710 3803 ad
734 3756 803 3803 eam
837 3738 995 3804 rationem
1026 3757 1106 3805 acco

130 3880 227 3946 quam
250 3859 285 3924 in
317 3859 398 3942 ᾔδειν
421 3857 619 3943 caeterisque
649 3856 971 3945 plusquamperfectis
1001 3878 1082 3926 omn

129 3989 196 4047 tur.
245 3977 380 4044 Formae
404 3978 546 4045 noviciae
570 3979 689 4064 passim
709 3979 744 4044 ἑκ
766 3984 822 4053 πῆς
847 3980 1004 4054 συνηθείας
1029 3981 1059 4045 in

130 4119 204 4166 rom
221 4100 437 4184 irrepserunt,
457 4106 489 4164 et
513 4096 554 4164 ab
577 4097 740 4164 nonnullis
763 4107 828 4164 tam
853 4118 948 4166 caeca
968 4110 1038 4187 pert

131 4229 204 4298 tur,
228 4227 266 4285 ut
289 4217 337 4286 ret
367 4217 450 4306 apud
482 4217 703 4307 Thucydidem
723 4219 747 4285 1.
775 4225 803 4285 1.
826 4216 872 4286 ύπι
896 4221 1037 4305 ἀκμάζον

130 4343 223 4409 αὐτὸν
248 4342 310 4430 (τὸν
334 4339 481 4426 πόλεμον)
506 4341 677 4424 ἀμφότεροι
710 4353 890 4427 παρασκευῇ
914 4354 953 4429 πῇ
973 4343 1020 4411 ποί
