2940 5010
701 245 763 307 aot

142 421 174 479 ei
198 413 395 494 οὶραιισρθτιος
432 416 464 481 in
496 415 631 490 ἄλλοις
666 415 814 495 γέννας,
847 416 942 481 cuius
972 416 1018 483 rei
1051 416 1153 486 muita
1180 419 1326 509 exempl·

142 517 221 585 alias
243 519 412 598 dedimus,
436 520 553 606 quibus
578 540 676 587 uuum
703 519 784 588 adde
807 540 846 586 ex
878 520 1040 588 Demetrio
1068 524 1136 606 τερ)
1168 526 1327 607 ἐρμννοθιρ

143 627 255 712 5207.
282 625 336 691 ubi
357 627 504 703 vitioseri
528 626 661 701 ἄλλως
685 627 730 706 γέ
758 650 836 700 τοις
859 626 910 692 διαὶ
929 628 1068 710 βραχθος
1090 627 1212 695 editur.
1243 628 1327 699 Hono

144 730 251 796 omnia
275 739 306 797 et
330 729 391 797 aiia
417 741 567 799 sexcenta
600 740 676 798 nata
708 739 784 797 sunt
814 739 870 796 aut
902 751 940 798 ex
966 732 1167 817 ignoratione
1199 732 1328 819 linguon

143 835 357 922 antiquioris,
379 856 479 923 quum
505 856 598 903 nemo
622 835 699 924 quid
729 843 814 903 esset
844 837 1016 918 θριτήθεςος
1040 846 1096 904 out
1127 837 1327 919 οἱαοσγὲτιις

145 941 225 1006 satis
247 941 363 1019 sciret,
387 950 483 1009 aute
511 939 671 1008 scribendi
695 939 893 1026 compendiis
927 940 1091 1027 neglectis.
1139 940 1200 1009 Est
1232 941 1328 1030 quod·

143 1042 216 1112 dam
247 1045 354 1112 mendi
378 1067 480 1132 genus
503 1048 535 1113 in
559 1047 670 1134 paucis
691 1044 1005 1133 frequentissimum,
1027 1045 1160 1133 quodsi
1183 1048 1260 1135 quis
1280 1066 1328 1117 sc·

146 1149 208 1217 mei
243 1149 507 1219 animadverterit
539 1154 570 1219 in
603 1151 751 1239 piurimis
785 1149 863 1216 iocis
899 1169 1006 1216 reram
1046 1152 1244 1240 scriptoram
1272 1162 1329 1222 eut

145 1256 212 1342 ipse
242 1258 383 1342 reperire
419 1257 535 1343 poterit
565 1265 621 1322 aut
644 1277 663 1322 a
687 1264 839 1342 corrupta
866 1253 1087 1342 distinguere,
1118 1256 1328 1345 quamobrem

145 1358 177 1426 id
205 1362 319 1446 paucis
341 1363 494 1449 aperiam.
542 1360 817 1444 Quemadmodum
842 1361 928 1427 enirn
955 1361 986 1426 iu
1015 1360 1187 1430 (lodicibus
1218 1363 1328 1451 piaris·

145 1484 208 1552 que
228 1472 256 1548 φ
279 1473 312 1531 et
334 1471 378 1549 φρ
400 1467 451 1532 rix
475 1465 613 1532 discerni
639 1474 772 1553 possunt
800 1465 862 1532 nisi
887 1464 927 1531 ab
949 1483 1007 1542 eo,
1031 1469 1086 1553 qui
1113 1467 1175 1536 hoc
1198 1478 1277 1557 agat
1297 1479 1331 1541 et

144 1569 225 1638 irene
247 1569 367 1638 Graece
390 1572 470 1638 sciat
501 1579 533 1637 et
556 1570 663 1636 oculos
695 1570 810 1638 habent
833 1569 926 1656 longo
952 1589 1013 1635 usu
1037 1573 1251 1653 exercitatos,
1282 1576 1330 1643 sic

144 1676 242 1743 ctiam
267 1686 377 1742 utrum
400 1684 428 1760 φ
453 1696 493 1743 an
521 1678 563 1758 φθ
588 1677 622 1741 in
651 1676 743 1743 iiirris
773 1677 930 1762 scriptum
956 1676 997 1742 sit
1026 1696 1087 1742 non
1111 1685 1161 1745 est
1182 1681 1332 1748 cuiusvis

144 1779 344 1860 discernere,
368 1789 400 1848 et
422 1782 609 1868 saepissime
634 1791 670 1848 ut
692 1787 720 1863 φ
746 1801 803 1867 pro
822 1787 865 1864 φρ
890 1780 937 1846 sic
957 1786 985 1863 φ
1009 1800 1066 1867 pro
1089 1786 1132 1867 φθ
1156 1804 1331 1872 perperam

145 1885 243 1951 scribi
279 1885 368 1953 solet.
416 1885 474 1954 Ubi
500 1886 602 1970 τοθφος
629 1907 686 1974 pro
714 1887 833 1970 τθφρος
868 1885 988 1971 legitur
1019 1886 1131 1954 Critici
1168 1889 1333 1976 vigilant,

144 1988 200 2055 sed
234 1994 355 2074 φατρία
385 2012 443 2080 pro
473 1993 611 2075 φρατρθα
643 1991 706 2057 dici
737 2011 827 2078 posse
861 1990 973 2058 multis
1003 1990 1155 2059 credibile
1189 1995 1332 2063 ridetur.

145 2093 198 2161 Sic
236 2096 337 2182 igitur
372 2105 524 2184 perpetuo
558 2096 710 2163 contundi
735 2096 857 2164 ridebis
889 2097 997 2180 φθθνος
1020 2107 1053 2163 et
1074 2098 1188 2179 φθνος,
1224 2101 1333 2185 φθθτι

143 2208 175 2267 ei
205 2200 318 2286 φθτρ,
351 2202 531 2286 ἀδιάφθορον
554 2211 586 2269 ei
609 2202 774 2284 οὶθιοὶφορον
806 2211 839 2269 ei
867 2202 940 2267 sint.
986 2205 1184 2287 Κατελιὶφιι,
1217 2224 1333 2292 quam·

143 2325 240 2392 quam
267 2306 359 2373 nihili
384 2317 432 2374 est
456 2327 513 2395 pro
544 2308 726 2388 νατειιθφθνρ
753 2307 913 2385 occurrit,
937 2316 969 2373 et
998 2309 1043 2387 μὶν
1076 2310 1331 2395 muscosae

142 2411 267 2494 oraim,
291 2432 349 2499 pro
371 2416 561 2497 χαλεφθρῑς,
588 2421 620 2479 ei
642 2414 687 2492 pt,
709 2417 858 2494 μεμφῆιο
882 2413 914 2477 in
941 2411 1061 2478 Platon.
1094 2412 1172 2500 Rep.
1208 2434 1241 2503 p.
1265 2419 1330 2485 266

143 2516 180 2582 li.
206 2537 264 2603 pro
294 2520 339 2595 ad
366 2543 408 2597 ριε
435 2520 527 2602 φθῇς.
576 2518 657 2583 Hinc
689 2536 783 2602 saepe
812 2518 974 2599 peripsam
1011 2527 1042 2583 et
1074 2519 1234 2601 (piperem,
1271 2548 1329 2589 τι·

141 2623 324 2705 ριεφθείρετο
358 2631 390 2689 et
424 2625 640 2707 περιεφέρετο,
674 2622 834 2703 διαφθείρω
859 2630 890 2687 ei
912 2623 1046 2706 διαφέροι
1077 2625 1327 2710 permiscentur.

143 2727 224 2793 iiiuc
252 2737 380 2815 recepta
412 2737 458 2794 est
492 2727 628 2795 barbara
652 2725 754 2792 iorma
775 2729 806 2791 in
832 2725 972 2792 Platonis
1003 2727 1182 2796 Phaedrum
1210 2751 1239 2818 p.
1263 2735 1326 2798 ene

142 2832 175 2898 B.
200 2834 254 2899 ἐὰν
277 2835 308 2901 δὲ
340 2832 477 2918 ἒξακιφρῑ
501 2854 559 2922 pro
581 2832 772 2913 ἐξαλειφθῇε
805 2831 896 2898 nihili
930 2829 1029 2898 iorma
1056 2842 1105 2900 est
1135 2832 1325 2919 ἕξαλιφνῑναι

141 2957 158 3004 e
191 2937 310 3026 dupiici
342 2957 450 3006 errore
482 2939 641 3004 tratartcio
676 2945 759 3003 nata.
809 2935 886 3003 Utar
918 2956 1003 3004 nunc
1034 2957 1071 3002 ea
1103 2937 1325 3009 observatione

140 3041 180 3108 ad
211 3063 311 3111 unum
348 3042 651 3109 Pseudo-Plutarchi
689 3042 795 3108 iocum
832 3042 1033 3122 sanandum,
1068 3045 1124 3131 qui
1165 3044 1325 3133 flagitiose

140 3157 312 3235 corruptus
335 3145 586 3225 circumfertur,
610 3148 689 3213 alias
712 3146 814 3213 multo
839 3146 929 3234 piura
958 3147 1105 3215 daturus.
1152 3150 1190 3216 iu
1219 3150 1325 3221 libello

139 3253 178 3317 de
201 3252 335 3318 Educet.
356 3275 526 3340 puerorum
550 3273 579 3339 p.
603 3259 621 3318 ii
647 3252 680 3318 B.
705 3251 839 3339 iegitur:
864 3254 917 3330 iiio
943 3254 974 3319 δι’
996 3278 1075 3329 τινες
1095 3256 1233 3324 καὶτῶν
1256 3282 1323 3327 νεα·

140 3358 302 3438 rescrips-v
335 3355 489 3425 ἅπτονται
525 3366 624 3424 κακῶν
657 3359 856 3440 μοιχεύοντες
897 3359 949 3424 καὶ
991 3366 1322 3444 κιττοφοροῖιντες

139 3462 190 3526 καὶ
217 3461 294 3540 μίαν
324 3463 425 3539 ἡδονὴν
449 3462 581 3529 θανοθτου
606 3465 780 3544 τιμώμενοι.
827 3461 980 3529 docuiaris
1000 3465 1165 3551 scriptura
1188 3477 1240 3537 eet
1261 3493 1325 3537 κιτ-

138 3570 337 3648 οοφοροῖιντες
357 3574 389 3632 ei
412 3572 659 3652 νωτοφοροῦντες
680 3577 713 3633 et
741 3565 860 3653 duplici
886 3566 1002 3634 mendo
1023 3567 1159 3651 iniecta,
1184 3591 1327 3663 nemque

140 3667 220 3735 nihii
251 3669 338 3737 aliud
370 3670 502 3737 dederat
530 3671 679 3758 Sophiste
708 3692 803 3759 quarn
835 3674 1034 3755 μοιχεύοντες
1071 3676 1123 3742 καὶ
1157 3678 1348 3765 οθκοφθο-

138 3781 304 3857 ροῦνττς,
328 3774 410 3863 quod
436 3777 467 3841 in
493 3779 715 3861 circomspectione
741 3777 815 3843 oiim
838 3776 933 3857 abiit,
965 3777 1062 3866 idque
1085 3779 1161 3847 solis
1183 3783 1335 3853 cochleis

138 3889 170 3948 ct
195 3879 325 3970 Scythis
351 3883 521 3969 proprium
550 3902 620 3949 esse
641 3884 702 3948 rari
727 3881 875 3949 Graeculi
906 3887 1133 3966 κιςοφοροῦντες
1160 3894 1195 3953 ei
1224 3914 1349 3959 κοττα-

138 3991 300 4071 φοροῦντες
330 3987 530 4074 ineptissime
556 3988 789 4073 excogitarunt.
838 3989 1020 4071 οἰκοφθόρος
1042 3998 1075 4057 et
1096 3992 1271 4077 οθκοφθιρθα
1291 4002 1337 4063 ei.

137 4092 318 4177 οἰκοφθορεῖν
350 4091 433 4181 apud
464 4091 595 4159 Veteres
620 4100 784 4178 ponuntur
811 4091 850 4159 de
877 4094 1049 4181 profligata
1076 4116 1113 4162 re
1140 4098 1323 4186 familiari,

33 4245 36 4250 ‚
137 4194 223 4285 opud
246 4197 409 4284 aequiores
428 4197 467 4264 de
486 4197 649 4266 meritorio.
699 4195 872 4285 Utriusque
903 4217 983 4266 usus
1006 4199 1149 4288 exempta
1173 4206 1325 4295 apposuit

134 4298 417 4391 wyttenbachius.
