2940 5010
700 252 764 314 562⁷.

138 427 253 508 μωρίοος
276 425 457 506 τυγχάνοι,
494 423 548 490 ubi
574 425 753 511 requiritur
783 425 955 507 ἐνέχοντοοι.
1003 426 1113 492 Evasit
1146 426 1219 493 siue
1256 426 1335 491 vitio

141 533 196 599 illa
226 532 381 599 orationis
409 530 512 596 lorrua
545 529 903 599 tauroentum.
939 529 1204 614 extentorum
1237 532 1283 607 είη
1307 534 1334 598 εί

141 636 227 713 οὗτος
247 641 304 719 μὲν
325 674 372 688 -
393 638 556 715 ἡγήσοιτο,
580 637 668 715 ὑμεῖς
692 638 724 704 δὲ
744 674 790 688 -·
808 640 853 718 μη
876 637 1165 717 οίποδοκιμότοιοτε,
1187 646 1222 704 et
1246 636 1332 724 apud

140 745 315 812 Isocratem
341 742 373 806 iu
399 738 486 806 Orat.
504 741 558 807 Xl.
583 747 637 808 41.
686 743 722 810 lu
747 742 1000 811 Orat.XX.12.
1026 741 1213 811 titubarunt
1233 742 1331 810 iidem

141 852 175 916 in
201 847 310 915 verbis
332 845 390 917 ὅτε
414 848 509 926 μηδὲν
543 847 706 928 tornareto
729 850 771 917 τὼ
790 847 891 930 τρόπω
910 850 953 914 τόν
973 851 1143 928 dubitur,
1167 849 1333 937 ineptissi-

139 976 230 1022 mum
247 962 296 1020 ost
318 954 360 1020 τὼ
377 953 544 1029 diuisor.
570 954 711 1022 rescribe
730 958 771 1023 τὼ
790 952 891 1035 τρότω
913 955 1074 1032 datiuum
1120 952 1204 1020 blale
1226 954 1332 1042 exple·

140 1067 259 1128 verunt
278 1056 445 1124 elisionem
478 1060 510 1124 iu
546 1056 633 1127 Orat.
655 1060 756 1128 xxti.
782 1064 814 1126 7.
843 1058 968 1138 όνοίνκη
991 1060 1044 1126 vol
1076 1058 1332 1142 μακρότερον

139 1169 237 1234 alneio
255 1163 323 1244 τερ)
336 1165 457 1241 adadu,
482 1163 575 1230 nihili
598 1173 648 1232 est
668 1173 791 1247 μοοκριῖις
810 1167 926 1244 clareia,
949 1164 1099 1232 direlraut
1118 1164 1209 1231 enim
1233 1166 1331 1233 είπίι

139 1269 267 1351 μοικροό,
292 1270 401 1354 itaque
424 1269 560 1336 emenda
582 1272 746 1354 μακρότερ’
768 1273 877 1339 εἰπεῖν.

184 1375 278 1442 Locis
301 1374 447 1463 Lysiaois
471 1374 641 1442 sublicium
667 1376 790 1464 aliquot
814 1376 991 1443 lsoorateos
1013 1372 1123 1441 eodem
1143 1372 1256 1442 mendi
1280 1394 1333 1462 ge·

140 1501 217 1548 nere
239 1479 385 1547 inleotos.
432 1480 468 1547 ln
501 1478 652 1548 Oratione
673 1480 697 1547 l.
725 1484 776 1547 19..
810 1480 926 1547 vitium
956 1481 1041 1548 inest
1066 1478 1242 1547 admodum
1267 1480 1334 1549 ire·

140 1606 244 1674 quens
268 1586 300 1650 iu
327 1582 453 1651 verbis:
485 1588 547 1666 ἐγώ
578 1611 622 1652 τοι
648 1584 834 1668 τειρότομοω
858 1585 1016 1665 συντόμως
1041 1585 1204 1653 duodicim
1228 1585 1269 1654 δι’
1294 1584 1334 1653 aiv

139 1690 178 1758 ἄν
200 1715 252 1772 μοι
286 1691 445 1767 δοκοίης
475 1690 729 1771 ἐπιτηδευμάτων
753 1699 880 1761 nartem
905 1692 978 1773 τρότ
1010 1692 1122 1773 ripario
1150 1692 1335 1771 ότιδοῦκοοι,

139 1797 302 1883 optativus
324 1796 440 1872 δοκοίης
460 1794 595 1864 debetur
615 1796 794 1864 dorreetori
815 1795 1006 1875 senvidoeto,
1030 1797 1085 1883 qui
1108 1797 1237 1865 Atticae
1255 1818 1334 1865 eon-

138 1901 321 1969 suetudinis
355 1902 525 1968 immemor
548 1912 605 1969 aut
629 1902 763 1989 ignarus
786 1900 826 1968 όν
849 1922 923 1968 eum
953 1901 1049 1969 verbo
1080 1900 1172 1967 linito
1196 1904 1333 1971 ooniuu·

138 2007 279 2095 gendum
315 2027 385 2074 esse
418 2009 542 2094 putavit
573 2028 675 2095 quum
707 2016 792 2075 esset
825 2027 900 2073 oum
927 2008 1082 2074 ἐτιδοῦνιοι
1117 2006 1157 2072 ab
1187 2008 1333 2076 Isocrate

138 2113 372 2189 coniunctum,
396 2114 451 2200 qui
473 2113 571 2189 δοκεῖς
592 2112 746 2193 dederat,
760 2172 763 2179 .
776 2110 873 2199 idque
897 2112 1061 2178 Bellerus
1085 2121 1251 2192 senserat,
1276 2114 1331 2181 sed

137 2219 253 2295 δοκοίης
275 2216 394 2284 abillis
416 2228 579 2286 servatum
597 2228 666 2299 est,
687 2218 805 2306 quibus
823 2215 950 2283 Codicis
967 2216 1131 2284 Urbinatis
1149 2219 1333 2285 auotoritas

138 2327 244 2413 potior
267 2331 315 2391 est
335 2344 432 2410 quam
457 2343 535 2389 sana
557 2327 641 2391 ratio
659 2334 692 2392 et
713 2323 841 2391 dicendi
871 2342 960 2390 usus.
1007 2323 1160 2391 Fortasse
1179 2321 1233 2391 bis
1255 2345 1333 2412 quo·

137 2450 200 2518 que
224 2429 304 2517 ipsis
333 2427 599 2515 persuadebimus
630 2429 767 2496 Rebleri
800 2426 1056 2495 emendationem
1083 2448 1153 2495 esse
1182 2432 1331 2499 certissi-

140 2555 249 2612 mam,
282 2535 311 2599 si
342 2532 637 2601 demonstrabimus
664 2534 748 2602 idem
780 2532 932 2601 mendum
966 2531 1076 2600 eodem
1107 2533 1203 2601 modo
1235 2554 1331 2624 saepe

139 2639 215 2707 alibi
240 2659 311 2706 esse
334 2640 556 2707 commissum.
604 2639 759 2726 lnspioiat
780 2639 860 2705 mibi
882 2638 1000 2726 aliquis
1023 2638 1128 2706 loourn
1150 2639 1186 2706 in
1208 2640 1330 2709 lsoora·

139 2747 182 2813 tis
211 2744 354 2832 Epistula
375 2744 459 2810 Vlll.
483 2749 514 2809 9.
550 2742 627 2811 οὕτω
649 2745 675 2810 δ’
699 2743 738 2812 ἴον
760 2770 812 2825 μοι
848 2746 1000 2812 δοκεῖτε
1031 2743 1173 2815 aduersa
1196 2748 1328 2827 βουλεύ-

137 2854 251 2918 οοιτόοοι
274 2849 342 2932 περὶ
370 2850 507 2928 τούτων,
537 2851 563 2915 εί
587 2850 740 2932 τκὲψεοόε
760 2850 809 2926 τίς
832 2852 894 2919 isra
916 2851 932 2916 ό
956 2848 1114 2930 δεόμενος,
1138 2851 1173 2918 iu
1200 2871 1240 2919 eo
1260 2852 1329 2921 lusu

137 2957 290 3025 similiter·
315 2955 391 3022 libri
413 2974 525 3022 omues
548 2954 701 3022 exhibent
732 2954 809 3023 οὕτω
833 2957 860 3022 δ’
887 2955 926 3022 ἄν
955 2980 1007 3035 μοι
1038 2957 1241 3035 δοκοίητε,
1272 2957 1329 3027 aed

137 3065 254 3130 δοκιίτε
288 3083 307 3129 a
342 3061 486 3129 llelakero
521 3062 689 3128 verissime
727 3069 910 3127 eorreotum
950 3060 1165 3149 probaverunt
1202 3082 1328 3132 omues.

138 3168 200 3236 Sed
225 3174 390 3256 praeterea
422 3166 659 3234 emendandum
684 3173 732 3233 est
755 3167 781 3232 εί
810 3167 980 3248 autumus
1011 3165 1332 3249 auennensem,

138 3272 346 3362 quamobrem
381 3272 502 3340 Graece
535 3270 707 3339 dicendum
740 3280 788 3338 est
816 3271 945 3342 κοίηιοιέ
977 3272 1017 3339 ίιν
1044 3273 1275 3352 βουλεύσαισθε
1302 3275 1342 3343 οἳ

138 3378 331 3460 caldarole,
356 3385 413 3444 aut
441 3376 582 3447 κόλλιςκ
604 3377 813 3457 βουλεύοισθε
835 3379 862 3443 sl
893 3377 1046 3460 οκόψτοόο
1076 3380 1144 3447 sive
1171 3380 1229 3447 tata
1258 3380 1375 3449 σκό-

135 3485 248 3565 quote
295 3480 434 3549 Alteram
458 3480 700 3549 demonstrandi
725 3503 824 3550 eausa
846 3484 953 3550 locum
977 3483 1207 3572 Aristophanis
1228 3487 1375 3575 pervi—

137 3587 248 3657 milem
270 3586 325 3653 sed
349 3586 411 3654 alia
436 3597 527 3674 parte
551 3596 742 3675 corruptum
763 3609 782 3655 e
803 3590 917 3676 vespis
940 3609 987 3656 vs.
1011 3593 1108 3657 1404.

318 3694 345 3758 εί
367 3694 401 3769 νη
425 3694 477 3759 Δί’
499 3694 570 3760 ἀντὶ
593 3702 650 3770 τῆς
674 3703 772 3772 κοικῆς
796 3695 943 3774 γλώττης
963 3694 1050 3761 τοόέκ

317 3801 428 3879 τυροὺς
450 3798 571 3881 τρίοοιο,
594 3804 758 3883 σωφρονεῖν
781 3798 819 3866 aiv
841 3826 894 3882 μοι
918 3803 1025 3876 δοκοῖς.

138 3903 192 3973 ubi
218 3904 332 3991 nequis
356 3901 482 3971 dubitet
502 3905 598 3979 δοκεῖς
621 3906 803 3991 corrigere,
835 3905 931 3973 velim
962 3908 1081 3994 cogitet
1110 3905 1253 3976 formam
1282 3910 1314 3977 δο

135 4017 199 4085 κοῖς
222 4029 279 4095 pro
310 4009 425 4085 δοκοίης
456 4029 588 4098 pravam
622 4018 655 4076 et
687 4009 843 4079 soloeoam
868 4032 948 4080 esse.
997 4012 1145 4099 Tragioia
1171 4012 1254 4083 lieet
1280 4040 1375 4083 var-

136 4124 220 4194 οοῑμι
244 4122 277 4181 et
302 4115 419 4194 bonoim
440 4123 473 4182 et
496 4114 615 4181 similia
635 4116 761 4195 dioere,
786 4116 870 4205 (vide
893 4118 1163 4187 Valckenaerium
1186 4117 1227 4187 ad
1253 4120 1375 4209 uq-

12 4252 14 4257 .
137 4219 199 4307 pol.
224 4239 270 4287 vs,
293 4218 384 4307 469.)
417 4220 533 4309 populo
559 4228 591 4287 et
613 4221 752 4290 Gouriois
775 4232 807 4291 et
831 4221 1022 4292 Oratoribus
1054 4244 1120 4292 non
1145 4222 1244 4306 lieet,
1273 4232 1375 4295 τοί

135 4326 274 4404 δοκοίην,
305 4327 419 4401 νοοοίην
453 4336 485 4395 οι
511 4328 583 4395 sim.
617 4328 683 4396 sola
710 4331 742 4395 in
770 4348 829 4397 usu
855 4340 942 4399 sunt.
989 4330 1025 4399 lu
1054 4330 1208 4401 lsoeratis
1235 4331 1375 4403 unt-
