2940 5010
776 273 840 337 lto

211 457 286 507 nem
302 439 329 505 δ’
351 435 558 507 leoteria
580 434 647 510 ein,
672 452 754 520 quae
775 434 879 502 torma
902 453 997 522 quam
1027 454 1122 522 saepe
1146 435 1316 523 depravari
1342 456 1395 502 so-

209 543 273 612 leat
302 540 343 609 ad
381 538 576 607 Herodotum
606 538 821 607 ostendemus.
873 541 909 608 ln
941 539 1042 630 321.
1078 541 1132 609 ael
1163 544 1190 609 oi
1221 541 1394 625 ἀρτοκόποι

209 649 261 716 aad
290 646 344 737 [ol]
369 643 495 727 οόνοχόοι
522 644 697 730 Φόοιιιντες
726 640 823 723 εἷνοιι,
850 647 1009 713 assentior
1031 647 1073 713 iis
1100 647 1156 734 qui
1177 646 1318 715 altarum
1339 666 1395 715 ar·

207 751 343 820 tieulum
373 751 513 838 expungi
547 751 722 817 iusserunt.
768 749 889 818 Deinde
908 750 1061 819 nonnulla
1083 752 1295 834 exciderunt,
1325 772 1394 842 quo

206 865 312 926 τοῦτον
336 858 371 924 in
393 856 500 924 uerbis
522 856 589 923 ἐπεὶ
613 856 645 924 bl
669 857 811 923 ἕοόόοντο
832 863 939 924 τοῦτο
960 856 1169 926 referebatur.

251 962 377 1029 Turbes
408 960 567 1029 dederunt
594 968 793 1029 correctores
821 962 874 1028 lV.
899 982 928 1029 ν.
956 969 1008 1031 m.
1041 964 1075 1029 in
1098 962 1226 1031 serbis:
1249 964 1306 1031 ιιιιὶ
1322 964 1393 1046 γὰρ

207 1066 302 1147 ἦνον,
324 1068 429 1143 ἐπειδὴ
452 1067 582 1133 ἐπέλιπε
604 1066 648 1133 rai
670 1068 794 1149 όρχιιῒιι
817 1068 1023 1150 uxorem,
1045 1071 1233 1152 κορβιιρόνιιι
1256 1093 1395 1146 πεποιη-

206 1175 297 1255 μένοι
319 1174 354 1239 ἐκ
380 1177 440 1238 τῶν
462 1170 625 1252 morenos
656 1173 757 1252 βοῶν,
781 1171 835 1239 alii
869 1176 975 1248 αὐτοῖς
999 1175 1207 1242 inseruerunt
1235 1175 1394 1259 ιιοορβιοτό·

207 1305 255 1349 νοιι
278 1282 384 1351 αὐτοῖς
407 1275 634 1356 πεπονημένοι,
657 1285 694 1344 ut
717 1276 915 1365 significaret
934 1275 1020 1361 εἶχον
1038 1280 1245 1361 ιιορβιιτόνιος.
1282 1281 1393 1349 Xeno-

206 1384 291 1474 phon
314 1383 488 1468 scripserat
510 1376 850 1466 ἦσαν-καρβατίνας
872 1383 1092 1464 πεποιημένοι,
1115 1403 1214 1451 novoe
1235 1385 1299 1452 sibi
1327 1385 1396 1475 apri

208 1490 331 1558 ealoeos
353 1490 568 1574 confecerant:
592 1486 648 1555 sed
671 1487 784 1556 lelellit
806 1487 978 1557 Graeculos
998 1488 1052 1556 bie
1079 1508 1160 1556 usus
1179 1488 1270 1558 verbi
1297 1498 1394 1559 ποιεῖ-

204 1599 273 1662 oter
297 1591 469 1661 Veteribus
491 1591 663 1660 admodum
685 1595 836 1661 usitatus.

252 1699 353 1767 Vetus
372 1696 428 1764 sed
451 1697 628 1765 insanabile
650 1700 768 1766 vitium
788 1708 837 1767 est
862 1699 895 1766 in
922 1699 977 1767 lV.
1002 1719 1032 1767 u.
1057 1703 1111 1766 it.
1144 1701 1177 1766 in
1199 1698 1308 1767 verbis
1334 1701 1392 1769 sal

207 1805 302 1888 μόλοι
336 1803 389 1881 ἡδὺ
425 1804 686 1885 οιιμμοιόόντι
718 1807 755 1871 τό
785 1811 882 1885 κῶμοι
906 1802 951 1881 ἦν.
999 1805 1208 1892 Quocumque
1232 1814 1263 1873 la
1284 1814 1396 1874 vertes

207 1929 385 1996 numquam
415 1910 535 1996 poteris
567 1909 760 1990 σομμιιόόοτι
785 1909 861 1997 quid
892 1911 936 1976 sit
966 1908 1139 1996 expedire,
1169 1931 1274 2000 nequo
1296 1911 1394 1999 qnid·

208 2036 305 2104 quam
329 2012 463 2102 probare
486 2033 524 2081 ex
547 2015 588 2081 iis
610 2034 693 2102 quae
715 2013 800 2081 doeti
821 2013 986 2092 homines,
1011 2023 1047 2080 ut
1069 2013 1102 2081 in
1123 2015 1182 2083 tali
1209 2034 1246 2083 re
1267 2017 1392 2098 solent,

207 2121 247 2189 de
269 2140 328 2187 suo
363 2120 666 2187 oommiuiseuntur.
713 2120 934 2200 Συμμοόόνιι,
965 2119 993 2185 si
1027 2118 1145 2188 Suidae
1179 2119 1307 2199 credis,
1342 2132 1394 2190 est

206 2225 427 2301 οονεόιοόόντι,
451 2223 483 2290 id
507 2224 591 2312 quod
614 2235 647 2292 et
670 2245 728 2313 per
750 2224 840 2292 verbi
864 2233 1013 2290 naturam
1038 2223 1108 2291 lieri
1128 2246 1191 2293 non
1213 2234 1341 2314 polest,
1359 2238 1394 2296 et

207 2333 306 2399 etiam
339 2331 491 2415 siquam
523 2333 663 2399 maxime
694 2339 800 2419 posset
822 2328 902 2396 nihil
932 2348 989 2396 nos
1011 2331 1156 2409 iuvaret,
1187 2351 1328 2419 namque
1351 2331 1393 2400 de

206 2437 337 2506 Graecis
360 2434 419 2501 hoe
442 2433 507 2500 diei
529 2435 635 2523 palam
658 2444 707 2504 est
730 2456 817 2502 nuno
838 2435 979 2522 primunr
1001 2437 1198 2518 τὸν-κρίθινον
1221 2433 1294 2504 οόνιν
1313 2456 1393 2524 qus·

207 2542 364 2610 tentibus.
410 2539 632 2627 Nequidquam
656 2543 758 2627 igitur
781 2549 886 2607 certas
911 2537 1061 2627 loquendi
1082 2539 1168 2626 leges
1189 2541 1309 2609 violant
1334 2544 1393 2630 qui

207 2648 268 2715 hoe
291 2646 435 2733 gratuito
462 2645 633 2713 finxerunt.
689 2644 769 2713 llale
803 2646 900 2712 etiam
937 2643 1119 2731 Stephanus
1153 2644 1309 2714 Gallicum
1345 2647 1396 2715 di·

206 2750 299 2820 cendi
332 2770 434 2836 genus
470 2770 542 2816 eum
579 2750 700 2818 Graeco
733 2753 935 2836 oomposuit,
967 2748 1052 2836 quod
1083 2748 1218 2817 sortasse
1247 2750 1392 2838 aliquem

208 2878 304 2925 nsunt
327 2856 444 2924 habere
465 2863 570 2944 potest
593 2854 648 2921 ubi
673 2856 746 2942 quis
769 2854 962 2923 Graecitatis
991 2856 1149 2922 rationem
1184 2854 1247 2923 sibi
1278 2865 1392 2925 notam

207 2973 241 3032 et
269 2965 389 3052 optime
415 2969 616 3050 perspectam
640 2962 749 3027 minus
781 2958 910 3027 erudito
933 2959 1002 3027 vult
1029 2961 1172 3047 aperire,
1196 2960 1252 3027 sed
1276 2961 1310 3027 in
1337 2962 1394 3029 ob·

207 3071 294 3136 sauri
325 3069 387 3134 loei
419 3076 477 3134 aut
507 3064 653 3132 vocabuli
693 3066 852 3134 sententia
885 3064 1066 3149 indaganda
1104 3085 1235 3153 prorsus
1269 3086 1394 3137 sanant

206 3185 239 3243 et
268 3177 399 3241 irritum
422 3173 481 3240 boo
512 3170 686 3239 artificium
712 3180 771 3238 est.
819 3169 909 3252 Quod
941 3169 981 3236 ab
1012 3169 1111 3237 Gallis
1142 3171 1288 3240 sumebat
1320 3172 1395 3243 Ste-

207 3279 349 3367 phanus,
376 3285 500 3365 poterat
531 3275 571 3343 ab
594 3277 674 3363 ipsis
697 3276 828 3344 Graecis
859 3295 997 3342 sumere.
1045 3275 1125 3356 Quis
1154 3278 1240 3344 enim
1262 3278 1397 3365 ignorat

205 3386 451 3453 Theocriteum:

296 3489 441 3562 Βουκόλος
464 3489 503 3555 ὢν
527 3487 639 3560 ε’όέλεις
661 3512 704 3567 με
727 3491 841 3566 κόσοι,
863 3487 989 3564 τόλοινς
1013 3492 1048 3555 οὐ
1069 3486 1240 3568 μεμόόιριιιι

295 3595 445 3676 ἀγροίκοις
466 3593 586 3676 Φιλόειν
610 3593 687 3658 ἀλλ’
710 3594 815 3664 dread
838 3594 953 3676 χιόλιιι
975 3594 1116 3673 όλόβειν,

204 3708 237 3768 et
259 3700 379 3788 passim
402 3697 567 3778 μονόόνειν
590 3697 638 3763 sie
669 3695 748 3763 solet
772 3699 943 3785 usurpari:
980 3696 1187 3785 quamobrem
1217 3697 1394 3769 vehemen-

202 3816 255 3872 ter
277 3804 359 3871 mibi
379 3802 509 3890 quidem
537 3800 659 3869 arridet
682 3811 714 3868 et
743 3802 897 3888 probatur
920 3802 1018 3871 Geelii
1041 3804 1182 3889 suspicio
1201 3803 1233 3870 in
1257 3804 1393 3895 Euripi·

200 3910 250 3978 dis
269 3908 451 3978 Phoenissis
473 3910 549 3974 522.
573 3907 779 3993 reponentis:

424 4015 518 4081 ἐκεῖνο
541 4014 567 4080 δ’
590 4015 652 4093 οὐχ
675 4014 748 4079 ἑκὼν
772 4017 1011 4095 μοιόιὶοομοιι

332 4119 442 4203 ἄρχειν
465 4117 561 4201 οιιιρόν
584 4142 635 4198 μοι
659 4120 734 4201 τῷδε
758 4120 923 4188 torrerent
944 4145 1031 4188 ποτε.

198 4248 256 4316 pro
281 4224 439 4309 librorum
469 4224 629 4311 scriptura
661 4226 848 4305 μιόιὶοομοι.
899 4226 1019 4293 Verum
1042 4224 1124 4292 nibil
1147 4245 1280 4313 prorsus
1304 4227 1388 4298 baec

199 4333 304 4400 latere
326 4330 366 4397 ad
393 4330 612 4417 llermphontis
644 4327 749 4398 locum
776 4330 985 4418 aperiendum
1011 4332 1174 4398 neminem
1198 4331 1312 4421 lugere
1334 4356 1391 4424 po·
