2940 5010
627 278 691 339 595

54 448 185 517 Erasmi
207 450 467 517 annotationem:
503 448 725 513 »Trnnsiotsnn
747 460 896 533 apparet,
931 452 1054 537 inquit,
1084 474 1104 515 o
1133 457 1242 520 vicotri-

56 554 114 623 tus
147 564 178 623 ot
207 554 400 632 nutricibus,
434 574 513 639 quoe
534 553 707 641 infantulos
729 555 816 619 crinis
848 555 1007 639 impositos
1042 559 1142 642 capite
1171 582 1243 646 por·

56 662 160 729 luat?
194 660 262 727 Non
287 660 367 727 solet
388 679 458 726 esse
481 658 637 725 Erasmus
661 668 727 725 tam
752 657 878 735 fatuus,
903 657 958 726 sed
981 662 1116 728 coelibes
1138 672 1170 729 et
1194 686 1244 729 or·

56 764 90 833 hi
111 766 154 835 de
177 765 346 833 infantulis
372 772 406 832 ct
436 764 530 831 cunis
559 766 781 851 scriptitantes
816 762 908 831 lacile
940 786 959 832 a
984 768 1120 833 veritate
1153 777 1245 836 natu·

58 890 115 941 rae
136 881 275 961 possum
297 870 457 937 aberrare.

100 975 323 1063 Gorruptelana
349 974 554 1062 interpolatio
577 983 687 1041 secuta
711 984 760 1041 est
784 975 817 1040 in
845 975 1020 1064 Cyropaed.
1043 976 1125 1043 Vlll.
1150 999 1184 1044 n.
1210 985 1244 1050 li.

60 1082 183 1163 ἄνιθναιρ
208 1078 257 1148 σῦν
279 1083 332 1150 σόν
355 1082 385 1147 ἐν
404 1080 602 1164 βραχυτάτῳ
626 1081 826 1161 oeconomo
849 1080 926 1164 ἔργῳ
946 1086 1052 1149 σσῦσσν
1075 1084 1127 1150 καὶ
1152 1084 1244 1167 torsa

60 1184 284 1269 θινναρνιιθσθαι
314 1192 403 1254 codro
434 1195 540 1253 ποιεῖν.
597 1185 685 1267 Quae
719 1195 767 1252 est
802 1185 855 1251 illa
891 1186 1060 1253 seahrities
1090 1190 1245 1257 orationis

63 1292 181 1375 θνθγιιιρ
205 1292 457 1372 δινναγιισθσθαιῗ
490 1291 624 1379 etquid
652 1300 700 1358 est
725 1294 830 1378 ipsum
860 1292 1110 1370 δινναγκσόσθαιθ
1159 1293 1243 1375 Quid

69 1396 186 1467 nulla?
217 1396 354 1465 emenda
375 1404 465 1465 σσῦσσ
489 1397 583 1481 θριςα
605 1395 803 1480 ἐξειργάσθαι
830 1398 1002 1486 expunctis
1026 1398 1132 1465 uerhis
1154 1406 1245 1467 πσῦσσ

72 1514 165 1573 noto.
212 1503 448 1572 Fideiussoren
473 1502 553 1571 dabo
573 1503 747 1590 optimum:
774 1504 879 1588 ipsun
901 1502 1146 1590 Xenophontem
1169 1505 1245 1573 ihid.

31 1639 36 1647 ·
75 1610 135 1693 Sd.
166 1608 317 1689 όνθναν,
349 1606 459 1689 οἶμαι,
493 1613 600 1675 ταῦτα
627 1606 704 1675 oiiro
727 1610 896 1688 πσιιόμενα
931 1610 1012 1676 πολὺ
1043 1610 1247 1695 διαφερόντως

10 1770 12 1775 .
73 1710 258 1799 θξιιργιόσθαι
281 1712 402 1783 inesco.

114 1819 199 1903 Quod
223 1818 313 1887 vides
343 1820 377 1885 in
401 1818 460 1886 hoc
489 1818 558 1885 loco
590 1818 868 1906 interpolationem
899 1840 938 1886 ex
968 1816 1149 1907 scripturae
1181 1841 1249 1888 cor·

63 1926 189 2013 ruptoln
214 1944 287 1993 osse
315 1933 438 2002 natam,
463 1923 549 1990 iden
572 1922 676 1989 obiter
697 1923 919 1992 demonstrare
943 1925 1085 1991 iuratio
1108 1924 1250 1993 Platonis

54 2020 137 2099 loto
155 2050 224 2099 esse
248 2028 392 2108 iactum,
424 2028 480 2097 uhi
511 2049 613 2095 novus
646 2028 760 2094 Editor
790 2028 823 2095 C.
846 2028 986 2095 Badhan
1017 2031 1132 2098 vitium
1160 2042 1249 2100 certa

50 2136 286 2203 enodatione
315 2134 467 2211 sustulit,
494 2132 550 2199 sed
569 2133 727 2200 emblema
744 2153 784 2200 ex
809 2134 886 2199 uitio
917 2144 1028 2201 natan
1054 2156 1117 2201 non
1142 2147 1248 2204 sustu-

39 2224 121 2307 lit
158 2242 291 2330 Legitur
314 2243 349 2307 in
377 2239 509 2307 Philebo
540 2260 570 2325 p.
596 2244 635 2305 15
660 2240 692 2305 C.
720 2240 782 2307 οὐδ’
805 2238 854 2323 ἄρ’
884 2242 1112 2320 discissionis
1141 2243 1249 2326 irino·

32 2354 120 2411 θῦν
135 2348 221 2417 ἄλλα
243 2346 351 2421 πόσας
375 2345 482 2425 όμνθας
503 2340 581 2412 εἶναι
603 2349 745 2429 φήσομεν
763 2384 831 2425 -,
853 2347 1119 2427 πειρασόμεθα
1142 2348 1173 2415 δὲ
1195 2352 1248 2417 καὶ

26 2432 187 2533 ‘tinea
213 2450 295 2537 σ’θπερ
325 2453 352 2518 oi
383 2450 509 2517 πάντων
533 2450 733 2535 Φανλόπατσθ
765 2476 801 2519 σε
832 2451 885 2519 καὶ
922 2451 990 2533 περὶ
1025 2452 1139 2532 λόγους
1175 2452 1248 2535 ἅμα

26 2548 136 2625 ι’ἆιι
177 2560 217 2627 lu
235 2556 289 2625 his
308 2575 445 2623 nascens
468 2563 501 2623 et
524 2555 662 2640 gliscens
683 2558 800 2624 vitium
820 2558 920 2625 certis
943 2557 1073 2623 indiciis
1094 2558 1249 2628 Codicum

21 2654 237 2733 mimus
283 2662 321 2731 ln
348 2660 518 2728 Bodleiano
548 2681 614 2728 uno
644 2664 789 2730 omnium
818 2664 940 2751 optimo
977 2670 1027 2729 est
1058 2664 1249 2747 πειρθμεθα,

27 2760 264 2839 throrum
294 2765 444 2835 meliores
476 2767 650 2850 πειρώμεθα
688 2767 864 2849 exhibent,
897 2767 1073 2835 deteriores
1106 2773 1249 2853 πειρασό·

34 2874 167 2955 Νι,
189 2873 356 2943 deterrimi
379 2873 608 2955 πειρασώμεθα.
654 2873 734 2941 ltem
751 2893 813 2941 acu
839 2874 945 2959 tetigit
964 2873 1124 2954 Badham,
1147 2896 1249 2962 quum

42 2974 111 3047 Q
128 2980 294 3065 πειρόμιθα
315 2977 448 3047 eliceret
469 2978 680 3058 πεισόμεθα
705 2980 736 3046 δὲ
761 3017 806 3033 -
827 2976 908 3061 σ’θπερ
931 2981 957 3046 ci
981 2979 1105 3046 πόντων
1129 2982 1250 3066 φαυλό-

45 3088 165 3157 ῗσσσι.
210 3086 279 3153 lloc
308 3082 441 3151 demum
469 3082 629 3151 Graecum
651 3092 702 3151 est
724 3092 758 3152 et
788 3084 920 3152 Platone
947 3084 1103 3170 dignum,
1125 3086 1181 3153 sed
1202 3107 1251 3155 re·

58 3192 156 3271 Ιιιιι
175 3210 254 3259 νισι
283 3188 421 3256 lectione
448 3208 596 3276 expungo
625 3188 718 3256 sodes
742 3190 795 3256 καὶ
828 3192 964 3275 ἐροῦμεν.
1012 3188 1082 3270 Quo
1106 3199 1251 3280 tenpore

58 3288 316 3365 ῙΕΙΡΟΜΕΘΛ
340 3313 439 3362 sensu
463 3313 600 3362 vacuum
624 3295 872 3380 intelligentiam
898 3294 959 3361 loci
988 3295 1181 3383 inpediehat
1201 3307 1237 3365 at

10 3480 13 3499 ,
66 3400 141 3471 tum
160 3400 281 3489 aliquis
305 3398 374 3467 ioco
391 3398 474 3466 male
497 3399 624 3480 habito,
651 3402 799 3488 quisuis
825 3399 959 3487 pedihus
988 3403 1164 3471 consistere
1187 3425 1251 3471 non

69 3514 209 3595 potam,
231 3504 315 3573 hanc
337 3506 459 3581 σννθννν
482 3506 676 3589 ἐπικουρίαν,
700 3526 797 3593 quam
821 3526 909 3573 nnnc
928 3505 1020 3573 locus
1038 3508 1138 3576 veluti
1156 3530 1253 3597 aeger

67 3618 200 3681 maus
226 3610 351 3679 abiicit.
397 3610 501 3691 Quam
533 3611 578 3677 sit
608 3622 700 3681 vetus
733 3610 989 3679 additamentum
1021 3612 1110 3681 rides
1141 3616 1252 3683 statim

66 3736 141 3787 σιιιιι
179 3717 250 3805 ipsa
286 3715 470 3804 corruptela
505 3724 617 3785 natum
651 3726 685 3785 et
716 3736 813 3803 quam
850 3717 930 3785 nihil
965 3718 1096 3787 videant
1126 3724 1252 3809 antiqui

10 3836 18 3893 l
65 3830 282 3898 metatores.
317 3822 373 3909 qui
406 3823 617 3904 πειρασόμεθα
651 3824 886 3908 excogitarunt.
934 3822 1034 3891 iidem
1060 3826 1155 3911 paulo
1177 3834 1253 3894 ante

61 3948 103 4019 p.·
125 3932 168 3997 13
199 3928 238 3997 n.
269 3926 310 3994 da
341 3946 400 3994 suo
431 3927 625 3996 addiderunt
656 3930 936 4011 συρχιιριὶσεσθαι,
967 3928 1052 4015 quod
1088 3939 1253 4017 tanquam

64 4032 197 4105 nacula
221 4032 327 4101 lecum
354 4032 522 4119 inquinat,
545 4043 578 4099 et
599 4042 793 4122 postpauca
814 4034 919 4102 simile
941 4035 1018 4121 quid
1042 4035 1254 4121 designarunt

64 4160 98 4231 p.
120 4144 164 4209 15
186 4138 226 4209 Ε.
250 4140 284 4205 in
306 4137 412 4205 verbis
438 4138 491 4207 oct
514 4139 595 4221 πόχ’
617 4140 808 4215 σθνιόνπερ
838 4142 881 4215 εἷς
904 4142 964 4214 πόας
988 4142 1095 4221 όμσθιις
1119 4141 1190 4216 ἴσως
1213 4140 1253 4211 ἅν

62 4270 132 4323 τινε
154 4246 306 4323 ἀλλήλαις
339 4245 612 4327 συγχωρήσαιμεν.
661 4245 697 4312 ln
720 4256 948 4315 ΑΝΙΟΝΤΕΣ
975 4245 1053 4314 latet
1082 4245 1122 4313 όιν
1144 4247 1253 4324 ἰόντες.

62 4352 187 4425 'liras
210 4354 254 4429 εἰς
272 4352 332 4427 πρὶν
352 4352 460 4433 όμσθας
478 4351 587 4431 toliis
607 4352 640 4419 in
658 4350 819 4439 palaestra
842 4351 1013 4431 dicebant,
1037 4372 1100 4421 non
1122 4354 1253 4437 ἀνιέναι,
