2940 5010
141 97 297 166 siderahis
321 100 354 164 in
381 97 441 165 hae
462 99 640 186 scriptura:

277 200 299 269 οἰ
322 201 446 287 τοίτρας
472 204 581 283 Θήβης
605 203 728 281 ἔνοικοι,
750 202 917 281 λεύσσετ’,
941 202 1089 281 Οἰδίτονς
1109 202 1183 285 tte,

278 306 309 382 ὃς
334 308 377 373 τοὶ
398 308 494 374 κλείν’
516 307 684 387 αἰνίγματ’
707 309 762 392 idn
783 308 837 375 καί
862 305 1005 389 κροίτιτος
1029 302 1064 382 riv
1086 312 1164 392 ιίνής

277 414 321 487 εἰς
345 411 413 478 ύσον
435 413 576 479 κλύδωνα
599 412 696 488 δεινής
719 417 883 497 συμφοροίς
908 414 1056 491 ἑλήλιιία.

144 516 270 604 Optime
292 514 341 583 ἰδε
371 516 494 604 primae
518 535 672 603 personae
703 518 876 596 convenit,
901 525 938 585 ut
959 519 992 585 in
1023 516 1192 607 Euripidis
1218 517 1348 591 omero

143 626 218 688 374.
243 619 288 689 ἰδ’
309 625 372 703 εἰμ’
396 620 524 702 Ὀρέτνιο
548 630 579 688 et
606 625 702 687 1664.

279 726 390 805 Φοῖβός
415 728 444 790 σ’
468 727 481 791 ί
505 730 626 801 Λατοῦς
651 733 727 799 ταῖς
749 720 795 791 ἰδ’
818 725 919 804 ἐγγὺς
943 726 983 793 ὢν
1005 734 1105 795 καλῶ.

143 839 176 897 et
200 833 233 896 in
256 828 421 916 Sophoclis
445 826 521 897 Oed.
547 831 623 918 Tyr.
649 835 702 896 40.

324 934 500 1013 ἰκετεύομέν
525 959 561 1000 σε
585 932 701 1007 τοίντες
724 932 787 1001 eide
811 933 1014 1016 τρίστμποι,

144 1048 176 1105 et
201 1036 380 1104 Herodotus
403 1038 429 1107 l.
456 1044 530 1105 llti.
561 1036 612 1106 ύδε
634 1063 680 1106 τοι
710 1040 860 1123 πάρειμι,
883 1046 915 1106 et
944 1038 1030 1125 quod
1053 1056 1153 1128 supra
1183 1038 1326 1128 Euripidi

143 1142 361 1210 reddidimus:

328 1245 538 1327 Θεοκλύμενος
562 1256 639 1321 ταῖς
661 1244 712 1314 tac
735 1247 944 1329 τροτεννίτοι,
968 1246 1079 1330 τοίτερ.

188 1352 354 1438 Frequens
378 1351 539 1438 imprimis
570 1359 620 1418 est
642 1349 688 1417 ἰδ’
718 1353 798 1431 ἐγώ,
827 1354 889 1431 ἐγὼ
912 1353 1037 1430 οὑτοσί,
1071 1360 1105 1420 et
1137 1357 1227 1435 ήμεῖς
1248 1350 1320 1432 atra,

147 1460 235 1536 ήμεῑς
259 1457 362 1523 sicori.
409 1456 491 1522 Hinc
513 1456 601 1543 turpi
622 1455 739 1522 mendo
761 1456 899 1524 liberare
920 1458 1041 1545 poteris
1063 1456 1318 1547 Aristophanem,

146 1560 231 1647 quod
253 1559 467 1627 commaculat
490 1560 597 1625 locum
626 1561 658 1626 in
692 1561 871 1649 Lysistrata
900 1581 947 1627 vs.
969 1566 1066 1627 1111.

326 1666 376 1731 ἔτί
401 1666 434 1731 τί
456 1664 573 1748 τοίοεςε
598 1666 702 1747 δεῦρος
725 1704 771 1718 -
794 1664 861 1746 περὶ
886 1666 1069 1744 διαλλαγᾶν

326 1770 484 1852 πρέσβεις.
508 1807 544 1818 -
576 1769 719 1844 καλωςί
1063 1771 1202 1850 τουτογί.

148 1875 221 1961 quis
252 1895 315 1940 non
339 1876 450 1941 statim
474 1872 659 1941 admonitus
691 1873 779 1940 dabit
815 1872 896 1939 milri
918 1892 1031 1940 verum
1059 1892 1129 1941 esse
1158 1879 1272 1959 χήμείς
1287 1874 1318 1955 γ’

145 1981 249 2046 οὑτοιί·
298 1979 394 2046 Vides
416 1998 511 2064 quam
540 1978 632 2046 lacile
654 1988 841 2045 ΓοΥΤοΙΙ
866 1979 1007 2065 potuerit
1027 1979 1061 2045 in
1090 1982 1219 2061 τουτογί
1233 1980 1318 2049 chire

148 2084 189 2150 Ut
213 2083 252 2149 ad
278 2081 465 2169 Sophoclem
489 2083 616 2150 redeam
641 2103 754 2151 verum
777 2104 846 2151 esse
869 2083 924 2167 ήδιι
946 2120 990 2133 -
1010 2083 1148 2160 ίλήλιιία
1165 2084 1321 2153 condrust

147 2188 333 2276 planissime
350 2195 444 2253 vetus
459 2187 616 2265 Criticus,
642 2188 697 2273 qui
719 2196 880 2255 extremos
904 2206 1016 2256 versus
1035 2186 1163 2259 lahtalae
1181 2192 1216 2257 in
1238 2188 1324 2259 Seho

147 2293 202 2358 liis
235 2290 275 2357 ad
305 2290 337 2356 h.
357 2290 376 2356 l.
411 2292 457 2356 sio
487 2291 708 2379 reprehendit:
744 2300 878 2360 annotat
910 2291 1327 2379 ούνε.1513.ούτιίμιις

150 2397 218 2480 ἔχει
243 2398 278 2462 τί
302 2396 422 2478 δρᾶμα,
445 2395 488 2461 τὰ
511 2396 575 2479 γὰρ
598 2395 826 2474 litostratum
851 2404 1202 2477 γνοιμολογοιίντος
1230 2402 1331 2469 Οίίί·

149 2503 270 2575 τοδος.
319 2501 458 2567 llectene
485 2520 527 2567 an
551 2521 645 2567 secus
669 2503 714 2568 ita
739 2502 860 2569 iudicet
885 2523 971 2570 nune
1004 2502 1135 2590 quidem
1164 2505 1197 2570 in
1231 2504 1335 2575 motin

148 2606 316 2693 relinquo:
348 2606 408 2672 lroc
441 2606 552 2692 utique
577 2614 703 2672 certum
733 2616 782 2673 est
814 2627 889 2674 eum
913 2608 953 2673 ob
976 2606 1086 2675 oculos
1107 2606 1261 2677 habuisse
1282 2610 1336 2695 {ds

150 2721 182 2778 et
203 2714 359 2787 ἐλήλυθα,
385 2730 467 2799 quae
493 2712 590 2777 etiam
619 2713 688 2778 sine
713 2710 773 2777 lroc
801 2710 921 2777 indicio
943 2720 1090 2801 poterant
1122 2722 1179 2781 aut
1200 2714 1342 2803 intelligi

150 2829 207 2885 aut
228 2817 382 2883 revocari.
430 2816 597 2883 Caeterum
616 2818 670 2900 ήδη
697 2836 755 2904 pro
778 2817 841 2898 ήδει
862 2818 895 2882 in
919 2836 957 2883 eo
984 2816 1053 2883 loco
1075 2818 1141 2886 iam
1163 2818 1243 2887 olim
1264 2840 1347 2889 non·

152 2922 249 2990 nullis
273 2921 450 3008 displicuit.
499 2923 537 2987 ln
570 2920 684 2988 Codice
715 2921 855 2988 lledieeo
879 2923 967 2988 enim
1000 2920 1118 3008 duplex
1145 2923 1245 2991 lectio
1279 2924 1347 2995 ler-

151 3039 223 3094 tur:
250 3028 314 3103 ήιδή
340 3046 357 3091 a
382 3026 493 3111 prima
510 3046 610 3093 manu
634 3027 883 3112 scriptumest,
907 3026 962 3092 sed
986 3051 1012 3093 ει
1032 3028 1311 3116 suprascriptum.

197 3132 256 3197 Est
277 3150 392 3217 operae
415 3131 556 3216 pretium
582 3133 700 3197 iterum
724 3151 798 3197 eum
820 3130 871 3198 his
890 3129 1036 3198 conferre
1055 3129 1161 3199 locum
1181 3133 1217 3199 in
1248 3134 1351 3205 Euri·

152 3234 237 3322 pidis
260 3233 442 3302 Phoenissis
470 3256 518 3300 vs.
541 3240 637 3301 raet.

287 3338 309 3407 οἰ
330 3340 454 3422 τοίσοας
475 3349 596 3416 κλεινής
618 3347 764 3417 τολίται,
787 3340 943 3419 λεύσσετ’,
964 3340 1110 3415 Οἰδίπους
1130 3340 1181 3409 ύδε

289 3443 319 3520 tc
342 3445 386 3511 τοί
408 3445 502 3511 κλείν’
525 3445 692 3524 αἰνίγματ’
715 3443 794 3523 ἔγνον
815 3445 867 3511 καί
890 3445 1018 3524 μέγιτος
1041 3442 1076 3522 ήν
1098 3446 1193 3528 οἰνήρ,

288 3547 319 3624 lc
343 3551 433 3630 μίνος
451 3550 601 3631 Σφιγγὸς
625 3548 784 3632 κατέσχον
806 3559 862 3626 τῆς
886 3548 1052 3630 μιαιΦίνου
1076 3548 1175 3631 κρύτνι
1187 3600 1197 3629 ,

288 3661 340 3722 νῦν
361 3654 474 3735 οἰτιμος
497 3656 591 3727 αὐτὸς
615 3654 729 3735 οἰκτρὸς
750 3654 956 3735 ἐξελαύνομαι
976 3654 1097 3737 χίονύς.

153 3761 207 3828 ubl
231 3761 362 3827 Porsoni
382 3759 540 3826 iudicium
569 3778 644 3824 curn
669 3757 853 3827 Hermanno
875 3769 907 3827 et
927 3759 1034 3827 Geelio
1056 3778 1175 3847 sequor
1198 3768 1356 3833 statuen-

152 3868 193 3932 tis
216 3886 233 3933 e
256 3864 409 3953 Sophocle
433 3871 578 3931 assutum
599 3883 669 3929 esse
693 3884 841 3932 versum:

285 3967 315 4043 ὃς
340 3971 383 4036 τοί
407 3972 502 4037 κλείν’
523 3970 689 4047 αἰνίγματ’
711 3970 805 4049 ἔγνων
829 3972 881 4037 καί
905 3972 1035 4050 μέγιςος
1062 3970 1095 4048 ἦν
1118 3974 1216 4054 οἰνήρ,
