2940 5010
699 248 764 313 tos

142 422 330 493 admonitus
349 417 436 487 videt
463 418 661 487 Dinarchum
689 419 928 501 ε’σιλνσομένοος
958 418 1104 491 dixisse?
1151 422 1241 507 Quod
1263 426 1305 515 qui

144 530 271 618 primus
300 526 445 595 omnium
466 524 547 592 vidit
578 524 778 614 Stephanus,
810 526 902 613 quasi
935 546 988 595 ros
1015 526 1114 597 dubia
1142 538 1227 599 esset
1246 532 1309 599 arl'n

146 634 261 703 babuit
283 634 315 699 in
341 632 487 717 margine
509 631 724 719 suspicionem
749 650 869 718 ponere
890 632 1048 724 upum)
1072 636 1309 717 itinerandum

144 750 180 807 at
202 738 288 805 idem
309 738 343 805 in
367 736 530 803 Thesauro
552 744 643 803 certa
665 734 887 805 emendatione
909 756 969 805 sua
992 740 1111 815 utitur.

191 845 266 911 Post
289 841 505 909 Alexandrum
526 842 663 922 λήσομαι
687 863 745 930 pro
766 845 851 920 λιὶσοι
876 844 972 912 multi
997 854 1176 935 coeperunt
1201 846 1311 925 dicen.

78 998 82 1007 .
143 952 240 1018 ouius
262 948 309 1015 rei
333 948 505 1013 innumera
533 946 678 1036 exempla
708 956 806 1016 sunt:
837 948 893 1016 alii
915 970 972 1017 eas
1000 950 1122 1019 lormas
1149 952 1312 1040 prominent

145 1062 302 1142 usurpant
331 1052 425 1121 modo
454 1056 539 1131 λῆσο
570 1053 748 1121 scribentes
771 1053 924 1123 Veterum
948 1074 1127 1135 memores,
1158 1056 1254 1125 molo
1270 1078 1311 1145 pu-

145 1160 250 1249 pulari
273 1178 363 1227 more
383 1159 540 1239 λήσομαι,
563 1157 648 1246 quod
667 1168 701 1226 et
723 1161 758 1227 in
780 1160 923 1229 buciano
945 1164 1139 1231 notavimus.
1187 1160 1311 1231 uonna

141 1270 278 1345 λήσομαι
302 1261 422 1331 evaluit
448 1271 482 1329 et
503 1283 615 1331 omnes
637 1284 675 1331 eo
702 1264 769 1333 solo
795 1266 988 1335 utebantur:
1020 1266 1230 1355 quamobrem
1258 1288 1309 1337 ue

142 1372 202 1439 bro
222 1371 395 1455 antiquum
412 1366 540 1435 dicendi
563 1389 659 1437 usum
680 1370 804 1439 scribae
828 1374 862 1439 ἐκ
885 1383 941 1451 τῆς
969 1372 1128 1449 evandrius
1159 1372 1309 1463 interpola
1358 1406 1361 1425 ι

143 1487 232 1545 runt.
279 1475 316 1542 ln
334 1473 477 1541 Platonis
496 1474 551 1559 qni
572 1473 677 1542 lentur
695 1476 859 1545 Alcibiade
877 1477 918 1545 ll.
940 1499 972 1567 p.
987 1482 1052 1545 158
1074 1478 1109 1545 tt
1132 1486 1224 1547 recte
1242 1498 1309 1547 num

142 1582 272 1652 editur:
294 1582 399 1649 οὔκουν
421 1581 506 1649 δοκεῖ
531 1605 576 1647 σοι
603 1590 723 1658 πολλοῖς
745 1585 932 1665 προμηθείας
956 1584 1151 1667 προσδεῖσθαι
1179 1582 1309 1667 incoepi

140 1692 229 1767 λήσει
251 1711 300 1761 τις
322 1686 417 1753 οοὺσὸν
440 1684 608 1768 εὐχόμενος
631 1688 767 1767 μεγάλοι
797 1689 907 1767 κακός
933 1690 967 1755 in
996 1687 1094 1757 Godd.
1123 1699 1176 1758 est
1196 1694 1308 1770 λιίσεσσο

141 1798 257 1872 αὑτὸν,
283 1791 418 1869 λήσεταί
440 1815 487 1863 τοο
511 1792 624 1869 σοῦσον,
647 1794 681 1859 in
705 1812 771 1859 uno
802 1797 883 1877 λιὶσμ
904 1820 952 1871 τις
976 1795 1089 1862 οὑτοιὶ
1120 1794 1202 1867 bseo
1224 1798 1312 1885 pritttt

140 1911 190 1971 est
219 1898 297 1967 mali
327 1896 434 1964 labes:
467 1898 664 1984 quicumque
695 1897 783 1965 enim
806 1898 938 1967 Codices
965 1900 1104 1969 Graecos
1128 1902 1226 1989 paulo
1252 1901 1309 1969 dili·

137 2007 267 2095 gentius
301 2002 440 2090 inspexit
473 2004 660 2091 saepissime
695 2002 776 2070 vidit
810 2002 959 2071 librarios
988 2002 1069 2081 irae
1100 2015 1136 2075 et
1169 2006 1306 2087 iocosi

138 2134 214 2185 cuum
237 2107 436 2179 coniunctiui
457 2108 586 2176 aoristis
614 2108 831 2194 coniungere,
856 2109 913 2176 ubi
936 2119 1060 2179 veteres
1082 2111 1251 2181 indicativi
1269 2110 1308 2179 lu·

137 2229 248 2287 turum
277 2216 467 2303 posuissent.
514 2212 805 2300 lleprebendnutnr
837 2214 1067 2287 homunciones
1093 2217 1127 2285 in
1154 2216 1246 2288 loeda
1271 2219 1308 2287 in

139 2323 369 2412 terpolatione,
399 2318 595 2404 ubicumque
623 2338 685 2386 non
710 2338 775 2386 una
797 2318 916 2386 uocalis
948 2319 1125 2391 discrimen
1153 2323 1255 2406 lacit,
1281 2334 1313 2393 nt

138 2432 171 2497 in
199 2427 280 2504 ὅπως
308 2425 454 2505 δόξομεν,
476 2425 634 2504 σώσομεν,
657 2427 844 2504 ποιήσομεν,
866 2424 1075 2509 Φυλιξὸμεθοο
1097 2436 1160 2497 etc.
1192 2431 1250 2501 sed
1269 2452 1312 2499 no·

137 2534 211 2603 nisti
232 2532 334 2599 lorma
357 2528 507 2597 afuturo
528 2528 700 2615 discrepat.
747 2528 941 2617 scriptitant
963 2540 1070 2600 tamen
1097 2530 1180 2613 irae
1200 2538 1316 2605 reiran-

136 2666 190 2711 σοιν
204 2646 239 2716 ¹,
268 2635 418 2715 δήξητοιι,
451 2633 603 2712 desiissent
636 2632 721 2721 apud
745 2633 965 2717 Herodotum,
999 2638 1180 2723 Φεύξησμι,
1212 2644 1318 2721 πρόη-

138 2771 215 2823 σοιι,
249 2745 321 2827 ἐμῇ,
350 2742 524 2823 deiparat,
560 2742 744 2822 λήψωνσοοι,
777 2739 969 2821 τεύξονται,
1003 2746 1227 2829 eosdemse,
1260 2750 1321 2819 uidi

139 2869 267 2939 quoque
293 2844 375 2921 ὅσοις
398 2848 600 2929 φονιὶσοιντσι
625 2852 658 2911 et
687 2845 808 2913 similia
829 2865 941 2933 saepe,
972 2856 1005 2915 et
1032 2846 1115 2927 ὅσοις
1138 2854 1270 2925 ἔσσονται
1292 2864 1324 2925 et

54 2938 57 2943 ’
136 2957 218 3029 ὅσιος
249 2953 429 3027 sensenna
461 2959 495 3019 et
528 2949 591 3016 alia
624 2947 810 3017 huiusmodi
842 2953 972 3039 passim.
1027 2954 1082 3023 Sic
1112 2956 1218 3045 igitur
1248 2960 1321 3031 olim

138 3061 221 3137 ὅπως
247 3061 293 3141 μὴ
323 3058 404 3141 adop
434 3082 483 3131 σιο
516 3064 630 3123 natum
659 3064 730 3137 est,
762 3055 876 3124 deinde
900 3058 1009 3125 nescio
1035 3061 1109 3147 quis
1139 3062 1325 3137 soloecismo

141 3187 261 3235 novum
284 3162 508 3231 soloecismum
530 3160 699 3227 substituit
721 3158 803 3235 ὅπως
822 3164 867 3242 μὴ
886 3166 1022 3241 λιὶσετιοί
1041 3190 1112 3245 stc,
1134 3170 1222 3257 quod
1240 3192 1326 3243 mon·

142 3284 248 3342 suum
272 3270 334 3337 uiri
358 3267 445 3336 docti
468 3273 695 3354 procurarunt
1323 3334 1328 3341 ,

187 3375 274 3443 Nihil
303 3372 368 3439 uidi
401 3391 556 3458 umquam
579 3368 703 3437 loeutus
724 3391 821 3457 quam
851 3372 935 3460 qnod
966 3374 1152 3463 Apollonius
1183 3380 1327 3455 Rhodius

144 3481 275 3569 scripsit
298 3479 331 3545 in
351 3475 579 3563 Argonauticis
601 3475 657 3542 lll.
683 3480 759 3543 756.

322 3584 405 3667 ispa
426 3590 540 3658 τοκῆος
563 3582 710 3660 Ανὶσομοιι
734 3582 897 3650 ἐντύνουσα
922 3585 1115 3670 ὑπόσχεσιν,

143 3700 177 3759 et
199 3691 228 3756 is
251 3696 360 3755 tamen
391 3687 452 3754 sibi
480 3686 609 3753 videtur
635 3686 747 3772 lingua
770 3686 939 3757 Homerica
967 3690 1067 3779 loqui.
1113 3694 1237 3787 Nempe
1265 3722 1326 3771 non

143 3797 247 3863 solum
270 3798 406 3875 λήσομοιι
430 3800 633 3881 praepostere
654 3790 736 3857 dixit
755 3812 813 3879 pro
830 3798 916 3873 λήσω
937 3795 1061 3883 plebem
1079 3799 1329 3877 Alexandrinam

195 4106 217 4188 1)
247 4118 282 4167 ile
306 4116 449 4165 llindorbus
470 4116 571 4179 quidem
592 4115 697 4164 sustulit
717 4123 790 4183 turpe
811 4120 899 4169 uitium
925 4112 1003 4175 ὅπως
1028 4112 1064 4183 dp*
1091 4110 1131 4187 ptri
1154 4114 1250 4169 ταῦτα
1278 4112 1327 4167 ni

144 4188 231 4245 edroi
251 4190 410 4242 notuerunt
430 4197 456 4243 in
478 4196 590 4259 Procopii
612 4185 801 4251 ’Λνεκδόσοος
821 4217 845 4265 p,
866 4200 930 4252 134,
971 4204 1039 4252 mem
1060 4204 1086 4252 tn
1117 4201 1232 4253 eluentem
1259 4202 1327 4253 Mt.

142 4280 248 4329 Gothico
258 4278 278 4329 t.
302 4278 336 4327 ts
358 4294 383 4341 p.
396 4275 442 4327 ll.
461 4276 571 4325 rennuit
589 4266 668 4329 ὅπως
687 4264 720 4321 δὲ
740 4268 911 4340 άκοίνσησθο
930 4274 1026 4347 πρᾴως
1045 4290 1071 4333 et
1092 4282 1137 4335 Ill.
1154 4280 1199 4333 ll.
1221 4300 1247 4351 p,
1260 4282 1326 4335 m.

139 4352 216 4413 ὁπως
234 4350 273 4421 μή
290 4346 452 4421 παρὲξωσον
469 4362 496 4405 et
515 4356 562 4405 ulia
582 4357 772 4409 eiusdemmodi.
