2940 5010
720 272 789 333 585>

193 440 347 509 llunurrit
376 441 510 519 citium,
541 440 626 529 quorl
656 442 732 507 alibi
767 444 829 507 iam
863 444 1055 528 arguimus,
1086 443 1152 511 Vll.
1178 450 1231 512 57.
1263 445 1335 520 icoc

147 546 172 611 ci
177 546 329 629 χαριςύ
337 571 381 613 τε
389 569 452 628 ριν
475 544 554 622 δόξει
578 542 666 612 εἶναι.
690 582 736 596 -
759 547 1027 628 ε’πιχαριτύπατον
1048 550 1106 627 μὲν
1129 548 1199 630 οὖν,
1223 571 1337 636 nempe

146 650 378 733 ύχαριπύτεριν
408 652 550 737 requiro.
599 650 731 717 Scribas
756 652 789 715 io
813 651 863 717 uis
886 651 999 718 lormis
1028 653 1180 721 similiter
1203 663 1339 742 peccant

145 762 247 841 atque
275 756 309 823 in
336 755 481 830 πιύαεύρε
514 756 665 842 quoniam
699 756 759 842 ipsi
787 758 932 831 τιθασεύς
964 756 1135 834 dicebant,
1167 769 1337 847 propterca

146 854 286 927 formam
316 862 514 944 τιύαπύπερις
539 860 650 927 εεύιιΙο
674 862 707 925 iu
731 863 945 945 πιύαεεύπερις
971 871 1119 930 ructant:
1152 866 1229 951 quia
1254 866 1336 951 ipso·

146 982 224 1031 rum
246 964 358 1051 lingua
387 966 540 1049 αχύριςις
570 986 628 1052 pro
651 964 768 1047 ἄχαρις
792 965 960 1032 tlicelmtur
984 966 1119 1035 sormam
1143 972 1336 1051 ύχαριπύτε·

145 1092 195 1151 ρος
227 1070 340 1138 sedulo
367 1072 401 1137 iu
431 1072 653 1154 ύχαριςύπερος
685 1072 871 1156 depravant.
918 1072 1038 1139 Eadem
1063 1074 1157 1159 plane
1192 1073 1338 1141 socordia

145 1172 275 1242 librarii
307 1177 569 1258 εύχειριιτύπατος
601 1174 704 1241 solent
730 1177 762 1240 in
791 1176 1009 1257 εύχειρύταπες
1035 1198 1265 1265 corrumpere,
1301 1188 1339 1245 ut

147 1278 272 1347 luctum
296 1300 367 1347 csso
390 1281 512 1347 videbis
536 1282 570 1345 iu
597 1280 714 1345 ricinia
740 1280 820 1345 Vlll.
847 1284 877 1345 4.
925 1280 1012 1347 Coul.
1037 1281 1181 1348 Diodori.
1208 1281 1247 1348 ad
1274 1283 1336 1371 Gy·

145 1384 279 1472 ropaerl.
302 1386 327 1451 l.
353 1406 394 1451 vr.
421 1390 474 1453 56.

190 1490 230 1557 ΙΙΙ
259 1489 370 1557 eadem
405 1494 423 1576 ς
457 1510 515 1578 pru
542 1492 656 1556 τούτων
679 1514 723 1555 σοι
749 1490 953 1570 ἐπιμελητέον
976 1490 1101 1560 πάντων
1132 1500 1264 1579 propiet·
1288 1514 1336 1561 su·

144 1614 252 1683 quens
273 1596 480 1679 θεραπεύηται
508 1593 744 1663 emendandum
776 1615 845 1663 esse
875 1617 990 1665 censeo
1017 1600 1163 1665 τούτου
1193 1623 1239 1666 σοι
1268 1601 1335 1667 ε’πι-

144 1700 299 1779 μελητέον
321 1700 481 1776 πάντας
507 1700 588 1774 ὅπως
607 1701 823 1782 θεραπεύηται.

189 1805 229 1872 Iu
252 1803 369 1874 Oecuu.
390 1806 459 1873 Vll.
485 1812 537 1874 29.
562 1807 610 1872 δεῖ
627 1809 768 1885 ύμᾶς-
782 1809 944 1887 πειρᾶσθαι
964 1806 1045 1893 ὅπως
1068 1812 1107 1882 ὡς
1128 1809 1268 1887 βέλτιςα
1290 1813 1335 1878 τὰ

144 1912 338 1993 προσήκοντα
363 1913 495 1995 ἑκατέρῳ
519 1914 603 1992 ἡμῶν
624 1908 888 1989 διαπράττεσθαι,
915 1913 966 1977 vix
992 1934 1071 1998 opus
1092 1922 1139 1979 est
1164 1935 1214 1979 me
1227 1914 1335 1981 (licere

145 2014 226 2103 quid
249 2015 290 2083 ‹lc
312 2036 424 2083 eorum
448 2018 596 2105 opinione
621 2016 759 2081 sentiam
785 2016 842 2099 qui
864 2016 958 2080 istam
983 2016 1044 2082 loci
1069 2020 1334 2104 compositionem

145 2120 229 2189 lene
251 2120 405 2189 Graecam
437 2131 470 2188 et
501 2140 611 2186 sanam
644 2139 713 2186 esse
743 2118 821 2185 locis
852 2117 1044 2205 quibusdam
1077 2122 1206 2189 lliodori
1233 2122 1335 2190 Siculi

145 2224 265 2295 miselli
286 2226 454 2312 scriptoris
480 2225 703 2292 demonstrare
729 2232 891 2309 satagunt.
940 2224 1144 2292 Facillimum
1173 2226 1261 2294 lactu
1286 2237 1337 2295 est

143 2330 228 2407 troc
249 2328 366 2397 delere.
413 2330 475 2397 Sed
505 2330 588 2397 uncle
613 2329 741 2395 taudem
766 2336 877 2394 natum
906 2348 975 2395 esse
997 2332 1174 2415 putemus?
1222 2333 1335 2399 [licam

143 2436 225 2527 qrricl
255 2436 336 2503 mihi
365 2437 490 2502 venerit
516 2438 547 2499 in
581 2443 732 2500 mentem.
788 2433 828 2499 Ut
859 2433 1077 2519 compluscula
1115 2434 1268 2521 leguntur
1302 2438 1335 2503 in

142 2541 357 2611 Oeconomico
387 2539 539 2606 vocabula
570 2539 677 2606 louica
701 2548 733 2605 et
758 2537 819 2602 alia
843 2559 925 2624 quae
953 2538 1036 2605 inira
1062 2539 1279 2607 indicabimus
1302 2552 1336 2609 et

145 2648 315 2731 ἐργαςῆρες
342 2645 393 2735 (V.
409 2652 448 2711 tt
468 2653 500 2710 et
520 2643 627 2731 alibi),
650 2644 784 2709 ἐδύσατο
810 2643 891 2731 (Vll.
906 2647 947 2709 ut
972 2643 1054 2731 δᾳ),
1077 2646 1098 2708 ot
1119 2647 1230 2727 ιιεργιύ
1254 2646 1335 2735 (Vll.

142 2750 201 2841 54)
226 2758 259 2817 et
286 2749 388 2833 φύρας
416 2770 475 2837 pro
496 2750 602 2833 φωτός
636 2747 702 2837 (ΙΧ.
727 2750 782 2837 5),
811 2748 859 2813 sic
884 2747 914 2813 h.
936 2748 957 2815 l.
988 2749 1231 2835 Xenophontem
1252 2749 1333 2824 ὅπως

141 2856 283 2937 βίλτιεα
311 2854 420 2922 euclem
441 2874 539 2921 sensu
565 2854 709 2940 posuisse
733 2854 898 2940 suspicor,
923 2874 987 2937 quo
1009 2853 1226 2939 Theognidem
1252 2854 1333 2930 ὅπως

142 2962 241 3033 anca
265 2960 299 3025 in
323 2961 491 3027 notissimo
515 2978 627 3024 vorsu:

279 3068 386 3148 Φύντα
409 3065 436 3131 δ’
459 3062 539 3137 ὅπως
564 3063 660 3131 ὤκιςα
684 3062 789 3136 πύλας
811 3064 923 3129 Ἀΐδαο
948 3072 1098 3145 περῆσαι,

142 3180 177 3241 et
197 3170 316 3238 similia
341 3168 407 3234 alii.
454 3167 575 3234 lleimle
597 3187 698 3253 quum
725 3169 832 3232 nescio
856 3170 929 3253 quis
953 3167 992 3232 acl
1014 3165 1094 3241 ὅπως
1115 3168 1254 3247 βέλπιςα
1278 3169 1332 3235 ad·

142 3278 267 3363 scripto
288 3278 328 3350 ύς
353 3293 449 3341 usum
476 3272 619 3339 Atticum
644 3281 674 3338 et
702 3292 906 3338 communem
940 3281 1082 3338 notasset
1109 3292 1147 3337 ex
1179 3272 1334 3359 dittogra-

141 3380 221 3471 plria
244 3379 374 3465 uulgata
397 3378 494 3445 lectio
518 3386 593 3443 nata
621 3385 680 3444 est.

186 3486 319 3571 Insigne
338 3483 597 3551 additamentum
631 3481 836 3567 impudenter
859 3500 879 3548 a
903 3483 1001 3548 sciolo
1032 3482 1235 3570 Xenophonti
1265 3483 1332 3551 affi-

141 3600 235 3661 olum
260 3592 407 3677 inquinat
441 3589 547 3654 locum
574 3587 655 3653 VIII.
685 3593 735 3652 17.
772 3585 855 3652 noim
886 3584 924 3653 ύιν
956 3589 1040 3666 ἡμῶν
1062 3586 1108 3662 εἴη
1130 3590 1282 3666 βλακικύν
1305 3593 1331 3656 εἷ

139 3700 167 3767 ol
187 3698 247 3779 plo
269 3696 301 3761 lu
324 3702 388 3767 τοῖς
400 3694 517 3765 πλοίοις
532 3734 573 3744 -
585 3694 751 3774 εὑρίσκουσι
774 3692 809 3757 τύ
829 3692 892 3757 δέον
911 3690 1108 3771 λαμβάνειν,
1130 3696 1219 3772 ἡμεῖς
1243 3696 1274 3761 δὲ
1288 3734 1332 3748 -

141 3802 198 3893 [sl]
224 3803 270 3884 pir
291 3800 456 3881 εὑρήσομεν
480 3801 579 3874 καλὴν
603 3799 655 3863 καὶ
679 3798 834 3879 εύεύρετιν
856 3800 961 3879 χώραν
982 3796 1102 3871 teucos
1126 3802 1227 3864 αὐτῶν
1251 3801 1331 3884 [πῶς

139 3912 195 3977 ούιι
216 3906 257 3975 to
280 3908 383 3980 πιλλύρ
405 3907 488 3983 ἡμῶν
512 3904 661 3968 locossic
687 3906 780 3988 εύη;].
817 3903 989 3988 Postquam
1012 3902 1199 3988 pervulgato
1222 3924 1332 3973 errore

140 4016 166 4083 el
197 4012 373 4101 repetitum
410 4018 481 4088 cst,
513 4007 684 4074 ridebatur
714 4006 861 4093 apouosts
895 4007 1083 4074 desiderari.
1139 4007 1332 4095 Supervenit

141 4120 246 4207 igitur
267 4114 386 4202 aliquis
405 4117 461 4202 qui
485 4113 570 4201 quod
594 4113 705 4180 abesse
730 4111 863 4198 putabat
886 4110 925 4177 tle
949 4133 1008 4178 suo
1028 4112 1162 4178 audiun.

187 4222 224 4291 In
250 4240 321 4307 cap.
341 4220 394 4285 lX.
421 4225 451 4287 λ.
483 4221 587 4297 τίδὲ,
611 4223 637 4285 εἰ
662 4220 706 4297 μη
737 4227 793 4293 τῆς
817 4219 913 4291 οἰκίας
934 4220 990 4294 την
1012 4217 1141 4295 δύναμιν
1169 4217 1252 4295 ἔδοξέ
1277 4243 1329 4298 μοι
