2940 5010
700 243 765 305 400

139 418 247 488 verbis
272 417 339 508 [aci
360 415 515 499 ςρσσννὸν
542 415 574 483 δὲ
595 416 690 484 αὐτὸν
713 414 857 497 exibuit
884 417 1009 487 πάντων
1024 414 1087 488 ὅσον
1110 422 1155 498 εἰς
1174 432 1323 495 motui

140 519 477 611 teiloniipoliobroeaJ,
500 538 596 607 quem
616 539 759 610 pannum
780 531 814 593 et
835 522 892 591 aba
914 544 950 593 re
969 534 1004 593 ot
1025 523 1066 593 ab
1087 528 1248 597 oralionis
1263 530 1323 601 lot·-

110 672 111 677 =
141 650 194 699 ma
216 628 357 717 alienum
381 647 420 695 ex
439 626 513 695 aliis
532 624 611 695 locis
632 624 718 715 apud
745 626 990 717 Xenophontem
1020 630 1112 701 scioli
1133 644 1323 715 assuerunt,

141 735 282 803 maxime
312 754 351 802 ex
381 732 451 821 ipsa
481 732 620 800 Anabasi
643 732 670 801 1.
693 754 736 801 rx.
762 738 793 801 7.
825 733 894 825 (ubi
917 734 1005 805 illius
1027 736 1077 805 rei
1103 740 1229 809 mentio
1259 749 1323 811 tam

139 839 321 909 necessaria
338 846 388 906 est
410 847 508 928 atqua
530 858 619 905 nunc
641 837 766 923 ἄκαιρος
789 846 839 907 σοι
861 847 895 908 et
912 844 1186 936 supervacanea),
1209 844 1323 917 duodo

140 954 173 1013 et
195 965 235 1013 ex
258 943 430 1012 Hellenicis
449 944 475 1011 1.
498 964 540 1010 rr.
567 952 596 1011 l.
642 942 692 1013 Ex
712 953 850 1033 utroque
870 944 941 1013 loco
957 945 1081 1016 ridebis
1101 948 1235 1038 singula
1256 971 1321 1021 rer·

138 1048 180 1118 ba
202 1070 222 1119 a
244 1049 352 1119 sciolis
373 1048 517 1117 sublecta
547 1068 639 1129 essa,
669 1049 728 1137 qui
759 1069 860 1136 quum
889 1050 923 1118 in
951 1053 1098 1141 margine
1119 1053 1198 1123 libri
1228 1074 1322 1125 anno

139 1163 261 1224 lassent
282 1155 336 1222 sni
360 1156 516 1239 ςρονσνννδν
538 1154 571 1221 δὲ
593 1190 631 1204 -
659 1154 866 1239 ἁθροίζονται,
889 1153 1012 1225 facium
1034 1166 1085 1227 esi
1106 1168 1144 1229 ul
1164 1179 1206 1229 na
1227 1180 1323 1229 anno·

139 1259 320 1329 tntiuncula
341 1260 374 1327 in
408 1258 629 1348 Xenophontis
656 1261 834 1330 orationem
861 1262 1026 1351 irreperet
1072 1264 1111 1333 ln
1139 1270 1213 1357 58.
1244 1266 1324 1335 mibi

141 1365 271 1455 quidem
295 1384 422 1454 semper
444 1363 596 1431 iocularis
619 1363 783 1453 scriptura
805 1366 875 1435 visa
896 1376 967 1436 cst:
998 1369 1014 1435 i
1033 1375 1129 1454 Κῦρος
1150 1370 1323 1455 ἀπέτεμνον

140 1474 212 1546 τοὺς
234 1470 434 1551 γιγνομένους
455 1471 593 1550 δασμοὺς
613 1470 648 1535 ἐκ
673 1478 733 1538 σῶν
753 1470 892 1552 abacos,
919 1471 957 1541 ὧν
979 1476 1201 1561 Τισσαφέρνης
1233 1476 1325 1559 irtu-

140 1601 239 1661 χσνεν
260 1575 363 1659 ἔχων,
394 1574 531 1643 ridicule
561 1576 648 1643 enim
679 1576 910 1665 Tissaphernes
932 1577 1005 1647 illas
1028 1578 1147 1661 urbes,
1175 1602 1262 1671 quea
1286 1580 1327 1651 ab

140 1704 179 1753 eo
199 1682 240 1751 ad
261 1681 382 1772 (iprum
406 1679 611 1759 deiecerant,
642 1680 757 1750 babere
778 1682 909 1751 dicitur.
957 1684 1087 1753 Poterat
1110 1686 1232 1757 melius
1258 1688 1328 1757 'lis-

141 1786 317 1879 sapbernes
339 1785 419 1854 illul
443 1786 674 1854 Terentianum
697 1807 873 1877 usurpare:
971 1866 974 1871 ,

185 1892 303 1961 Hoboo.
324 1890 388 1971 ob,
409 1892 487 1981 quid
507 1892 577 1959 οἱοὶ
588 1892 601 1959 i
625 1892 740 1961 babere
760 1896 840 1961 orei
863 1893 926 1961 imo
949 1895 1061 1975 bubni,
1086 1895 1232 1967 Chreme.

187 1998 362 2087 Xenophon
385 1999 553 2087 scripsisse
580 1996 709 2065 videtur
735 1996 774 2066 oio
802 2000 1116 2085 Τισσαφέρνους
1144 2003 1328 2089 ἐτύγχανεν

142 2105 233 2189 ἔχων.
280 2103 379 2171 Nemo
403 2101 564 2171 dubitabit
585 2101 665 2189 quin
690 2105 871 2174 rectissime
899 2105 1028 2172 dicatur
1052 2107 1068 2174 l
1090 2113 1186 2193 Κῦρος
1206 2118 1329 2180 Τισσα-

140 2211 268 2297 φέρνους
290 2208 398 2284 πόλεις
420 2206 530 2293 εἶχεν,
554 2206 827 2295 quemadmodum
855 2209 888 2277 in
915 2210 1178 2281 nebarnensibua
1205 2212 1330 2285 dicitur

141 2337 189 2384 vs.
210 2320 285 2384 529.
316 2316 382 2395 μῶν
410 2312 478 2397 ἔχει
504 2339 558 2381 σου
580 2313 700 2380 παιδίον
723 2320 782 2382 τῶν
804 2315 985 2399 σορόνσονς
1019 2325 1052 2384 et
1074 2317 1108 2385 in
1133 2318 1279 2389 Araban
1300 2320 1328 2391 1.

142 2442 183 2489 nv.
208 2427 240 2488 8.
263 2421 364 2487 κονίσον
387 2419 452 2503 ἔχω
473 2445 514 2500 γε
535 2420 637 2487 αὐτῶν
660 2420 713 2486 καὶ
743 2419 913 2488 τέκνονκαὶ
940 2430 1114 2501 γονονῖνιος,
1141 2432 1175 2491 cl
1206 2426 1329 2515 passim

141 2527 190 2595 sic
211 2525 398 2612 loquuntur.
445 2523 558 2611 ltaque
580 2532 668 2592 recte
698 2524 820 2592 dicitur
840 2525 900 2601 τὰς
924 2528 1053 2604 πόλεις,
1077 2524 1117 2604 ἃς
1141 2532 1327 2619 Τισσαφέρ-

140 2655 205 2706 νους
226 2628 332 2712 εἶχεν,
352 2638 385 2697 el
402 2632 436 2696 be
460 2636 520 2696 τῶν
539 2630 680 2709 πόλεων,
703 2627 742 2696 ὦν
768 2631 1002 2714 Τισσαφέρνους
1020 2632 1202 2718 ἐτύγχανεν
1224 2637 1328 2721 ἔχων,

142 2734 227 2825 quob
250 2754 362 2803 verum
386 2755 456 2802 csse
483 2755 536 2803 res
558 2736 627 2821 ipsa
647 2734 776 2803 clamat.

186 2840 223 2909 ln
245 2841 350 2929 capite
360 2839 400 2908 Ii.
424 2844 486 2928 §2
512 2841 722 2923 ὑποσχόμενος
744 2844 912 2922 absoloni
935 2842 1061 2927 πρόσθεν
1084 2844 1327 2927 παύσασθον,

143 2965 340 3035 quamquam
370 2944 508 3013 ridicula
539 2944 619 3013 baec
646 2946 808 3034 scriptura
839 2954 890 3014 est
921 2954 1028 3015 tamen
1060 2968 1133 3017 eam
1162 2950 1329 3021 mordicus

143 3053 290 3119 homines
310 3051 397 3119 docti
419 3052 561 3120 retinent
579 3058 610 3119 et
630 3060 758 3141 propter
781 3052 878 3139 fidem
901 3052 1054 3119 librorum
1076 3062 1108 3121 et
1130 3064 1266 3145 propter
1285 3056 1329 3125 si·

142 3158 270 3226 milium
293 3157 437 3226 locorum
461 3156 687 3244 frequentiam.
735 3157 958 3225 Temerarium
982 3156 1111 3228 vidntur
1138 3161 1329 3231 etiamnunc

143 3264 304 3351 plerisque
334 3261 484 3330 omnibus
503 3280 540 3329 aa
560 3270 754 3342 attrectare,
782 3282 865 3349 quae
898 3282 1016 3351 magno
1046 3270 1194 3331 ueterum
1225 3284 1327 3335 mom·

140 3369 318 3436 bracarum
349 3386 507 3436 consensu
537 3368 569 3434 in
598 3366 676 3437 locis
708 3366 999 3436 innumerabilibus
1027 3366 1171 3436 stabilita
1202 3378 1328 3441 ceriam

140 3472 236 3540 fidem
260 3483 294 3541 et
315 3492 379 3539 non
400 3470 638 3541 convellendam
674 3472 793 3541 babere
820 3482 987 3561 putantur.
1034 3472 1078 3541 lit
1103 3475 1215 3561 magni
1237 3494 1329 3547 accr-

140 3580 194 3658 vi,
218 3577 339 3656 lateor,
367 3577 491 3645 exstrui
519 3586 648 3665 possent
672 3576 839 3658 locorum,
870 3580 905 3645 in
928 3578 1047 3666 quibus
1067 3578 1204 3659 inrum,
1238 3582 1329 3653 beon·

139 3690 296 3767 χνοῦμονν,
331 3683 577 3763 ἐπαγγέλλομαι
589 3731 600 3762 ,
621 3684 757 3766 ἐλπίζον,
781 3686 954 3768 προσδοκῶ,
986 3693 1020 3753 cl
1053 3682 1174 3751 similia
1207 3682 1329 3757 babent

139 3790 278 3857 aoristos
301 3790 334 3855 in
357 3787 449 3855 libris
470 3807 571 3876 quum
592 3789 666 3877 quis
689 3809 725 3857 ae
747 3792 906 3879 sucturum
932 3787 1136 3877 aliquidaut
1159 3788 1247 3859 iomt
1269 3800 1326 3863 nul

134 3896 312 3985 pollicetur.
359 3893 420 3963 Sed
447 3893 528 3961 nibil
560 3913 598 3962 ea
627 3914 680 3962 res
704 3913 763 3963 nos
791 3916 920 3964 movere
949 3895 1061 3977 debet,
1090 3915 1233 3985 namque
1264 3896 1324 3969 bac

138 4020 240 4069 unum
265 3998 339 4069 inde
362 4007 450 4068 recte
471 3998 635 4086 colligitur
658 4002 854 4069 recentiores
880 4000 1053 4069 Graeculos
1077 4002 1111 4067 in
1132 3999 1254 4071 talibus
1278 4024 1326 4075 ιο

137 4116 291 4195 perpetuo
312 4126 421 4175 errare
439 4103 549 4171 solitos
568 4106 700 4192 suisque
719 4105 884 4174 erroribus
906 4114 994 4174 certa
1014 4106 1206 4194 contagione
1223 4110 1326 4201 scrip·

22 4241 24 4245 >
135 4221 169 4278 tu
192 4212 345 4281 Veterum
371 4210 558 4302 oppleuisse.
605 4209 666 4293 Qui
690 4210 784 4300 longo
808 4232 870 4280 usu
893 4210 1074 4279 scribarum
1098 4213 1271 4301 ingenium
1294 4222 1328 4285 et

136 4334 243 4384 naeres
269 4317 446 4384 observarit
475 4316 663 4403 notauitque
690 4326 778 4386 certa
808 4316 964 4405 qunaedam
996 4316 1188 4389 mendorum
1220 4330 1255 4389 et
1284 4324 1328 4388 vi·
