2940 5010
711 261 776 324 550

143 431 210 498 bris
230 438 398 518 appareat,
421 449 524 516 neque
550 430 596 496 illi
622 432 761 520 amplius
781 438 879 499 testes
903 429 1100 518 producendi
1123 440 1201 499 sunt
1223 396 1331 521 neque

143 539 206 603 ista
245 556 319 622 pars
352 534 564 621 discrepantis
599 539 779 625 scripturae
816 536 947 624 posthac
982 536 1162 621 colligenda
1195 538 1262 605 crit
1297 547 1329 605 et

144 640 276 709 edenda.
323 640 422 707 Cuius
445 641 493 707 rei
517 651 637 728 quanta
658 645 700 708 sit
724 641 835 708 lutura
856 641 979 709 utilitas
1002 651 1035 708 ct
1057 650 1218 729 quantum
1241 662 1329 709 emo·

143 747 280 814 iumenti
304 747 337 812 in
365 764 475 813 severa
499 744 695 814 Litterarum
723 747 831 814 studia
852 755 885 813 ct
906 747 1060 814 Criticam
1083 746 1274 815 facultatem
1296 748 1330 813 in

145 851 340 919 iuvenilibus
364 851 482 918 animis
502 852 704 919 excitandam
734 861 766 918 et
786 852 933 920 alendam
957 861 990 919 et
1010 852 1189 920 acuendam
1215 853 1259 919 sit
1281 852 1331 919 in·

144 958 183 1025 de
217 955 475 1023 redundaturum
510 956 587 1042 quid
623 978 703 1045 opus
735 966 784 1024 est
818 957 930 1024 multis
964 956 1211 1035 demonstrare,
1246 958 1332 1023 satis

141 1065 227 1131 enim
251 1082 412 1149 superque
434 1082 486 1129 res
510 1081 567 1148 pro
588 1082 623 1131 se
649 1064 718 1150 ipsa
742 1062 894 1149 loquitur.
943 1062 1070 1144 Quanta
1098 1063 1228 1130 sentina
1250 1061 1330 1130 tnti-

142 1169 223 1235 limn
252 1168 430 1234 lectionum
454 1174 486 1233 et
514 1168 763 1255 quisquiliarum
799 1167 928 1234 minimi
955 1168 1075 1254 pretii,
1109 1167 1239 1235 minimi
1271 1186 1330 1234 au·

141 1273 233 1343 tem?
268 1272 390 1339 nullius
419 1292 552 1359 prorsus
580 1275 676 1360 pretii
699 1281 732 1341 et
759 1273 941 1359 ingeniosos
968 1271 1116 1341 homines
1146 1271 1330 1341 obtunden-

143 1381 227 1445 tium
247 1386 280 1444 et
303 1378 523 1456 enecandum,
548 1387 655 1464 posset
677 1377 844 1445 exhauriri
868 1379 896 1443 si
919 1376 1048 1445 tandem
1062 1377 1235 1466 aliquando
1257 1376 1331 1467 phi·

142 1484 238 1569 lclogi
269 1503 379 1569 sapere
410 1481 613 1549 auderemus.
660 1484 787 1564 Quanta
809 1501 886 1570 pars
909 1483 1163 1571 discrepantium
1188 1484 1330 1571 scripto·

142 1609 254 1656 rarum
275 1595 324 1654 est
346 1585 439 1674 plane
459 1587 601 1665 inutilis,
624 1606 707 1674 quae
728 1587 982 1674 intelligentibus
1001 1589 1048 1655 nil
1072 1591 1135 1657 nisi
1158 1587 1328 1658 fastidium

142 1704 176 1763 et
199 1694 340 1761 taedium
364 1700 397 1760 et
420 1712 573 1759 nauseam
593 1694 700 1780 parit,
724 1702 867 1761 caeteros
890 1714 1000 1762 omnes
1022 1706 1080 1762 aut
1108 1696 1180 1763 odio
1206 1695 1329 1763 abster-

141 1809 192 1867 ret
215 1807 292 1878 aut,
315 1799 344 1866 si
371 1798 412 1865 ab
439 1797 559 1865 iudicio
578 1807 655 1865 sunt
679 1798 891 1878 infirmiores,
911 1808 1112 1868 transversos
1141 1801 1211 1889 agit
1232 1800 1329 1869 etad

139 1903 575 1991 paratorcxrlaoquamdam
599 1903 735 1991 impellit
746 1912 778 1970 et
802 1903 924 1984 allicit,
947 1926 1012 1992 qua
1034 1907 1116 1973 nihil
1135 1916 1187 1975 est
1208 1926 1227 1973 a
1251 1926 1331 1975 vera

141 2012 261 2079 Grilica
281 2010 427 2077 alienius.
474 2010 562 2090 Quae
585 2029 703 2096 genera
727 2008 900 2076 lectionum
927 2010 1023 2078 adiici
1046 2031 1121 2079 curn
1140 2011 1330 2079 litterarum

140 2117 357 2186 emolumento
388 2124 534 2201 oporteat
568 2114 661 2182 facilc
688 2123 738 2182 est
764 2117 941 2202 unicuique
966 2115 1008 2183 ad
1039 2113 1329 2197 constituendum,

140 2225 199 2311 qui
233 2230 291 2288 aut
322 2220 454 2287 Codices
483 2219 603 2287 multos
635 2222 813 2287 versaverit
841 2229 900 2288 aut
934 2222 1104 2289 materiam
1139 2241 1178 2289 ex
1212 2220 1330 2289 multis

139 2326 236 2393 Godd.
268 2332 453 2411 congestam
476 2324 649 2412 diligenter
677 2326 857 2393 excusserit
887 2326 975 2393 etin
1005 2327 1164 2413 originem
1194 2325 1329 2395 mendo

139 2452 214 2499 rum
245 2429 333 2498 haud
361 2430 504 2515 segniter
536 2431 753 2517 inquisiverit.
808 2431 923 2497 Utrum
954 2455 988 2497 ιιι
1019 2452 1060 2497 an
1092 2432 1176 2499 ssit
1205 2430 1330 2520 ultique

138 2535 311 2623 legendum
345 2535 448 2602 nostri
479 2534 605 2601 arbitrii
636 2544 740 2603 estet
765 2554 805 2601 ex
837 2533 950 2601 Graeci
979 2540 1138 2603 sermonis
1171 2545 1330 2605 accurata

140 2643 257 2708 notitia
284 2652 378 2708 etex
401 2641 557 2727 cuiusque
582 2639 643 2707 loci
667 2641 792 2706 ratione
818 2649 851 2707 et
881 2641 1011 2726 ingenio
1041 2643 1088 2709 sic
1111 2642 1264 2730 colligere
1292 2650 1328 2711 et

140 2747 276 2815 definire
307 2755 344 2814 ut
376 2745 484 2812 nullus
517 2746 755 2813 controversiae
787 2744 836 2811 vel
871 2743 1063 2813 dubitationi
1102 2748 1192 2816 locus
1227 2748 1329 2815 relin-

140 2860 270 2942 quatur.
316 2852 385 2919 Non
417 2860 467 2918 est
494 2871 578 2918 unus
608 2850 712 2918 Codex
735 2849 848 2917 Graeci
879 2853 1047 2939 scriptoris
1070 2861 1136 2919 tam
1169 2855 1329 2942 antiquus

140 2968 173 3026 et
197 2966 305 3025 tantae
334 2958 540 3024 auctoritatis
561 2976 599 3024 ac
624 2954 699 3024 fidei
725 2957 759 3022 in
785 2976 848 3043 quo
871 2977 934 3023 non
965 2976 1059 3044 saepe
1082 2957 1260 3027 ridiculum
1290 2960 1326 3029 in

138 3063 272 3131 modum
303 3088 335 3130 αι
367 3070 400 3130 et
430 3088 446 3129 ε
476 3064 521 3129 ita
553 3063 833 3150 permisceantur,
868 3071 905 3128 ut
938 3082 1017 3129 sana
1054 3064 1160 3143 ratio,
1193 3062 1327 3133 dicendi

138 3188 236 3247 ursus,
260 3177 349 3236 certa
372 3169 519 3256 analogia
541 3177 573 3237 ct
596 3170 631 3235 in
654 3169 759 3256 poetis
781 3174 922 3233 metrum
945 3187 1072 3255 quoque
1094 3167 1329 3255 pessumdetur

138 3282 172 3340 et
202 3281 287 3340 ruat.
343 3273 492 3361 Ineptum
521 3282 591 3353 est,
624 3282 661 3340 ut
691 3272 751 3340 hoc
783 3282 879 3352 utar,
911 3271 1066 3340 librorum
1093 3276 1326 3345 auctoritatem

137 3378 316 3463 expendere
338 3378 378 3445 ad
410 3378 671 3447 constituendum
702 3387 813 3445 utrum
842 3378 945 3446 καινόν
968 3399 1008 3446 an
1033 3381 1328 3451 maturanensis

136 3482 223 3570 apud
248 3483 393 3572 Thucyd.
419 3483 474 3550 111.
499 3490 552 3552 30.
582 3485 763 3564 νομίσαντες
797 3487 850 3551 οὐκ
881 3483 962 3551 ἄλλο
985 3511 1016 3553 τι
1039 3483 1116 3553 εἶναι
1147 3488 1184 3555 τὸ
1216 3488 1325 3557 melu

138 3587 248 3679 (κενὸν)
271 3593 325 3654 τοῦ
347 3589 485 3667 πολέμου
503 3591 522 3667 ἢ
541 3592 577 3657 τὸ
596 3595 741 3657 τοιοῦτον.
788 3590 970 3678 Numquam
993 3612 1032 3659 ex
1054 3590 1146 3657 libris
1164 3591 1327 3661 extundes

138 3702 213 3760 utra
232 3694 396 3780 scriptura
419 3694 463 3760 sit
486 3696 592 3761 uerior
614 3696 647 3760 in
676 3695 871 3763 Philemonis
893 3695 1072 3783 fragmento
1095 3696 1258 3767 Zenonem
1281 3701 1328 3767 ri·

136 3797 261 3865 dentis:

304 3905 497 3989 φιλοσοφίαν
519 3906 626 3981 καινὴν
649 3907 713 3989 γὰρ
735 3903 821 3982 οὗτος
844 3912 1024 3993 φιλοσοφεῖ.

317 4019 421 4088 πεινῆν
445 4011 581 4078 διδάσκει
604 4012 657 4079 καὶ
681 4014 825 4092 μαθητὰς
848 4014 1035 4096 λαμβάνει,

136 4117 241 4191 καινήν
277 4112 366 4181 dedit
407 4117 564 4204 lliogcnes
597 4118 702 4185 laert.
731 4118 799 4186 Vll.
837 4123 890 4187 di.
928 4124 1015 4200 κενήν
1048 4120 1195 4191 Clemens
1228 4123 1321 4193 Alex.

12 4268 14 4272 -
137 4219 323 4287 Strom.11.
359 4241 391 4308 p.
417 4226 492 4289 415.
541 4222 697 4292 Similiter
727 4232 838 4291 utrum
863 4252 888 4293 ει
912 4247 953 4293 an
976 4254 985 4295 ι
1010 4230 1053 4294 sit
1088 4229 1208 4316 ultique
1241 4232 1323 4299 scri·

139 4324 299 4406 bendum,
319 4326 415 4394 siuet
438 4328 632 4415 productum
656 4339 705 4399 est
727 4331 794 4399 sive
816 4342 1020 4421 correptum,
1043 4342 1191 4403 nostrum
1216 4338 1324 4407 estin
