2940 5010
628 286 691 347 687

65 461 116 528 iat
140 459 332 528 Graecitatis
364 459 446 525 ratio
469 466 502 523 et
525 456 674 544 loquendi
698 475 797 533 usus,
828 477 847 522 a
873 477 935 544 quo
967 478 1144 548 numquam
1169 466 1251 533 Atti-

65 587 126 634 σου
151 565 343 642 deflectere,
369 566 396 629 si
420 564 478 630 hoo
502 583 599 648 ages,
623 562 715 629 taeile
741 562 986 631 animaduertes.

117 671 208 753 Quod
239 671 321 737 dixit
351 669 524 755 Xenophon
552 669 584 734 in
618 670 712 752 §hh
746 670 851 749 μισίὸν
883 670 974 736 τίνειν
1007 671 1153 741 louieum
1184 686 1252 744 est:

65 776 286 845 Athenienses
323 783 510 841 constanter
544 775 577 839 in
603 793 751 840 sermone
786 774 931 860 populari
965 780 1151 864 compositis
1181 789 1251 848 tan·

62 889 139 950 tum
177 882 350 949 utebantur
383 880 507 947 duobus
534 881 690 946 ἀποτίνειν
715 889 747 945 et
770 880 919 960 ἐκτίνειν,
944 890 975 948 et
1000 903 1055 968 pro
1077 888 1183 963 μισίὸν
1206 890 1251 955 τί·

63 1012 128 1056 νειν
152 988 294 1055 sotebant
318 987 423 1066 μισθὸν
446 994 587 1052 τελεῖν
617 985 734 1052 dicere.
783 986 956 1074 Xenophon
986 990 1018 1052 in
1040 989 1251 1058 Memorabili-

62 1092 131 1162 hus
155 1113 281 1181 quoque
312 1092 377 1159 ἔνια
408 1091 515 1175 ξενίζει
541 1102 572 1159 et
599 1094 702 1159 utitur
730 1091 836 1157 verhis
859 1092 1074 1178 quibusdam,
1103 1116 1185 1181 quae
1216 1100 1250 1164 iu

62 1199 159 1269 lunia
182 1207 214 1266 et
237 1198 313 1264 Asia
337 1199 414 1263 trita
438 1207 552 1274 erant,
577 1198 610 1262 iu
635 1198 742 1263 Attiou
766 1217 828 1262 non
851 1198 939 1264 item.
987 1199 1179 1267 Huiusmodi
1201 1213 1252 1270 est

61 1304 91 1375 Ι.
116 1326 164 1372 ιιι.
188 1310 220 1371 7.
253 1305 463 1382 ύπούημοσύνη
489 1324 545 1389 pro
569 1304 749 1383 συμβουληε
774 1301 922 1368 lubenter
944 1303 1036 1371 lones
1052 1327 1117 1392 ,pro
1140 1332 1252 1390 παραι-

61 1417 128 1479 νεῖν
152 1417 183 1476 et
206 1408 432 1489 συμβουλεύειν
456 1407 604 1475 dicebant
626 1409 841 1484 denuntientur,
865 1416 898 1473 et
924 1406 998 1475 hino
1023 1412 1170 1488 ὑποθῆκαι
1190 1435 1250 1500 pro

61 1514 262 1598 παραινέσεις
287 1523 319 1580 et
353 1516 399 1580 sic
432 1515 641 1594 duodenorum
666 1521 714 1579 est
747 1514 933 1590 comitium,
971 1515 1055 1601 quod
1088 1519 1161 1604 quis
1197 1521 1251 1586 oui

60 1621 240 1707 suggessit.
287 1619 406 1685 Eodem
432 1619 536 1685 retero
557 1618 771 1701 λεωργότατον
789 1618 812 1684 Ι.
827 1640 871 1685 ιιι.
887 1624 917 1686 9.
944 1629 976 1687 et
1000 1620 1116 1707 plaudo
1139 1623 1251 1691 Ruhn-

44 1726 180 1804 ¹honio,
203 1727 259 1813 qui
284 1725 340 1793 111.
367 1746 407 1792 ιιι.
434 1730 464 1791 6.
488 1726 705 1804 ιίδαημοσιίνην
730 1725 762 1789 in
785 1722 890 1790 lucem
914 1727 1073 1792 renouauit
1099 1748 1156 1813 pro
1177 1732 1249 1796 σίνε-

59 1833 285 1913 ιτιτημοσύνην.
333 1831 425 1897 lones
450 1829 597 1896 dicebant
626 1832 721 1911 ἴδρις,
753 1828 872 1910 ἄϊδρις,
904 1832 1021 1908 aean,
1046 1833 1195 1912 οὶδαημων
1218 1844 1252 1902 et
1333 1816 1335 1821 ¹

57 1939 284 2018 ὀδαημοσύνη,
308 1958 345 2003 ex
368 1936 484 2021 quihus
502 1937 600 2011 αδαης
624 1935 743 2020 legitur
767 1934 1039 2023 iuCyrop.l.v1.
1061 1942 1111 2003 19.
1136 1941 1248 2017 'Atan-

57 2045 181 2127 μοσύνη
204 2043 279 2109 οΙίιιι
307 2043 443 2108 Homero
467 2040 557 2106 reddi
583 2039 736 2106 debuerat
761 2037 877 2127 Odyss.
904 2050 949 2105 Ω.
976 2045 1054 2110 945.
1088 2063 1127 2108 ex
1154 2045 1247 2131 Apol·

60 2148 144 2217 ionii
168 2151 242 2215 Lex.
269 2148 359 2214 Hom.
385 2167 414 2212 ιι.
439 2147 647 2224 Ἀδαύμονες,
669 2145 724 2210 sed
745 2145 893 2211 editores
912 2148 1083 2224 ἀδαημονίη
1108 2150 1250 2218 retinere

59 2253 272 2330 maluerunt,
309 2272 405 2339 quam
440 2250 575 2317 sormam
607 2249 750 2335 analogia
773 2250 917 2337 jrespuit.
967 2250 1129 2338 Quidquid
1161 2256 1248 2323 enim

60 2357 298 2427 adieetivorum
327 2367 375 2424 est
408 2358 440 2422 in
463 2381 595 2434 -μων
625 2356 834 2432 exeuntium,
868 2365 902 2421 ut
931 2358 1076 2436 μνήμων,
1108 2358 1250 2428 formant

13 2496 33 2523 ι
59 2482 102 2531 ex
127 2483 197 2530 sese
220 2466 349 2529 nomina
374 2464 406 2527 in
427 2500 472 2511 —
490 2462 605 2539 μοσύνη
626 2461 794 2536 exeuntia,
817 2469 854 2526 ut
878 2463 1066 2541 μνημοσύνη.
1114 2465 1248 2533 Diversa

58 2569 148 2637 ratio
170 2576 219 2635 est
240 2570 271 2634 iu
294 2569 464 2648 εὐδαίμων,
490 2567 667 2645 εὐδαιμονία
687 2573 720 2631 et
743 2575 826 2644 oet,
852 2569 884 2631 iu
909 2566 1159 2653 quibus—nov
1183 2592 1247 2638 non

56 2682 111 2742 ort
133 2675 375 2761 paragogioum.

116 2779 153 2846 ln
184 2779 360 2846 diemout.
385 2799 419 2844 ιι.
444 2784 497 2844 57.
531 2777 746 2863 nequidquam
784 2797 803 2842 a
837 2777 950 2844 multis
982 2778 1138 2845 admoniti
1168 2792 1245 2851 sunt

54 2884 209 2955 Editores
240 2885 378 2964 σίραίοιίς
413 2904 482 2950 esse
511 2882 759 2970 expungendum
788 2903 807 2949 e
835 2883 957 2950 verbis:
991 2885 1178 2968 ἐρρύζεσίαί
1207 2915 1243 2956 τε

56 2990 123 3075 ἔφη
146 2991 199 3057 καί
219 2990 357 3072 ἕργοίτας
383 2990 551 3074 [ἀγαθούς]
575 2983 673 3065 εἶναι,
697 2988 782 3075 quod
807 3008 869 3053 nou
896 2996 946 3055 est
969 2991 1077 3056 minus
1104 2992 1241 3062 stultum

56 3115 98 3164 ae
122 3096 205 3162 siin
232 3097 349 3162 vicinia
374 3095 536 3180 legeretur
564 3094 678 3174 ιίρνοὺι
702 3096 755 3160 καί
778 3095 890 3169 κακοὺς
913 3094 1080 3162 οίτεκιίλει.
1130 3097 1242 3167 Socra·

54 3208 109 3271 tes
132 3202 219 3268 iuter
240 3222 275 3268 se
296 3209 487 3287 opposuerat
510 3201 545 3265 τὸ
568 3198 704 3280 ἐργάτην
727 3195 803 3265 είναι
824 3208 856 3265 et
879 3201 914 3266 τὸ
942 3201 1038 3280 atarto
1061 3197 1157 3269 είναιε
1183 3206 1241 3271 ita-

55 3325 123 3396 qtte
151 3307 198 3374 sie
220 3307 449 3372 ratiocinatur:
483 3307 553 3379 τοὺς
577 3305 633 3384 μὲν
656 3305 776 3383 ύγαύύν
799 3330 829 3371 τι
861 3312 1022 3380 ποιοῦνται
1054 3307 1239 3390 ἐργοίτας

53 3408 159 3493 εἶναι,
185 3413 259 3485 τοὺς
283 3413 314 3479 δὲ
338 3412 529 3490 κυβεύοντας
564 3410 736 3492 οὶργούςς
771 3410 880 3497 itaque
911 3411 961 3478 vel
991 3431 1106 3480 caecus
1134 3416 1242 3483 videat

55 3518 168 3604 inepte
188 3515 262 3583 addi
286 3515 424 3599 ἒργύτας
449 3517 643 3593 ἀγαθούς.

115 3622 389 3709 Praepositionem
424 3619 602 3686 addiderim
639 3622 672 3685 in
698 3620 721 3686 t.
746 3640 790 3686 ιιι.
816 3625 849 3692 6.
881 3622 925 3688 τοὶ
958 3625 1155 3692 τείίοντα
1196 3633 1241 3708 μη

55 3736 227 3802 πεινῶντας
258 3728 388 3805 ἐσθίειν,
411 3746 487 3792 nam
519 3745 631 3792 verum
662 3733 710 3792 est
742 3724 827 3813 quod
854 3725 1009 3795 Stohaeus
1033 3734 1174 3798 servavit
1198 3736 1242 3800 τοὶ

50 3833 349 3903 δυατείίοντα.
796 3839 799 3843 ’

103 3938 255 4006 tiendum
280 3936 504 4026 pervulgatum
531 3938 633 4004 haesit
656 3937 679 4002 t.
701 3958 746 4003 ιιι.
770 3942 802 4004 9.
826 3935 912 4015 οὗτος
932 3939 991 4005 κᾶν
1010 3943 1054 4015 είς
1076 3945 1242 4026 μαχαίρας

53 4046 238 4127 ιουβιςνίσειε
260 4042 320 4110 κύον
343 4046 385 4119 είς
416 4050 475 4126 τῦρ
499 4042 689 4119 ι’ίλλοιτο,
714 4044 914 4112 concinnitas
945 4046 1083 4132 postulat
1104 4047 1241 4129 ἱίλαιτο,

54 4150 147 4241 quod
169 4152 203 4216 in
224 4146 329 4217 ι’ίλοιτο
349 4151 514 4237 primum,
536 4149 650 4217 deinde
673 4150 705 4214 in
727 4146 854 4214 ι’ίλλοιτο
878 4150 917 4218 de
937 4171 1027 4219 more
1048 4153 1137 4222 abiit.
1161 4157 1240 4223 Gon·

53 4258 162 4327 trario
184 4276 293 4325 errore
316 4256 473 4323 scribitur
495 4257 528 4322 in
549 4255 662 4342 Vespis
688 4276 735 4322 vs.
760 4259 863 4322 1505:
