2940 5010
706 294 768 356 715

138 461 298 531 adheret
320 481 390 550 cap.
415 468 466 530 19.
492 463 560 546 περ)
586 464 643 543 μὲν
669 460 718 530 οὖν
737 465 851 531 τούτων
879 467 932 532 acal
961 467 1182 534 τῶντοιούτων
1208 469 1324 554 [darse-

138 575 205 635 λῶν
240 567 409 635 delendum
443 568 599 654 arbitrer]
630 568 700 635 οὔτε
735 574 889 647 anisacar
925 573 1024 656 ῥᾴδιον
1062 571 1133 638 οὔτε
1165 579 1324 642 πιςεῦτοιι.

141 672 258 762 ltaque
280 675 313 739 in
339 692 456 759 magna
480 673 620 758 tingendi
654 673 807 742 facultate
838 677 957 763 passim
995 677 1113 742 multas
1144 676 1274 744 tabellas
1294 688 1328 745 et

142 790 328 847 commenta
352 789 428 846 nata
451 799 522 845 esse
554 799 617 845 uon
642 781 797 866 estquod
834 783 1011 849 miremur:
1047 791 1079 847 et
1109 781 1168 847 hoc
1196 782 1326 868 quidem

141 886 291 953 emnium
312 885 448 951 minime
470 895 520 951 est
546 883 692 950 mirabile
717 885 799 971 quod
822 887 860 952 ad
884 886 1069 976 Lycurgum
1092 896 1256 954 auctorem
1277 909 1328 955 re·

139 988 306 1078 liquorum
332 992 460 1056 iuuenta
485 999 518 1056 et
542 990 692 1055 instituta
714 990 919 1070 referuntur,
951 994 1047 1059 etiam
1081 1014 1138 1072 ca,
1174 1013 1256 1081 quae
1287 993 1328 1059 ah

140 1094 199 1163 illu
219 1096 389 1163 videantur
408 1095 615 1161 alienissima.
664 1097 853 1184 Lycurgus,
880 1107 915 1162 ut
933 1097 993 1164 hoe
1012 1106 1102 1177 utar,
1125 1118 1231 1185 neque
1251 1118 1327 1165 cum

143 1202 282 1289 imperio
313 1200 411 1267 luisse
444 1220 598 1287 umquam
632 1199 778 1277 videtur,
814 1222 920 1287 neque
954 1205 1002 1270 rei
1038 1203 1170 1270 bellicae
1202 1202 1329 1271 dedisse

141 1324 294 1394 operam,
320 1325 423 1392 neque
442 1313 528 1371 artes
549 1306 774 1392 imperatorias
794 1307 985 1377 excoluisse.
1019 1310 1140 1375 Auctor
1161 1317 1210 1376 est
1231 1313 1246 1374 ο·
1266 1320 1329 1376 dc·

140 1413 253 1495 ληρεὺς
287 1415 461 1494 Δημήτριος
496 1413 548 1478 τὸν
582 1416 758 1494 Λυκοῦργον
783 1414 929 1490 οὐδεμιᾶς
962 1414 1126 1497 οὶψοὶμονον
1155 1424 1329 1495 πολεμικῆς

143 1515 286 1601 πράξιος
310 1517 342 1583 ἓν
363 1520 463 1600 etpaaa
484 1519 724 1593 κοιτατιὶτοιοοοιι
747 1519 1007 1595 τὴνπολιτείαν,
1033 1518 1117 1607 apud
1143 1519 1227 1588 Plut.
1252 1521 1328 1610 lya.

142 1622 200 1691 25.
248 1620 356 1689 Facile
386 1621 570 1689 credimus:
604 1621 810 1708 pereruditus
832 1624 919 1690 enim
951 1625 1044 1691 testis
1073 1632 1122 1693 est
1147 1633 1179 1692 et
1204 1625 1248 1691 rei
1274 1645 1329 1691 na·

141 1734 220 1795 tura
244 1726 424 1794 coufirmat.
473 1727 575 1811 Reges
598 1725 776 1793 Archelaus
798 1737 831 1793 et
852 1727 1011 1794 Charillus
1044 1727 1123 1796 holla
1159 1728 1329 1814 gerebant,

142 1850 246 1921 quun
279 1834 450 1922 Lycurgus
481 1852 580 1917 remp.
609 1834 700 1898 novis
730 1831 855 1918 legibus
887 1836 1107 1901 constitueret.
1154 1833 1331 1900 Archelaus
1419 1825 1421 1828 ’

141 1944 178 2007 οἱ
204 1936 366 2005 cherillus
398 1941 454 2014 rim
477 1939 578 2017 Αἴγυν
602 1934 682 2004 εἶλον
715 1938 768 2004 uel
800 1940 1076 2021 ἠνδραποδίσαντο,
1111 1939 1248 2006 Pausan.
1273 1940 1329 2007 lll.

141 2060 177 2110 n.
203 2048 235 2110 s.
283 2042 401 2110 lisdem
434 2062 534 2130 quum
562 2042 764 2129 aliquantum
797 2045 867 2129 agri
899 2042 980 2110 hello
1012 2045 1173 2132 cepissent
1204 2045 1329 2113 editum

141 2147 399 2215 estoraculum:

325 2253 406 2320 elasa
429 2253 595 2328 ἐπικτήτου
619 2253 724 2335 μοίρης
746 2254 850 2337 λοὶχος
874 2253 1049 2321 Ἀπόλλωνι

325 2356 419 2438 ι’ἰμιτν
442 2357 617 2423 dolocomae
641 2361 722 2425 πολὺ
745 2363 832 2425 λώϊον
855 2359 981 2426 docerer
1005 2362 1133 2438 adroic,

143 2470 229 2532 teste
253 2460 414 2530 Oenomao
435 2460 519 2549 apud
544 2461 660 2529 Euseb.
686 2463 835 2549 Praepar.
868 2464 992 2549 Euang.
1015 2464 1051 2530 V.
1078 2469 1134 2530 32.
1170 2464 1331 2535 cherillus

141 2568 227 2637 halla
249 2588 323 2634 cum
351 2569 480 2653 Argivis
506 2575 538 2634 et
563 2568 710 2653 Tegeatis
734 2571 850 2655 gessit:
875 2579 991 2655 captus
1013 2569 1052 2635 ah
1077 2570 1128 2636 his
1152 2570 1246 2638 fidem
1276 2572 1330 2639 de·

141 2672 192 2741 dit
223 2692 259 2740 se
291 2673 440 2758 Tegeatis
471 2692 560 2739 arma
592 2674 723 2760 posthac
756 2695 818 2740 non
851 2674 1029 2740 illaturum.
1076 2676 1235 2743 Dimissus
1268 2697 1330 2743 nou

141 2779 285 2847 aerrauit
309 2777 415 2844 iidem.
449 2782 585 2845 Pausan.
611 2777 665 2844 lll.
691 2800 743 2845 vu.
770 2785 800 2846 5.
836 2780 917 2847 Vlll.
942 2785 1016 2847 v.9
1049 2790 1080 2847 et
1114 2781 1198 2847 Vlll.
1223 2803 1329 2849 xuvur.

142 2888 244 2953 4-5.
293 2882 418 2949 luterea
449 2884 619 2973 Lycurgus
643 2885 729 2951 domi
754 2907 854 2972 remp.
887 2885 1112 2952 constituebat.
1162 2886 1331 2972 Spartanis

142 2988 323 3061 arietibus
347 2990 441 3055 allier
465 2992 581 3056 visum.
627 2992 787 3065 Ἰππίοιςδ
810 2995 939 3073 comasius
963 2993 1015 3057 τὸν
1038 2997 1215 3073 Λυκοῦργον
1239 3007 1330 3058 πολε·

141 3095 320 3179 μικώτοτδν
352 3101 431 3178 Φηοι
462 3097 606 3174 γενέσθαι
640 3096 692 3161 aad
727 3104 849 3163 πολλῶν
880 3095 1021 3177 ἔμπειρον
1044 3105 1212 3179 sperares,
1245 3097 1329 3164 Plut.

141 3200 203 3271 1.Ι.
251 3201 351 3266 Visne
382 3201 467 3267 seire
492 3200 575 3267 uude
600 3200 676 3266 haec
702 3202 855 3288 llippias,
890 3200 985 3267 horare
1009 3199 1105 3279 leuis,
1129 3203 1330 3289 arripuerit?

140 3306 213 3377 lton
236 3326 276 3373 ex
297 3305 464 3372 annalium
496 3315 677 3381 uetustate.
709 3306 763 3373 scd
788 3328 827 3373 ex
855 3306 1177 3374 Lacedaemoniorum
1211 3328 1330 3375 securo·

142 3412 259 3481 uibus:
285 3411 356 3477 ride
378 3410 540 3477 Platonem
568 3413 598 3476 iu
623 3411 736 3500 llippia
761 3414 880 3478 maiore
905 3432 974 3498 pag,
998 3416 1073 3479 285.
1100 3413 1136 3478 ll.
1184 3412 1331 3482 Indidem

142 3517 265 3588 sumsit
289 3516 555 3602 Philostephanus
580 3518 675 3605 (apud
702 3517 783 3584 Plut.
811 3518 829 3583 l.
855 3518 886 3606 Ι.)
912 3527 1036 3585 turmas
1059 3519 1205 3604 equitum
1233 3540 1250 3586 a
1272 3521 1331 3609 ty·

142 3642 247 3711 curgo
279 3641 348 3689 esse
382 3624 587 3688 constitutas.
635 3622 752 3689 Eodem
787 3623 881 3689 niodo
904 3624 987 3710 quod
1013 3622 1186 3710 Xenophon
1220 3634 1332 3692 narrat

143 3748 217 3818 cap.
239 3727 308 3794 ΧΠ.
340 3727 489 3813 quomedo
520 3726 685 3813 Lycurgus
716 3730 797 3795 cr'ecs
818 3751 889 3795 suos
913 3740 1014 3795 costra
1037 3731 1151 3795 metari
1173 3729 1331 3810 docuerit,

143 3836 179 3903 id
200 3854 275 3902 eum
307 3834 339 3898 in
375 3833 513 3917 Agesilai
547 3835 663 3899 castris
696 3841 728 3900 ct
752 3836 911 3919 praetorio
935 3833 1030 3902 credo
1062 3834 1233 3901 audiuisse.
1282 3834 1330 3901 Ah

143 3938 256 4009 eedem
278 3947 335 4005 aut
358 3936 420 4004 alio
442 3936 580 4024 quodam
605 3940 709 4004 aurico
734 3939 891 4025 Spartano
915 3941 1076 4025 accepisse
1099 3940 1226 4006 uidetur
1247 3939 1330 4025 quod

143 4044 187 4113 tle
208 4045 349 4134 Lycurgi
370 4052 475 4110 aetate
505 4043 616 4109 retulit
639 4040 684 4110 dar
705 4046 837 4124 λέγεται
861 4047 969 4112 κοντοὶ
992 4047 1084 4118 τοὺς
1120 4045 1331 4125 ‘Hecatae'-

143 4152 218 4226 das
250 4149 416 4229 γενέσθαι,
452 4169 547 4236 quem
584 4151 812 4234 grauissimum
848 4170 990 4217 errorem
1028 4153 1060 4215 in
1098 4150 1243 4236 Agesilao
1268 4172 1332 4218 non

143 4275 264 4343 magno
286 4274 382 4342 opere
402 4257 579 4335 miramur,
604 4257 660 4342 qui
685 4276 783 4341 (pirrum
819 4266 1019 4343 perveterem
1046 4256 1229 4343 lycurgum
1263 4277 1332 4325 esse

142 4363 244 4431 sciret
266 4363 337 4430 eius
370 4370 506 4431 aetatem
531 4382 605 4429 eum
639 4363 717 4449 ipsis
742 4362 929 4441 primordiis
961 4363 1009 4430 rei
1045 4361 1221 4451 Spartanae
1256 4384 1329 4433 eon·
