2940 5010
698 288 759 352 'tut

182 462 260 527 Tres
295 470 469 548 supersunt
503 460 579 527 libri
602 459 841 548 Xenophontei‚
871 459 1109 549 quibusquam
1139 462 1309 551 diligentis·

136 567 217 632 sime
248 564 376 632 relectis
404 575 437 633 et
468 565 520 632 hic
544 565 609 633 illic
633 564 812 635 emendatis
843 563 902 634 bas
925 568 1028 636 Novas
1050 569 1223 638 Lectiones
1244 590 1310 639 con·

134 671 275 738 cludam.
322 670 476 757 Incipiam
508 671 548 739 ab
578 692 614 739 eo
644 671 771 751 libello,
799 674 854 759 qui
888 675 1094 756 Κννηγεπιιιόρ
1124 674 1310 748 inscribitur

134 784 181 853 et,
207 784 242 842 ut
263 775 343 843 mibi
363 777 491 864 quidem
515 777 658 856 ridetur,
679 785 755 844 ante
775 778 915 865 reliquos
937 800 1049 848 omnes
1067 801 1087 848 a
1106 780 1309 868 Xenophonte

134 882 275 969 scriptus
297 891 358 949 est.
404 883 513 971 Spirat
535 884 621 950 enim
641 889 729 949 totus
751 882 833 950 liban
856 883 1013 953 lervorem
1031 885 1207 974 quemdam
1230 887 1309 954 iure

132 987 209 1052 nilis
231 987 331 1054 animi
359 991 529 1068 θυμοειδοῦς
552 1013 588 1055 τε
618 988 671 1054 καὶ
700 990 839 1071 ἐρωτικοῦ
864 999 895 1057 el
918 991 952 1056 in
983 991 1026 1058 iis
1054 1010 1138 1078 quae
1168 1001 1257 1058 amet
1282 1001 1312 1060 el

127 1090 313 1159 admiretur
344 1093 473 1160 modum
504 1093 630 1161 nullum
660 1096 831 1164 servantis.
884 1095 1021 1163 ttntmm
1052 1116 1126 1164 esse
1156 1097 1190 1162 in
1224 1115 1311 1165 reue

131 1198 221 1263 tione
249 1197 324 1264 boni
347 1200 444 1266 etiarn
470 1201 526 1286 qni
554 1220 589 1265 ea
614 1219 675 1265 non
708 1201 833 1266 utimur
862 1199 957 1268 lacile
984 1202 1169 1280 credimus,
1203 1220 1311 1271 verunt

134 1301 188 1370 ille
210 1305 310 1370 tantis
333 1325 403 1372 eam
428 1303 577 1371 laudibus
599 1305 633 1370 in
657 1304 780 1372 coelum
804 1305 959 1373 extollens
982 1316 1019 1375 ut
1041 1307 1192 1374 omnium
1215 1309 1314 1375 virtu·

134 1417 204 1474 turn
231 1410 425 1496 principium
448 1429 485 1475 ac
515 1409 755 1477 firmamentum
787 1430 858 1479 esse
883 1411 971 1479 dicat
1000 1412 1132 1478 modum
1163 1412 1315 1481 excedere

134 1513 272 1580 videtur.
320 1515 356 1580 ln
380 1535 415 1581 ea
438 1535 473 1581 re
494 1516 573 1581 sctis
603 1514 770 1601 pueriliter
789 1515 942 1584 labnlosie
964 1516 1158 1605 quibusdam
1182 1515 1315 1585 heroon

136 1619 292 1707 exemplis
315 1620 461 1686 abutitur
484 1617 538 1698 θπ,
555 1645 586 1686 τι
606 1645 658 1686 κεν
680 1622 730 1686 ἐπ’
753 1622 923 1704 ἀκαιρίμαν
952 1631 1103 1702 γλῶσσαν
1124 1622 1199 1709 ἔλθη
1224 1620 1316 1690 conh-

133 1723 248 1793 denter
274 1724 449 1793 affirmans.
496 1726 582 1807 Quos
603 1727 737 1793 minime
765 1736 912 1813 putasses
935 1729 1009 1794 novi
1032 1736 1165 1815 repente
1189 1736 1317 1794 venato·

134 1851 187 1898 res
217 1834 383 1908 existunt,
418 1834 451 1897 in
475 1831 526 1897 bis
549 1831 758 1918 aesculapius
779 1842 811 1899 et
842 1833 1038 1901 Palamedes.
1083 1832 1154 1900 Noli
1185 1833 1314 1900 credere

131 1936 333 2004 Palamedem
366 1938 490 2026 Ulyssis
519 1937 638 2004 scelere
666 1940 892 2018 interemtum,
926 1959 1001 2006 nam
1034 1936 1194 2026 quomodo
1218 1938 1316 2004 bourn

133 2053 266 2108 venator
289 2043 322 2109 id
346 2044 548 2110 committere
574 2044 700 2130 poturit?
732 2046 917 2121 ἐτελεύτησε
944 2047 976 2112 δέ
1002 2043 1228 2134 (Παλαμήδης)
1260 2046 1317 2125 οὐχ

133 2151 190 2232 ὑφ’
214 2146 252 2214 ὧν
275 2147 389 2215 οθονπαό
410 2173 500 2223 τινες.
524 2187 568 2198 -
591 2148 701 2215 καινοὶ
727 2151 764 2216 δὲ
794 2148 966 2231 ἔπραξαν
994 2150 1035 2217 τό
1066 2149 1189 2233 ἔργον.
1238 2149 1316 2215 Pue-

130 2255 206 2322 rilis
235 2254 464 2341 propemodum
491 2254 611 2322 candor
633 2264 682 2320 est
707 2254 784 2321 talia
816 2257 863 2322 sic
892 2257 1116 2323 asseverantis.
1164 2253 1318 2321 Eiusdem

132 2360 283 2428 candoris
311 2369 360 2427 est
389 2359 473 2448 quod
499 2360 612 2428 scribit
635 2359 675 2426 de
697 2361 765 2446 ipss
796 2360 925 2428 Virtute
948 2381 1000 2428 ras
1024 2362 1184 2428 humanas
1208 2378 1317 2426 omncs

134 2467 334 2553 inspectante
356 2465 439 2533 Xlll.
468 2470 519 2533 19.
546 2487 612 2552 sqq.
660 2464 821 2545 Ἐρωτικόν
844 2491 915 2533 τινα
936 2486 1090 2552 agnosces
1114 2465 1193 2533 ibid.
1222 2469 1315 2552 520.

133 2583 166 2639 et
188 2571 303 2637 melius
325 2572 424 2638 etiarn
454 2572 487 2636 in
515 2570 713 2655 lepidissimo
744 2569 812 2637 loco
836 2571 872 2636 V.
898 2577 936 2639 3:
966 2571 1042 2639 οὕτω
1064 2575 1092 2640 δ’
1116 2573 1250 2653 ἐπόχαρό
1272 2573 1315 2643 ier

132 2682 168 2745 τό
191 2680 284 2761 θηρόον
307 2675 422 2767 (lepus)
446 2675 504 2746 ὥτε
523 2678 618 2750 οὐδεὶς
639 2677 703 2752 θοις
727 2681 780 2743 οὐκ
803 2678 842 2744 θιν
866 2680 931 2744 ἰδὼν
949 2678 1160 2759 θχνεοόριενον,
1186 2677 1317 2759 εὑρισιιό·

131 2809 239 2866 μενον,
261 2783 503 2863 μεταθεόμενον,
529 2785 731 2863 ἁλισκόμενον
752 2784 969 2850 ἒπιλοθθοιπ’
994 2784 1037 2851 θον
1065 2783 1100 2850 sl
1122 2808 1186 2850 τοο
1215 2784 1315 2867 ἐρῴη.

133 2891 288 2957 Laudavit
317 2889 396 2955 haec
424 2887 617 2955 Plutarchus
650 2890 683 2954 in
708 2888 789 2955 libro
813 2910 984 2977 conpesce
1014 2890 1152 2956 suaviter
1184 2890 1251 2956 cini
1276 2909 1318 2956 ιο·

134 2999 270 3065 cundum
293 2996 469 3082 Epicurum
489 2994 690 3082 p.1096.c‚
713 2996 808 3062 cuins
832 2993 928 3061 verba
950 2993 1151 3074 describam,
1175 3002 1213 3062 nt
1234 3013 1318 3062 men·

131 3104 174 3171 do
195 3103 341 3169 liberem:
366 3104 474 3169 τὸτοῦ
500 3107 687 3181 Ξενοφῶντος
705 3100 802 3167 ἐκεῖνό
817 3125 869 3180 μοι
887 3100 1004 3166 δοκοῦσι
1024 3099 1076 3167 καὶ
1098 3101 1166 3167 τόν
1192 3101 1319 3183 ἔροιτο

132 3219 229 3278 ποιεῖν
251 3207 528 3285 ἐπιλανθάνεσθαι,
561 3213 703 3273 τοσοῦτον
728 3208 813 3290 ἡδονῇ
838 3211 1020 3289 κρατοῦσιν,
1044 3225 1160 3293 nempe
1183 3226 1244 3293 pro
1270 3206 1319 3271 τόν

131 3319 230 3400 ἔρωτα
264 3316 470 3402 perspicuum
506 3332 574 3378 esse
605 3313 744 3378 arbitror
766 3311 931 3378 emendari
963 3321 1129 3399 oportere:
1165 3312 1220 3379 καὶ
1254 3310 1321 3378 clo

131 3429 273 3507 ἐρῶντα
297 3433 393 3489 ποιεῖν
416 3418 681 3486 ἐπιλανθάνεσθαι.

177 3530 213 3595 ln
239 3529 307 3615 ipso
330 3524 435 3592 libello
456 3525 581 3590 Atticae
604 3523 753 3590 dictionis
777 3523 947 3590 sinceritas
971 3524 1090 3610 passim
1111 3524 1227 3590 vitiata
1249 3533 1319 3601 est,

131 3633 303 3723 inquibus
327 3632 490 3717 aequiores
513 3631 683 3716 antiquum
713 3628 840 3695 dicendi
864 3649 966 3714 genus
988 3627 1028 3694 ad
1053 3648 1145 3694 snam
1170 3626 1321 3716 loquendi

131 3738 395 3809 consuetudinem
421 3734 716 3800 accommodarunt.
764 3735 832 3801 Non
858 3754 994 3820 agnosco
1018 3733 1264 3820 Xenophontem
1288 3735 1321 3800 in

106 3849 246 3916 ‚formis
279 3843 461 3929 imperativi
484 3843 710 3925 ἐχνειιότοσαν,
742 3843 945 3916 ποιείτωσαν,
979 3840 1191 3918 διοικέτωσαν,
1221 3864 1321 3920 μετα

132 3956 300 4028 θεόπιισαν,
332 3949 492 4032 ἐχέτωσαν
525 3958 556 4014 et
580 3949 771 4030 ὑφεόσθασαν
795 3955 828 4012 et
861 3946 1067 4024 ἆγέσθωσαν,
1100 3965 1184 4033 quae
1218 3946 1322 4013 blace-

132 4060 265 4127 douicae
288 4055 403 4122 aetatis
430 4061 516 4119 sunt.
564 4053 625 4134 Qui
647 4051 857 4147 ἐγρηγόρεσαν
879 4051 955 4118 alibi
981 4050 1185 4139 Xenophonti
1212 4051 1321 4118 obtru-

134 4174 246 4232 meunt
278 4183 335 4250 pt'o
361 4160 570 4242 ἐγρηγόρεσαν
593 4166 624 4224 el
649 4156 805 4244 putabant
828 4159 929 4244 inepli
953 4165 1114 4240 γρηγορεῒν
1137 4165 1169 4224 el
1193 4159 1322 4238 ἐγρηγο·

133 4282 192 4354 ρεῑν
217 4291 273 4358 pro
297 4268 492 4352 ἐγρηγορέναι
514 4263 758 4351 εΧειιορΙιοιιῑε
782 4263 880 4330 scribi
901 4266 1063 4351 potuisse,
1088 4263 1187 4330 iidern
1209 4263 1247 4328 V.
1271 4271 1322 4330 ll.

134 4380 282 4460 ἐγρηγορῇ
307 4372 463 4441 dederunt
487 4391 546 4459 pro
569 4370 621 4437 καὶ
645 4366 720 4437 ὅταν
743 4371 800 4454 μὲν
826 4372 1022 4458 ε’γρηγόρη.
1071 4369 1189 4439 lisdem
1214 4368 1322 4437 tribuo
