2940 5010
704 302 766 363 147

149 480 189 543 ut
203 472 370 543 fflfinum
390 492 426 541 se
449 474 554 562 ipsum
577 473 731 556 χαρίεντα
755 472 853 541 οὶοοδθν
880 470 988 542 dicere
1010 476 1170 563 potuisse,
1191 477 1219 545 is
1242 494 1319 545 non·

154 578 214 649 ίΙ
230 580 379 663 Κρατίνου
401 584 455 647 τοῦ
476 578 680 663 ταυροφοίγου
702 580 848 658 γλώττης
869 580 1009 663 βακχεῖ’
1033 583 1190 658 ἐτελέσθη.

186 684 340 755 undem
360 683 468 753 labula
488 684 606 771 fragm.
631 686 687 753 lx.
711 684 862 751 Cratinus
885 683 1004 752 dixisse
1023 686 1180 756 traditur:

354 791 439 874 ατὰρ
462 793 619 873 ἕννοοῦμαο
642 792 723 866 δῆτα
746 790 805 863 τοὶς
828 791 999 873 μοχθηρίας

354 904 412 974 τῆς
435 896 622 973 θλιθτθτντοο
645 902 701 970 τῆς
725 896 820 973 ἐνῆς.

160 1002 405 1091 quinimmo,
428 1001 513 1089 quod
532 1009 673 1069 metrum
691 1000 831 1085 iugulat,
853 1000 1221 1081 Fritzsclriustoedrnror
1242 1027 1316 1073 con·

159 1098 225 1187 ld,
244 1106 341 1195 idque
363 1106 521 1175 lleinelio
542 1126 655 1174 verum
668 1105 807 1176 videtur.
856 1104 918 1172 Sed
931 1126 1034 1192 neque
1047 1108 1126 1183 ἐνεθς
1148 1130 1206 1197 pro
1218 1111 1318 1178 stulto

159 1210 306 1301 dolidoqno
325 1211 493 1280 dicebatur
508 1232 611 1298 neque
629 1212 749 1288 ἐοεθτης
768 1211 930 1278 veteribus
948 1211 982 1277 in
1005 1232 1067 1279 usu
1084 1223 1167 1280 erat.
1214 1218 1317 1293 Ἔνεθς

158 1318 312 1387 ultricis
333 1318 349 1384 ί
371 1316 408 1396 ἐξ
428 1320 530 1401 αρχῆς
553 1320 657 1402 κυφὸς
688 1320 727 1385 ὢν
750 1317 804 1384 καί
835 1317 887 1383 διὰ
915 1322 1006 1384 τοῦτο
1037 1326 1140 1403 Φωκῆς
1174 1323 1317 1405 ε’ςερημέ-

157 1422 287 1499 mide
314 1424 447 1491 omnino
480 1422 710 1490 lluhnlrenium
736 1423 777 1490 ad
809 1423 891 1489 Tim.
923 1442 952 1509 ρ.
977 1427 1057 1502 102,
1088 1446 1185 1512 quem
1216 1430 1318 1495 miror

157 1545 200 1595 αι
221 1529 359 1597 menso
386 1527 421 1595 in
450 1527 592 1596 Platonis
623 1528 796 1595 Theaeteto
825 1549 857 1615 p.
888 1531 966 1594 206.
992 1528 1028 1594 ll.
1059 1532 1152 1599 τοῦτθ
1179 1559 1220 1612 γε
1251 1538 1316 1609 τοῖς

157 1640 225 1703 mlv
240 1634 368 1708 δυνατὸς
386 1634 423 1701 τδ
442 1632 633 1711 ἐνδείξασθαι
652 1636 686 1700 τί
703 1636 788 1701 δοκεῖ
805 1634 872 1716 τερί
897 1633 1010 1702 ἑκοίτου
1029 1637 1114 1719 αὐτῷ
1135 1642 1150 1703 ί
1171 1641 1215 1717 μη
1236 1641 1316 1715 ἐνεδς

156 1736 262 1825 ίιφίς
283 1740 345 1807 ax·
366 1742 485 1822 ἀρχῆς,
508 1738 612 1807 aliena
634 1760 704 1807 esse
725 1742 742 1818 ἢ
766 1742 871 1823 κοφδο
890 1742 948 1805 ἀπ’
971 1741 1092 1821 ἀρχῆς,
1116 1744 1315 1833 qnandoqui-

155 1840 205 1913 ὴ
223 1844 420 1931 quicumque
440 1845 544 1929 κοφθς
567 1847 625 1911 ἆτ’
647 1848 749 1927 ἀρχῆς
773 1844 836 1911 luit
867 1846 895 1910 is
925 1843 1004 1917 ἕνεθς
1029 1844 1069 1910 ab
1093 1850 1236 1935 antiquis
1267 1851 1314 1916 di·

155 1938 230 2029 th,
249 1958 283 2017 et
304 1948 398 2016 Plato
420 1950 489 2037 ipse
511 1953 615 2034 κοφδς
639 1952 674 2015 ἐκ
696 1961 826 2029 γενετῆς
855 1950 1004 2016 dicturus
1031 1948 1154 2017 luisset.
1202 1954 1316 2021 Proce-

154 2050 224 2123 hle
251 2064 397 2143 tompore
423 2055 504 2130 ίνεθς
540 2054 604 2121 dici
636 2063 785 2141 coeptum
821 2063 869 2121 est
902 2074 961 2140 pro
994 2055 1154 2140 strepidus,
1188 2080 1312 2136 vecors,

153 2160 247 2241 νοσοίη,
265 2162 410 2241 fiuntdc,
431 2162 597 2239 σίμνίμοον,
621 2158 735 2226 deinde
759 2168 792 2226 ct
816 2180 874 2247 pro
902 2158 1050 2236 ἄναυδος,
1081 2158 1214 2242 ἄφωνος.
1251 2164 1316 2246 Qui

156 2264 343 2335 illeiliade
363 2265 405 2333 ll.
429 2287 460 2352 p.
489 2270 562 2333 140.
586 2264 621 2331 ll.
651 2263 744 2331 docet
775 2265 891 2331 strdtos
923 2264 1021 2337 ἐνεούς
1046 2263 1109 2331 dici
1135 2286 1225 2352 posse
1254 2268 1312 2336 diu

155 2380 205 2457 qul
230 2371 372 2441 Platonis
402 2378 545 2457 tempora
573 2369 605 2436 id
636 2369 758 2436 didicit.
807 2370 843 2435 ln
877 2369 994 2436 Suidne
1018 2369 1103 2437 loco:
1135 2375 1311 2449 οὶοηοεθθη·

156 2476 211 2557 lule
231 2476 372 2559 ίγεγθνεο
405 2476 485 2543 nihil
511 2475 600 2542 aliud
625 2474 704 2541 latet
729 2492 826 2561 quam
856 2475 935 2550 ἕνεδς
966 2475 1121 2554 ἑγεγθνεο,
1155 2498 1229 2545 nam
1262 2480 1310 2546 sie

155 2580 412 2673 lllloquelrantur
437 2601 495 2668 pro
516 2580 639 2665 ἄφωνος
663 2576 708 2655 ἦν.
758 2579 820 2646 Sed
846 2579 926 2646 nihil
959 2579 1038 2646 lraee
1066 2581 1233 2649 Cratinum
1255 2585 1309 2651 ad·

157 2684 290 2757 nunna
337 2684 428 2769 Quod
450 2686 484 2751 in
506 2684 621 2751 Codice
639 2693 688 2751 est
707 2696 793 2751 THC
817 2695 1037 2753 HleTNTOC
1059 2695 1171 2753 natum
1195 2699 1245 2757 est
1269 2711 1309 2757 ex

157 2786 258 2861 leton
280 2802 338 2869 τῆς
362 2791 539 2869 ἦτοθτητος,
563 2809 646 2876 quae
669 2792 834 2857 verissimo
860 2811 930 2857 esse
951 2792 1089 2858 ridetur.

185 2896 368 2967 incertarum
391 2895 586 2963 rotulorum
611 2893 727 2981 lragm.
751 2896 787 2961 V.
811 2904 875 2968 τῶς
894 2896 933 2961 ἄν
954 2898 1152 2981 Ἰοχομοίχοο
1171 2898 1307 2975 γεγονὼς

156 3004 270 3071 umen
292 3002 458 3085 Φολίδυρος
477 3000 517 3067 δν
537 3000 600 3075 είης
622 3002 667 3066 ita
687 3009 811 3067 veteres
833 3020 984 3068 numeros
1006 3004 1138 3089 recipiet
1162 3004 1190 3068 si
1207 3004 1306 3089 scrip·

157 3108 221 3175 τὴν

276 3214 330 3281 καί
355 3218 420 3286 τῶς
442 3210 482 3278 ίον
505 3211 703 3294 Ἰσχομάχου
726 3212 764 3277 σὺ
788 3213 923 3289 γεγονὼς
947 3214 1097 3277 Μυκονίου

275 3318 443 3402 Φολίδοορος
467 3318 550 3395 σίνος

153 3422 313 3501 Μίτυν
334 3432 392 3491 OT
414 3430 452 3489 ut
472 3442 566 3509 soene
587 3433 639 3489 cr
663 3423 795 3509 expulit.

180 3524 407 3617 lnlregmento
429 3528 502 3595 xlv
526 3528 575 3593 his
599 3527 742 3612 neglecta
770 3536 818 3593 est
842 3527 973 3605 lineola,
998 3547 1079 3614 quae
1109 3528 1305 3595 comissum

122 3686 124 3723 ,
150 3634 421 3725 Βοοίχυίίίςοίοοῑ.
468 3633 612 3719 Namque
637 3643 672 3698 ut
697 3653 790 3699 nemo
815 3654 966 3720 umquam
992 3636 1096 3719 caniet
1116 3633 1194 3720 quid
1217 3636 1261 3701 sit

276 3742 390 3823 τρίγλη
414 3741 440 3806 δ’
464 3741 490 3804 εί
513 3741 570 3817 μίν
594 3741 746 3814 ἐδηδοκοίη
770 3741 871 3805 τένθου
895 3742 973 3812 τινος
997 3737 1117 3821 οίνδρίς,

144 3840 175 3913 ἡ
191 3866 280 3917 nemo
303 3865 366 3913 non
390 3845 549 3932 intelliget

144 3984 150 3997 ·
251 3952 384 4035 τρίγλην
407 3952 434 4018 δ’
457 3954 483 4017 εί
506 3953 564 4029 μὲν
588 3952 736 4027 ἐδηδοκοίη
760 3956 784 4016 ’ν
808 3950 909 4016 τένθου
932 3954 1012 4023 τινος
1034 3949 1149 4029 οὶνδρίς.

166 4054 349 4127 ommia
370 4055 482 4123 roenlo
502 4055 681 4142 fragmento
699 4055 815 4122 xxvll
839 4054 947 4121 addito
969 4055 1163 4120 sententiam
1186 4061 1217 4121 ct
1240 4073 1303 4120 mc·

133 4166 207 4231 lum
227 4162 363 4231 iurabit.

253 4268 364 4337 Δασὺν
387 4266 468 4351 ἔχων
490 4268 543 4333 τδν
567 4267 702 4348 τρουκτδν
727 4265 784 4333 dire
809 4268 927 4348 κυρθβί
951 4266 1053 4331 ἐσθίον
1077 4265 1144 4330 olel.

125 4372 212 4463 rnlqn
230 4374 285 4441 οἱοί
304 4373 460 4441 omissum
485 4381 543 4439 est.

1052 4484 1076 4520 12
1091 4478 1106 4496 ¹·
