<?xml version="1.0" encoding="UTF-8"?>
<!DOCTYPE html PUBLIC "-//W3C//DTD XHTML 1.0 Transitional//EN"
    "http://www.w3.org/TR/xhtml1/DTD/xhtml1-transitional.dtd">
<html xmlns="http://www.w3.org/1999/xhtml" xml:lang="en" lang="en">
 <head>
  <title>
</title>
<meta http-equiv="Content-Type" content="text/html;charset=utf-8" />
  <meta name='ocr-system' content='tesseract 3.04.00' />
  <meta name='ocr-capabilities' content='ocr_page ocr_carea ocr_par ocr_line ocrx_word'/>
</head>
<body>
  <div class='ocr_page' id='page_1' title='image "./novaelectionesq00cobegoog/novaelectionesq00cobegoog_0590.png"; bbox 0 0 2940 5010; ppageno 0'>
   <div class='ocr_carea' id='block_1_1' title="bbox 721 287 784 347">
    <p class='ocr_par' dir='ltr' id='par_1_1' title="bbox 721 287 784 347">
     <span class='ocr_line' id='line_1_1' title="bbox 721 287 784 347; baseline 0.032 -2"><span class='ocrx_word' id='word_1_1' title='bbox 721 287 784 347; x_wconf 88' lang='grc'><strong>555</strong></span> 
     </span>
    </p>
   </div>
   <div class='ocr_carea' id='block_1_2' title="bbox 113 455 1348 4454">
    <p class='ocr_par' dir='ltr' id='par_1_2' title="bbox 150 455 1342 752">
     <span class='ocr_line' id='line_1_2' title="bbox 150 455 1342 546; baseline -0.001 -21"><span class='ocrx_word' id='word_1_2' title='bbox 150 456 208 533; x_wconf 66' lang='lat' dir='ltr'><strong>&#39;ios</strong></span> <span class='ocrx_word' id='word_1_3' title='bbox 237 456 290 525; x_wconf 82' lang='grc' dir='ltr'><strong>οὖν</strong></span> <span class='ocrx_word' id='word_1_4' title='bbox 321 456 367 523; x_wconf 81' lang='grc' dir='ltr'><strong>ἔτ’</strong></span> <span class='ocrx_word' id='word_1_5' title='bbox 400 458 440 521; x_wconf 82' lang='grc' dir='ltr'><strong>ἐν</strong></span> <span class='ocrx_word' id='word_1_6' title='bbox 473 459 668 541; x_wconf 81' lang='grc' dir='ltr'><em>ἀσφαλεῖ</em></span> <span class='ocrx_word' id='word_1_7' title='bbox 698 455 907 540; x_wconf 77' lang='grc' dir='ltr'><em>φυλάΕοισάε,</em></span> <span class='ocrx_word' id='word_1_8' title='bbox 943 464 975 522; x_wconf 84' lang='lat' dir='ltr'><strong>et</strong></span> <span class='ocrx_word' id='word_1_9' title='bbox 1005 455 1090 543; x_wconf 89' lang='lat' dir='ltr'><strong>apud</strong></span> <span class='ocrx_word' id='word_1_10' title='bbox 1127 457 1342 546; x_wconf 76' lang='lat' dir='ltr'><strong>Antiphanem</strong></span> 
     </span>
     <span class='ocr_line' id='line_1_3' title="bbox 152 562 598 649; baseline -0.013 -17"><span class='ocrx_word' id='word_1_11' title='bbox 152 562 311 632; x_wconf 79' lang='lat' dir='ltr'><strong>Athenaei</strong></span> <span class='ocrx_word' id='word_1_12' title='bbox 335 562 392 631; x_wconf 85' lang='grc' dir='ltr'><strong>ΙΙΙ.</strong></span> <span class='ocrx_word' id='word_1_13' title='bbox 417 582 447 649; x_wconf 89' lang='lat' dir='ltr'><strong>p.</strong></span> <span class='ocrx_word' id='word_1_14' title='bbox 474 563 598 631; x_wconf 68' lang='lat'>10511&#39;.</span> 
     </span>
     <span class='ocr_line' id='line_1_4' title="bbox 246 667 1180 752; baseline -0.003 -15"><span class='ocrx_word' id='word_1_15' title='bbox 246 674 333 737; x_wconf 84' lang='grc' dir='ltr'><em>τοῦτ’</em></span> <span class='ocrx_word' id='word_1_16' title='bbox 355 670 395 734; x_wconf 76' lang='grc' dir='ltr'><strong>ἐν</strong></span> <span class='ocrx_word' id='word_1_17' title='bbox 417 670 612 752; x_wconf 85' lang='grc' dir='ltr'><em>ἀσφαλεῖ</em></span> <span class='ocrx_word' id='word_1_18' title='bbox 635 667 739 750; x_wconf 83' lang='grc' dir='ltr'><em>νόμιζε</em></span> <span class='ocrx_word' id='word_1_19' title='bbox 763 675 823 735; x_wconf 80' lang='grc' dir='ltr'><em>τῶν</em></span> <span class='ocrx_word' id='word_1_20' title='bbox 847 669 1050 751; x_wconf 78' lang='grc' dir='ltr'><em>ὑπαρχόντων</em></span> <span class='ocrx_word' id='word_1_21' title='bbox 1072 669 1180 748; x_wconf 85' lang='grc' dir='ltr'><em>μόνον,</em></span> 
     </span>
    </p>

    <p class='ocr_par' dir='ltr' id='par_1_3' title="bbox 150 772 1348 1387">
     <span class='ocr_line' id='line_1_5' title="bbox 154 772 1344 861; baseline -0.003 -18"><span class='ocrx_word' id='word_1_22' title='bbox 154 774 211 843; x_wconf 82' lang='lat' dir='ltr'><strong>aed</strong></span> <span class='ocrx_word' id='word_1_23' title='bbox 236 775 353 841; x_wconf 78' lang='lat' dir='ltr'><strong>vitiose</strong></span> <span class='ocrx_word' id='word_1_24' title='bbox 374 772 459 861; x_wconf 86' lang='lat' dir='ltr'><strong>apud</strong></span> <span class='ocrx_word' id='word_1_25' title='bbox 484 773 658 841; x_wconf 81' lang='lat' dir='ltr'><strong>Isocratem</strong></span> <span class='ocrx_word' id='word_1_26' title='bbox 692 776 801 840; x_wconf 89' lang='lat' dir='ltr'><strong>editur</strong></span> <span class='ocrx_word' id='word_1_27' title='bbox 823 776 856 840; x_wconf 95' lang='lat' dir='ltr'><strong>in</strong></span> <span class='ocrx_word' id='word_1_28' title='bbox 881 776 1030 860; x_wconf 76' lang='lat' dir='ltr'><strong>Euagora</strong></span> <span class='ocrx_word' id='word_1_29' title='bbox 1063 779 1080 861; x_wconf 83' lang='lat'>§</span> <span class='ocrx_word' id='word_1_30' title='bbox 1105 780 1160 841; x_wconf 83' lang='lat'><strong>50.</strong></span> <span class='ocrx_word' id='word_1_31' title='bbox 1191 775 1227 841; x_wconf 79' lang='grc' dir='ltr'><em>τὸ</em></span> <span class='ocrx_word' id='word_1_32' title='bbox 1251 776 1344 851; x_wconf 76' lang='grc' dir='ltr'><em>σῶμα</em></span> 
     </span>
     <span class='ocr_line' id='line_1_6' title="bbox 152 880 1344 967; baseline -0.002 -20"><span class='ocrx_word' id='word_1_33' title='bbox 152 882 188 949; x_wconf 73' lang='grc' dir='ltr'><em>ἀν</em></span> <span class='ocrx_word' id='word_1_34' title='bbox 209 881 378 965; x_wconf 76' lang='grc' dir='ltr'><em>ἀσφαλεῖμ</em></span> <span class='ocrx_word' id='word_1_35' title='bbox 400 883 587 958; x_wconf 76' lang='grc' dir='ltr'><em>κατατάσας</em></span> <span class='ocrx_word' id='word_1_36' title='bbox 611 900 668 967; x_wconf 91' lang='lat' dir='ltr'><strong>pro</strong></span> <span class='ocrx_word' id='word_1_37' title='bbox 688 880 720 945; x_wconf 75' lang='grc' dir='ltr'><strong>ἐν</strong></span> <span class='ocrx_word' id='word_1_38' title='bbox 742 882 898 964; x_wconf 81' lang='grc' dir='ltr'><em>ἀσφαλεῖ.</em></span> <span class='ocrx_word' id='word_1_39' title='bbox 946 881 1111 948; x_wconf 80' lang='lat' dir='ltr'>Tenentur</span> <span class='ocrx_word' id='word_1_40' title='bbox 1132 880 1256 947; x_wconf 85' lang='lat' dir='ltr'><strong>scribae</strong></span> <span class='ocrx_word' id='word_1_41' title='bbox 1279 900 1344 945; x_wconf 92' lang='lat' dir='ltr'><strong>ma·</strong></span> 
     </span>
     <span class='ocr_line' id='line_1_7' title="bbox 153 984 1345 1073; baseline 0.001 -20"><span class='ocrx_word' id='word_1_42' title='bbox 153 984 267 1053; x_wconf 86' lang='lat' dir='ltr'><strong>niiesti</strong></span> <span class='ocrx_word' id='word_1_43' title='bbox 290 984 376 1073; x_wconf 89' lang='lat' dir='ltr'><strong>apud</strong></span> <span class='ocrx_word' id='word_1_44' title='bbox 397 986 587 1073; x_wconf 82' lang='lat' dir='ltr'><strong>Dionysium</strong></span> <span class='ocrx_word' id='word_1_45' title='bbox 610 985 772 1051; x_wconf 86' lang='lat' dir='ltr'><strong>Haiioaro.</strong></span> <span class='ocrx_word' id='word_1_46' title='bbox 799 988 835 1052; x_wconf 83' lang='grc' dir='ltr'><strong>Α.</strong></span> <span class='ocrx_word' id='word_1_47' title='bbox 849 987 886 1053; x_wconf 87' lang='lat' dir='ltr'><strong>R.</strong></span> <span class='ocrx_word' id='word_1_48' title='bbox 909 987 962 1054; x_wconf 83' lang='lat' dir='ltr'><strong>tx.</strong></span> <span class='ocrx_word' id='word_1_49' title='bbox 985 992 1039 1054; x_wconf 72' lang='grc'><strong>10.</strong></span> <span class='ocrx_word' id='word_1_50' title='bbox 1063 990 1102 1062; x_wconf 79' lang='grc' dir='ltr'><em>ἀς</em></span> <span class='ocrx_word' id='word_1_51' title='bbox 1127 990 1157 1053; x_wconf 77' lang='grc' dir='ltr'><strong>ἐν</strong></span> <span class='ocrx_word' id='word_1_52' title='bbox 1178 989 1345 1072; x_wconf 80' lang='grc' dir='ltr'><em>ἀσφαλεῖα</em></span> 
     </span>
     <span class='ocr_line' id='line_1_8' title="bbox 152 1090 1345 1179; baseline -0.003 -16"><span class='ocrx_word' id='word_1_53' title='bbox 152 1096 191 1171; x_wconf 70' lang='lat' dir='ltr'><strong>ae</strong></span> <span class='ocrx_word' id='word_1_54' title='bbox 211 1092 321 1171; x_wconf 76' lang='grc' dir='ltr'><em>ἀντεο,</em></span> <span class='ocrx_word' id='word_1_55' title='bbox 355 1090 410 1157; x_wconf 80' lang='lat' dir='ltr'><strong>nbi</strong></span> <span class='ocrx_word' id='word_1_56' title='bbox 443 1091 620 1157; x_wconf 81' lang='lat' dir='ltr'><strong>Vaticanus</strong></span> <span class='ocrx_word' id='word_1_57' title='bbox 644 1091 726 1158; x_wconf 82' lang='lat' dir='ltr'><strong>liber</strong></span> <span class='ocrx_word' id='word_1_58' title='bbox 749 1093 869 1179; x_wconf 92' lang='lat' dir='ltr'><strong>optime</strong></span> <span class='ocrx_word' id='word_1_59' title='bbox 899 1094 930 1159; x_wconf 84' lang='grc' dir='ltr'><strong>ἐν</strong></span> <span class='ocrx_word' id='word_1_60' title='bbox 953 1096 1102 1178; x_wconf 88' lang='grc' dir='ltr'><em>ἀσφαλεῖ</em></span> <span class='ocrx_word' id='word_1_61' title='bbox 1127 1094 1290 1171; x_wconf 85' lang='lat' dir='ltr'><strong>servavit,</strong></span> <span class='ocrx_word' id='word_1_62' title='bbox 1312 1102 1345 1160; x_wconf 83' lang='lat' dir='ltr'><strong>et</strong></span> 
     </span>
     <span class='ocr_line' id='line_1_9' title="bbox 150 1196 1348 1287; baseline -0.002 -20"><span class='ocrx_word' id='word_1_63' title='bbox 150 1198 342 1287; x_wconf 81' lang='lat' dir='ltr'><strong>eouspirant</strong></span> <span class='ocrx_word' id='word_1_64' title='bbox 362 1196 437 1262; x_wconf 81' lang='lat' dir='ltr'>libri</span> <span class='ocrx_word' id='word_1_65' title='bbox 461 1215 573 1263; x_wconf 89' lang='lat' dir='ltr'><strong>omues</strong></span> <span class='ocrx_word' id='word_1_66' title='bbox 598 1196 675 1263; x_wconf 85' lang='lat' dir='ltr'>ibid.</span> <span class='ocrx_word' id='word_1_67' title='bbox 696 1197 751 1265; x_wconf 87' lang='lat' dir='ltr'><strong>IX.</strong></span> <span class='ocrx_word' id='word_1_68' title='bbox 777 1201 830 1265; x_wconf 69' lang='lat' dir='ltr'><strong>id.</strong></span> <span class='ocrx_word' id='word_1_69' title='bbox 865 1199 896 1264; x_wconf 92' lang='lat' dir='ltr'><strong>in</strong></span> <span class='ocrx_word' id='word_1_70' title='bbox 921 1198 994 1265; x_wconf 75' lang='lat' dir='ltr'><strong>rire</strong></span> <span class='ocrx_word' id='word_1_71' title='bbox 1017 1200 1052 1275; x_wconf 73' lang='lat' dir='ltr'><strong>di</strong></span> <span class='ocrx_word' id='word_1_72' title='bbox 1077 1200 1175 1283; x_wconf 79' lang='grc' dir='ltr'><em>ἐντῷ</em></span> <span class='ocrx_word' id='word_1_73' title='bbox 1199 1202 1348 1283; x_wconf 78' lang='grc' dir='ltr'><em>ἀσφαλεῖ</em></span> 
     </span>
     <span class='ocr_line' id='line_1_10' title="bbox 153 1300 457 1387; baseline -0.013 -14"><span class='ocrx_word' id='word_1_74' title='bbox 153 1306 338 1387; x_wconf 60' lang='lat' dir='ltr'><strong>walramo</strong></span> <span class='ocrx_word' id='word_1_75' title='bbox 365 1300 457 1370; x_wconf 76' lang='grc' dir='ltr'><em>εἶναι.</em></span> 
     </span>
    </p>

    <p class='ocr_par' dir='ltr' id='par_1_4' title="bbox 153 1407 1346 1709">
     <span class='ocr_line' id='line_1_11' title="bbox 198 1407 1344 1497; baseline -0.001 -20"><span class='ocrx_word' id='word_1_76' title='bbox 198 1410 236 1477; x_wconf 88' lang='lat' dir='ltr'><strong>ln</strong></span> <span class='ocrx_word' id='word_1_77' title='bbox 269 1411 288 1496; x_wconf 89' lang='lat'><em>§</em></span> <span class='ocrx_word' id='word_1_78' title='bbox 318 1408 430 1476; x_wconf 84' lang='lat' dir='ltr'><strong>eadem</strong></span> <span class='ocrx_word' id='word_1_79' title='bbox 460 1410 547 1475; x_wconf 89' lang='lat' dir='ltr'><strong>eirea</strong></span> <span class='ocrx_word' id='word_1_80' title='bbox 584 1407 680 1475; x_wconf 86' lang='lat' dir='ltr'><strong>finem</strong></span> <span class='ocrx_word' id='word_1_81' title='bbox 716 1411 937 1477; x_wconf 85' lang='lat' dir='ltr'><strong>necessarium</strong></span> <span class='ocrx_word' id='word_1_82' title='bbox 973 1430 1146 1497; x_wconf 79' lang='lat' dir='ltr'><strong>pronomen</strong></span> <span class='ocrx_word' id='word_1_83' title='bbox 1185 1411 1282 1497; x_wconf 87' lang='lat' dir='ltr'><strong>periit</strong></span> <span class='ocrx_word' id='word_1_84' title='bbox 1311 1411 1344 1476; x_wconf 93' lang='lat' dir='ltr'><strong>in</strong></span> 
     </span>
     <span class='ocr_line' id='line_1_12' title="bbox 153 1513 1346 1600; baseline 0.001 -19"><span class='ocrx_word' id='word_1_85' title='bbox 153 1514 281 1583; x_wconf 75' lang='lat' dir='ltr'><strong>verbis:</strong></span> <span class='ocrx_word' id='word_1_86' title='bbox 304 1516 380 1582; x_wconf 87' lang='grc' dir='ltr'><em>ἀλλ’</em></span> <span class='ocrx_word' id='word_1_87' title='bbox 400 1516 534 1581; x_wconf 73' lang='grc' dir='ltr'><em>ἐνταῦθα</em></span> <span class='ocrx_word' id='word_1_88' title='bbox 558 1516 593 1591; x_wconf 70' lang='grc' dir='ltr'><strong>δὴ</strong></span> <span class='ocrx_word' id='word_1_89' title='bbox 616 1513 669 1580; x_wconf 81' lang='grc' dir='ltr'><em>καὶ</em></span> <span class='ocrx_word' id='word_1_90' title='bbox 696 1514 822 1596; x_wconf 82' lang='grc' dir='ltr'><em>μάλιτα</em></span> <span class='ocrx_word' id='word_1_91' title='bbox 842 1518 1022 1600; x_wconf 76' lang='grc' dir='ltr'><em>φυλακτέον</em></span> <span class='ocrx_word' id='word_1_92' title='bbox 1042 1516 1140 1584; x_wconf 74' lang='grc' dir='ltr'><em>οἴεται</em></span> <span class='ocrx_word' id='word_1_93' title='bbox 1159 1514 1258 1596; x_wconf 79' lang='grc' dir='ltr'><em>εἶναι,</em></span> <span class='ocrx_word' id='word_1_94' title='bbox 1281 1517 1346 1582; x_wconf 90' lang='lat' dir='ltr'><strong>imu</strong></span> 
     </span>
     <span class='ocr_line' id='line_1_13' title="bbox 153 1616 751 1709; baseline 0.005 -24"><span class='ocrx_word' id='word_1_95' title='bbox 153 1640 232 1689; x_wconf 79' lang='lat' dir='ltr'><strong>veru</strong></span> <span class='ocrx_word' id='word_1_96' title='bbox 254 1621 434 1707; x_wconf 77' lang='grc' dir='ltr'><em>φυλακτέον</em></span> <span class='ocrx_word' id='word_1_97' title='bbox 458 1616 513 1709; x_wconf 78' lang='lat' dir='ltr'><strong>(oi)</strong></span> <span class='ocrx_word' id='word_1_98' title='bbox 538 1619 636 1686; x_wconf 71' lang='grc' dir='ltr'><em>οἴεται</em></span> <span class='ocrx_word' id='word_1_99' title='bbox 661 1617 751 1688; x_wconf 75' lang='grc' dir='ltr'><em>εἶναι.</em></span> 
     </span>
    </p>

    <p class='ocr_par' dir='ltr' id='par_1_5' title="bbox 153 1725 1346 2238">
     <span class='ocr_line' id='line_1_14' title="bbox 201 1725 1345 1815; baseline 0.002 -21"><span class='ocrx_word' id='word_1_100' title='bbox 201 1726 239 1794; x_wconf 86' lang='lat' dir='ltr'><strong>ln</strong></span> <span class='ocrx_word' id='word_1_101' title='bbox 273 1730 292 1813; x_wconf 85' lang='lat'>§</span> <span class='ocrx_word' id='word_1_102' title='bbox 317 1732 369 1793; x_wconf 92' lang='grc'><strong>15.</strong></span> <span class='ocrx_word' id='word_1_103' title='bbox 394 1729 433 1802; x_wconf 79' lang='grc' dir='ltr'><em>ἀς</em></span> <span class='ocrx_word' id='word_1_104' title='bbox 458 1727 489 1792; x_wconf 77' lang='grc' dir='ltr'><strong>δὲ</strong></span> <span class='ocrx_word' id='word_1_105' title='bbox 512 1725 604 1803; x_wconf 72' lang='grc' dir='ltr'><em>δύξαν</em></span> <span class='ocrx_word' id='word_1_106' title='bbox 625 1728 778 1808; x_wconf 81' lang='grc' dir='ltr'><em>λαμποάν</em></span> <span class='ocrx_word' id='word_1_107' title='bbox 799 1727 1194 1808; x_wconf 84' lang='grc' dir='ltr'><em>ἀναλαμβάυουσιν,</em></span> <span class='ocrx_word' id='word_1_108' title='bbox 1218 1730 1345 1815; x_wconf 75' lang='lat' dir='ltr'><strong>corrige</strong></span> 
     </span>
     <span class='ocr_line' id='line_1_15' title="bbox 154 1832 1346 1922; baseline -0.001 -21"><span class='ocrx_word' id='word_1_109' title='bbox 154 1832 391 1913; x_wconf 67' lang='grc' dir='ltr'><em>λαμβάνουσαι</em></span> <span class='ocrx_word' id='word_1_110' title='bbox 429 1833 699 1919; x_wconf 79' lang='lat' dir='ltr'><strong>praepositionem</strong></span> <span class='ocrx_word' id='word_1_111' title='bbox 739 1833 864 1919; x_wconf 82' lang='lat' dir='ltr'><strong>peperit</strong></span> <span class='ocrx_word' id='word_1_112' title='bbox 900 1832 1093 1919; x_wconf 85' lang='lat' dir='ltr'><strong>praecedens</strong></span> <span class='ocrx_word' id='word_1_113' title='bbox 1130 1833 1274 1922; x_wconf 79' lang='lat' dir='ltr'><strong>syllaba,</strong></span> <span class='ocrx_word' id='word_1_114' title='bbox 1310 1842 1346 1900; x_wconf 88' lang='lat' dir='ltr'><strong>ut</strong></span> 
     </span>
     <span class='ocr_line' id='line_1_16' title="bbox 154 1936 1345 2026; baseline -0.001 -19"><span class='ocrx_word' id='word_1_115' title='bbox 154 1958 251 2026; x_wconf 79' lang='lat' dir='ltr'><strong>saepe</strong></span> <span class='ocrx_word' id='word_1_116' title='bbox 273 1937 362 2005; x_wconf 82' lang='lat' dir='ltr'><strong>alibi.</strong></span> <span class='ocrx_word' id='word_1_117' title='bbox 397 1936 567 2017; x_wconf 81' lang='grc' dir='ltr'><em>Λαμβάνισ</em></span> <span class='ocrx_word' id='word_1_118' title='bbox 587 1936 678 2014; x_wconf 79' lang='grc' dir='ltr'><em>δόξαν</em></span> <span class='ocrx_word' id='word_1_119' title='bbox 700 1948 750 2004; x_wconf 86' lang='lat' dir='ltr'><strong>esi</strong></span> <span class='ocrx_word' id='word_1_120' title='bbox 769 1936 883 2014; x_wconf 74' lang='grc' dir='ltr'><em>ἔνδοξος</em></span> <span class='ocrx_word' id='word_1_121' title='bbox 904 1938 1080 2018; x_wconf 74' lang='grc' dir='ltr'><em>γίγνομαι,</em></span> <span class='ocrx_word' id='word_1_122' title='bbox 1102 1940 1345 2019; x_wconf 75' lang='grc' dir='ltr'><em>ἀναλαμβάνειν</em></span> 
     </span>
     <span class='ocr_line' id='line_1_17' title="bbox 153 2042 1344 2132; baseline 0 -18"><span class='ocrx_word' id='word_1_123' title='bbox 153 2044 248 2123; x_wconf 70' lang='grc' dir='ltr'><em>δόξαν</em></span> <span class='ocrx_word' id='word_1_124' title='bbox 272 2044 301 2110; x_wconf 90' lang='lat' dir='ltr'><strong>is</strong></span> <span class='ocrx_word' id='word_1_125' title='bbox 324 2053 412 2109; x_wconf 81' lang='lat' dir='ltr'><strong>reete</strong></span> <span class='ocrx_word' id='word_1_126' title='bbox 435 2042 557 2108; x_wconf 86' lang='lat' dir='ltr'><strong>dieitur</strong></span> <span class='ocrx_word' id='word_1_127' title='bbox 580 2044 635 2129; x_wconf 86' lang='lat' dir='ltr'><strong>qui</strong></span> <span class='ocrx_word' id='word_1_128' title='bbox 659 2045 813 2110; x_wconf 86' lang='lat' dir='ltr'><strong>amissam</strong></span> <span class='ocrx_word' id='word_1_129' title='bbox 837 2051 977 2111; x_wconf 86' lang='lat' dir='ltr'><strong>veterem</strong></span> <span class='ocrx_word' id='word_1_130' title='bbox 1001 2044 1137 2129; x_wconf 82' lang='lat' dir='ltr'><strong>gloriam</strong></span> <span class='ocrx_word' id='word_1_131' title='bbox 1171 2057 1344 2132; x_wconf 76' lang='lat' dir='ltr'><strong>recuperat.</strong></span> 
     </span>
     <span class='ocr_line' id='line_1_18' title="bbox 154 2148 565 2238; baseline -0.017 -19"><span class='ocrx_word' id='word_1_132' title='bbox 154 2148 328 2238; x_wconf 79' lang='lat' dir='ltr'><strong>Euripides</strong></span> <span class='ocrx_word' id='word_1_133' title='bbox 354 2148 463 2215; x_wconf 85' lang='lat' dir='ltr'><strong>lielen.</strong></span> <span class='ocrx_word' id='word_1_134' title='bbox 487 2152 565 2214; x_wconf 81' lang='lat'><strong>847.</strong></span> 
     </span>
    </p>

    <p class='ocr_par' dir='ltr' id='par_1_6' title="bbox 336 2251 1114 2333">
     <span class='ocr_line' id='line_1_19' title="bbox 336 2251 1114 2333; baseline -0.003 -13"><span class='ocrx_word' id='word_1_135' title='bbox 336 2261 401 2328; x_wconf 79' lang='grc' dir='ltr'><strong>πῶς</strong></span> <span class='ocrx_word' id='word_1_136' title='bbox 425 2251 473 2321; x_wconf 77' lang='grc' dir='ltr'><strong>οὖν</strong></span> <span class='ocrx_word' id='word_1_137' title='bbox 498 2256 679 2333; x_wconf 67' lang='grc' dir='ltr'><em>θανούμεθ’,</em></span> <span class='ocrx_word' id='word_1_138' title='bbox 702 2253 760 2325; x_wconf 68' lang='grc' dir='ltr'><em>ὅτε</em></span> <span class='ocrx_word' id='word_1_139' title='bbox 786 2256 838 2321; x_wconf 71' lang='grc' dir='ltr'><em>καὶ</em></span> <span class='ocrx_word' id='word_1_140' title='bbox 862 2253 953 2331; x_wconf 73' lang='grc' dir='ltr'><em>δόξαν</em></span> <span class='ocrx_word' id='word_1_141' title='bbox 976 2255 1114 2333; x_wconf 65' lang='grc' dir='ltr'><em>λαβεῖν,</em></span> 
     </span>
    </p>

    <p class='ocr_par' dir='ltr' id='par_1_7' title="bbox 140 2358 1343 2757">
     <span class='ocr_line' id='line_1_20' title="bbox 154 2358 1343 2449; baseline 0.001 -21"><span class='ocrx_word' id='word_1_142' title='bbox 154 2360 330 2449; x_wconf 83' lang='lat' dir='ltr'><strong>Xenophon</strong></span> <span class='ocrx_word' id='word_1_143' title='bbox 355 2358 470 2447; x_wconf 76' lang='lat' dir='ltr'><strong>Cyrop.</strong></span> <span class='ocrx_word' id='word_1_144' title='bbox 492 2359 515 2424; x_wconf 89' lang='grc'><strong>1.</strong></span> <span class='ocrx_word' id='word_1_145' title='bbox 541 2380 581 2425; x_wconf 87' lang='grc' dir='ltr'><em>ιιι.</em></span> <span class='ocrx_word' id='word_1_146' title='bbox 608 2364 660 2424; x_wconf 71' lang='lat' dir='ltr'><strong>dd.</strong></span> <span class='ocrx_word' id='word_1_147' title='bbox 685 2358 766 2434; x_wconf 75' lang='grc' dir='ltr'><em>ἔτος</em></span> <span class='ocrx_word' id='word_1_148' title='bbox 800 2359 890 2437; x_wconf 74' lang='grc' dir='ltr'><em>δόξαν</em></span> <span class='ocrx_word' id='word_1_149' title='bbox 914 2359 1029 2441; x_wconf 67' lang='grc' dir='ltr'><em>λάβμς.</em></span> <span class='ocrx_word' id='word_1_150' title='bbox 1078 2358 1166 2424; x_wconf 84' lang='lat' dir='ltr'><strong>l&#39;iato</strong></span> <span class='ocrx_word' id='word_1_151' title='bbox 1195 2361 1227 2426; x_wconf 91' lang='lat' dir='ltr'><strong>iu</strong></span> <span class='ocrx_word' id='word_1_152' title='bbox 1263 2363 1343 2429; x_wconf 84' lang='lat' dir='ltr'><strong>Peli·</strong></span> 
     </span>
     <span class='ocr_line' id='line_1_21' title="bbox 140 2464 1340 2553; baseline 0 -18"><span class='ocrx_word' id='word_1_153' title='bbox 140 2468 219 2535; x_wconf 69' lang='lat' dir='ltr'><strong>dieo</strong></span> <span class='ocrx_word' id='word_1_154' title='bbox 245 2486 278 2553; x_wconf 86' lang='lat' dir='ltr'><strong>p.</strong></span> <span class='ocrx_word' id='word_1_155' title='bbox 300 2469 367 2530; x_wconf 73' lang='lat'><strong>290</strong></span> <span class='ocrx_word' id='word_1_156' title='bbox 390 2464 427 2529; x_wconf 83' lang='lat' dir='ltr'><strong>D.</strong></span> <span class='ocrx_word' id='word_1_157' title='bbox 454 2466 490 2531; x_wconf 80' lang='grc' dir='ltr'><em>τὸ</em></span> <span class='ocrx_word' id='word_1_158' title='bbox 513 2474 571 2530; x_wconf 83' lang='grc' dir='ltr'><em>τῶν</em></span> <span class='ocrx_word' id='word_1_159' title='bbox 595 2467 694 2546; x_wconf 72' lang='grc' dir='ltr'><em>ἱερέαν</em></span> <span class='ocrx_word' id='word_1_160' title='bbox 717 2475 833 2548; x_wconf 75' lang='grc' dir='ltr'><em>σχῆμα</em></span> <span class='ocrx_word' id='word_1_161' title='bbox 853 2504 899 2515; x_wconf 94' lang='grc'><strong>-</strong></span> <span class='ocrx_word' id='word_1_162' title='bbox 918 2464 1010 2542; x_wconf 74' lang='grc' dir='ltr'><em>δόξαν</em></span> <span class='ocrx_word' id='word_1_163' title='bbox 1031 2468 1144 2543; x_wconf 72' lang='grc' dir='ltr'><em>σεμνὴν</em></span> <span class='ocrx_word' id='word_1_164' title='bbox 1167 2467 1340 2547; x_wconf 84' lang='grc' dir='ltr'><em>λαμβάυει.</em></span> 
     </span>
     <span class='ocr_line' id='line_1_22' title="bbox 150 2570 1342 2658; baseline 0 -18"><span class='ocrx_word' id='word_1_165' title='bbox 150 2572 271 2641; x_wconf 72' lang='lat' dir='ltr'><strong>Contra</strong></span> <span class='ocrx_word' id='word_1_166' title='bbox 291 2573 323 2637; x_wconf 93' lang='lat' dir='ltr'><strong>in</strong></span> <span class='ocrx_word' id='word_1_167' title='bbox 343 2570 569 2636; x_wconf 84' lang='lat' dir='ltr'><strong>Demosthenis</strong></span> <span class='ocrx_word' id='word_1_168' title='bbox 591 2592 673 2657; x_wconf 87' lang='lat' dir='ltr'><strong>quae</strong></span> <span class='ocrx_word' id='word_1_169' title='bbox 692 2570 796 2638; x_wconf 86' lang='lat' dir='ltr'><strong>fertur</strong></span> <span class='ocrx_word' id='word_1_170' title='bbox 820 2571 954 2658; x_wconf 87' lang='lat' dir='ltr'><strong>epistola</strong></span> <span class='ocrx_word' id='word_1_171' title='bbox 973 2570 1028 2636; x_wconf 87' lang='grc' dir='ltr'><strong>ΙΙΙ.</strong></span> <span class='ocrx_word' id='word_1_172' title='bbox 1048 2578 1078 2637; x_wconf 81' lang='grc'><strong>5.</strong></span> <span class='ocrx_word' id='word_1_173' title='bbox 1103 2573 1230 2655; x_wconf 82' lang='grc' dir='ltr'><em>φαύλκυ</em></span> <span class='ocrx_word' id='word_1_174' title='bbox 1250 2573 1342 2652; x_wconf 77' lang='grc' dir='ltr'><em>δόξαν</em></span> 
     </span>
     <span class='ocr_line' id='line_1_23' title="bbox 149 2674 914 2757; baseline -0.003 -13"><span class='ocrx_word' id='word_1_175' title='bbox 149 2676 283 2757; x_wconf 61' lang='lat' dir='ltr'><strong>iniere</strong></span> <span class='ocrx_word' id='word_1_176' title='bbox 303 2674 488 2756; x_wconf 85' lang='grc' dir='ltr'><em>λαμβάυει,</em></span> <span class='ocrx_word' id='word_1_177' title='bbox 512 2684 545 2742; x_wconf 90' lang='lat' dir='ltr'><strong>et</strong></span> <span class='ocrx_word' id='word_1_178' title='bbox 568 2676 640 2741; x_wconf 89' lang='lat' dir='ltr'><strong>aliis</strong></span> <span class='ocrx_word' id='word_1_179' title='bbox 664 2676 802 2743; x_wconf 83' lang='lat' dir='ltr'><strong>aliorum</strong></span> <span class='ocrx_word' id='word_1_180' title='bbox 825 2676 914 2743; x_wconf 86' lang='lat' dir='ltr'><strong>loeis.</strong></span> 
     </span>
    </p>

    <p class='ocr_par' dir='ltr' id='par_1_8' title="bbox 147 2780 1341 3711">
     <span class='ocr_line' id='line_1_24' title="bbox 195 2780 1339 2868; baseline 0.002 -18"><span class='ocrx_word' id='word_1_181' title='bbox 195 2784 233 2851; x_wconf 87' lang='lat' dir='ltr'><strong>ln</strong></span> <span class='ocrx_word' id='word_1_182' title='bbox 259 2784 278 2868; x_wconf 76' lang='lat' dir='ltr'>S</span> <span class='ocrx_word' id='word_1_183' title='bbox 302 2786 355 2848; x_wconf 83' lang='lat'><strong>16.</strong></span> <span class='ocrx_word' id='word_1_184' title='bbox 383 2782 529 2863; x_wconf 81' lang='grc' dir='ltr'><em>χαλεπὸν</em></span> <span class='ocrx_word' id='word_1_185' title='bbox 553 2783 584 2846; x_wconf 73' lang='grc' dir='ltr'><strong>δὲ</strong></span> <span class='ocrx_word' id='word_1_186' title='bbox 610 2784 705 2864; x_wconf 79' lang='grc' dir='ltr'><em>εύοεῖν</em></span> <span class='ocrx_word' id='word_1_187' title='bbox 735 2780 809 2847; x_wconf 76' lang='grc' dir='ltr'><em>ἕπου</em></span> <span class='ocrx_word' id='word_1_188' title='bbox 833 2783 903 2863; x_wconf 75' lang='grc' dir='ltr'><strong>οὐχὶ</strong></span> <span class='ocrx_word' id='word_1_189' title='bbox 930 2781 982 2848; x_wconf 77' lang='grc' dir='ltr'><em>καὶ</em></span> <span class='ocrx_word' id='word_1_190' title='bbox 1007 2782 1227 2863; x_wconf 77' lang='grc' dir='ltr'><strong>ἐπιψεύδονται</strong></span> <span class='ocrx_word' id='word_1_191' title='bbox 1249 2786 1339 2852; x_wconf 83' lang='grc' dir='ltr'><em>πλὲο·</em></span> 
     </span>
     <span class='ocr_line' id='line_1_25' title="bbox 148 2886 1338 2979; baseline 0.003 -24"><span class='ocrx_word' id='word_1_192' title='bbox 148 2912 207 2963; x_wconf 73' lang='grc' dir='ltr'><em>νας</em></span> <span class='ocrx_word' id='word_1_193' title='bbox 230 2886 407 2971; x_wconf 72' lang='grc' dir='ltr'><em>φάσκοντες</em></span> <span class='ocrx_word' id='word_1_194' title='bbox 432 2887 657 2966; x_wconf 77' lang='grc' dir='ltr'><em>ἀπεκτονέναι,</em></span> <span class='ocrx_word' id='word_1_195' title='bbox 693 2888 906 2974; x_wconf 76' lang='lat' dir='ltr'><strong>supplendum</strong></span> <span class='ocrx_word' id='word_1_196' title='bbox 940 2896 989 2951; x_wconf 81' lang='lat' dir='ltr'><strong>est</strong></span> <span class='ocrx_word' id='word_1_197' title='bbox 1013 2888 1235 2969; x_wconf 78' lang='grc' dir='ltr'><em>ἕτιψεύδονταῖ</em></span> <span class='ocrx_word' id='word_1_198' title='bbox 1259 2892 1338 2979; x_wconf 84' lang='grc' dir='ltr'><em>(τι),</em></span> 
     </span>
     <span class='ocr_line' id='line_1_26' title="bbox 148 2992 1339 3081; baseline 0.004 -22"><span class='ocrx_word' id='word_1_199' title='bbox 148 2992 243 3061; x_wconf 81' lang='lat' dir='ltr'><strong>uides</strong></span> <span class='ocrx_word' id='word_1_200' title='bbox 265 2992 344 3079; x_wconf 85' lang='lat' dir='ltr'><strong>quid</strong></span> <span class='ocrx_word' id='word_1_201' title='bbox 371 3012 544 3077; x_wconf 89' lang='lat' dir='ltr'><strong>pronomen</strong></span> <span class='ocrx_word' id='word_1_202' title='bbox 577 2992 782 3080; x_wconf 79' lang='lat' dir='ltr'><strong>absorpserit.</strong></span> <span class='ocrx_word' id='word_1_203' title='bbox 832 2993 866 3058; x_wconf 89' lang='lat' dir='ltr'><strong>in</strong></span> <span class='ocrx_word' id='word_1_204' title='bbox 899 2997 917 3079; x_wconf 90' lang='lat'>§</span> <span class='ocrx_word' id='word_1_205' title='bbox 945 2996 995 3057; x_wconf 84' lang='lat'><strong>17.</strong></span> <span class='ocrx_word' id='word_1_206' title='bbox 1022 2994 1160 3069; x_wconf 77' lang='grc' dir='ltr'><em>ἀυήκεςα</em></span> <span class='ocrx_word' id='word_1_207' title='bbox 1183 2997 1339 3081; x_wconf 70' lang='lat' dir='ltr'><strong>quamdam</strong></span> 
     </span>
     <span class='ocr_line' id='line_1_27' title="bbox 150 3096 1341 3189; baseline 0.002 -22"><span class='ocrx_word' id='word_1_208' title='bbox 150 3105 329 3189; x_wconf 80' lang='lat' dir='ltr'><strong>apparent:</strong></span> <span class='ocrx_word' id='word_1_209' title='bbox 365 3096 490 3163; x_wconf 87' lang='lat' dir='ltr'><strong>laborat</strong></span> <span class='ocrx_word' id='word_1_210' title='bbox 523 3097 688 3163; x_wconf 81' lang='lat' dir='ltr'><strong>Graecitas</strong></span> <span class='ocrx_word' id='word_1_211' title='bbox 720 3101 751 3163; x_wconf 91' lang='lat' dir='ltr'><strong>in</strong></span> <span class='ocrx_word' id='word_1_212' title='bbox 784 3098 1084 3179; x_wconf 76' lang='grc' dir='ltr'><em>ἀντιτραττομένους</em></span> <span class='ocrx_word' id='word_1_213' title='bbox 1118 3098 1251 3167; x_wconf 74' lang='lat' dir='ltr'><strong>inritare</strong></span> <span class='ocrx_word' id='word_1_214' title='bbox 1283 3124 1341 3189; x_wconf 92' lang='lat' dir='ltr'><strong>pro</strong></span> 
     </span>
     <span class='ocr_line' id='line_1_28' title="bbox 148 3202 1340 3291; baseline 0 -17"><span class='ocrx_word' id='word_1_215' title='bbox 148 3202 444 3285; x_wconf 77' lang='grc' dir='ltr'><em>ἀντιπράττοντας,</em></span> <span class='ocrx_word' id='word_1_216' title='bbox 468 3205 657 3291; x_wconf 83' lang='lat' dir='ltr'><strong>compositio</strong></span> <span class='ocrx_word' id='word_1_217' title='bbox 682 3204 764 3269; x_wconf 80' lang='lat' dir='ltr'><strong>dum</strong></span> <span class='ocrx_word' id='word_1_218' title='bbox 787 3212 818 3270; x_wconf 86' lang='lat' dir='ltr'><strong>ot</strong></span> <span class='ocrx_word' id='word_1_219' title='bbox 842 3202 995 3288; x_wconf 86' lang='lat' dir='ltr'><strong>impedita</strong></span> <span class='ocrx_word' id='word_1_220' title='bbox 1018 3211 1088 3279; x_wconf 83' lang='lat' dir='ltr'><strong>esi,</strong></span> <span class='ocrx_word' id='word_1_221' title='bbox 1112 3222 1190 3269; x_wconf 83' lang='lat' dir='ltr'><strong>sana</strong></span> <span class='ocrx_word' id='word_1_222' title='bbox 1214 3217 1340 3275; x_wconf 87' lang='lat' dir='ltr'><strong>senten·</strong></span> 
     </span>
     <span class='ocr_line' id='line_1_29' title="bbox 149 3306 1338 3398; baseline 0.003 -21"><span class='ocrx_word' id='word_1_223' title='bbox 149 3312 200 3378; x_wconf 78' lang='lat' dir='ltr'><strong>tia</strong></span> <span class='ocrx_word' id='word_1_224' title='bbox 223 3307 311 3375; x_wconf 88' lang='lat' dir='ltr'><strong>nuiia</strong></span> <span class='ocrx_word' id='word_1_225' title='bbox 335 3307 469 3375; x_wconf 76' lang='lat' dir='ltr'><strong>extundi</strong></span> <span class='ocrx_word' id='word_1_226' title='bbox 493 3318 608 3395; x_wconf 86' lang='lat' dir='ltr'><strong>potest.</strong></span> <span class='ocrx_word' id='word_1_227' title='bbox 657 3308 873 3376; x_wconf 86' lang='lat' dir='ltr'><strong>Ostemleruut</strong></span> <span class='ocrx_word' id='word_1_228' title='bbox 898 3306 1105 3375; x_wconf 85' lang='lat' dir='ltr'><strong>diffiouitates</strong></span> <span class='ocrx_word' id='word_1_229' title='bbox 1126 3308 1338 3398; x_wconf 86' lang='lat' dir='ltr'><strong>interpretes:</strong></span> 
     </span>
     <span class='ocr_line' id='line_1_30' title="bbox 148 3413 1340 3501; baseline 0.003 -18"><span class='ocrx_word' id='word_1_230' title='bbox 148 3413 287 3483; x_wconf 75' lang='lat' dir='ltr'><strong>sanandi</strong></span> <span class='ocrx_word' id='word_1_231' title='bbox 310 3434 383 3501; x_wconf 87' lang='lat' dir='ltr'><strong>spes</strong></span> <span class='ocrx_word' id='word_1_232' title='bbox 407 3414 469 3481; x_wconf 85' lang='lat' dir='ltr'><strong>uisi</strong></span> <span class='ocrx_word' id='word_1_233' title='bbox 502 3435 540 3479; x_wconf 87' lang='lat' dir='ltr'><strong>ox</strong></span> <span class='ocrx_word' id='word_1_234' title='bbox 565 3415 794 3500; x_wconf 79' lang='lat' dir='ltr'><strong>integrioribus</strong></span> <span class='ocrx_word' id='word_1_235' title='bbox 819 3414 909 3479; x_wconf 80' lang='lat' dir='ltr'><strong>libris</strong></span> <span class='ocrx_word' id='word_1_236' title='bbox 940 3414 1027 3479; x_wconf 88' lang='lat' dir='ltr'><strong>nuiia</strong></span> <span class='ocrx_word' id='word_1_237' title='bbox 1059 3424 1117 3480; x_wconf 78' lang='lat' dir='ltr'><strong>est.</strong></span> <span class='ocrx_word' id='word_1_238' title='bbox 1168 3416 1227 3481; x_wconf 89' lang='lat' dir='ltr'><strong>Pro</strong></span> <span class='ocrx_word' id='word_1_239' title='bbox 1256 3422 1340 3486; x_wconf 89' lang='grc' dir='ltr'><em>ἀντι-</em></span> 
     </span>
     <span class='ocr_line' id='line_1_31' title="bbox 148 3519 1339 3606; baseline 0.002 -17"><span class='ocrx_word' id='word_1_240' title='bbox 148 3520 412 3605; x_wconf 76' lang='grc' dir='ltr'><em>τραττομένους,</em></span> <span class='ocrx_word' id='word_1_241' title='bbox 430 3540 511 3606; x_wconf 89' lang='lat' dir='ltr'><strong>quae</strong></span> <span class='ocrx_word' id='word_1_242' title='bbox 538 3519 627 3585; x_wconf 86' lang='lat' dir='ltr'><strong>ioeda</strong></span> <span class='ocrx_word' id='word_1_243' title='bbox 656 3528 706 3585; x_wconf 87' lang='lat' dir='ltr'><strong>est</strong></span> <span class='ocrx_word' id='word_1_244' title='bbox 731 3519 917 3599; x_wconf 79' lang='lat' dir='ltr'><strong>harbaries,</strong></span> <span class='ocrx_word' id='word_1_245' title='bbox 942 3521 1101 3606; x_wconf 83' lang='lat' dir='ltr'><strong>srrspioari</strong></span> <span class='ocrx_word' id='word_1_246' title='bbox 1132 3523 1232 3606; x_wconf 88' lang='lat' dir='ltr'><strong>possis</strong></span> <span class='ocrx_word' id='word_1_247' title='bbox 1255 3526 1339 3592; x_wconf 83' lang='grc' dir='ltr'><em>ἀντι-</em></span> 
     </span>
     <span class='ocr_line' id='line_1_32' title="bbox 147 3624 1339 3711; baseline 0.002 -16"><span class='ocrx_word' id='word_1_248' title='bbox 147 3626 358 3707; x_wconf 81' lang='grc' dir='ltr'><em>ταττομένους</em></span> <span class='ocrx_word' id='word_1_249' title='bbox 384 3646 494 3691; x_wconf 86' lang='lat' dir='ltr'><strong>rerum</strong></span> <span class='ocrx_word' id='word_1_250' title='bbox 517 3646 609 3701; x_wconf 79' lang='lat' dir='ltr'><strong>osso,</strong></span> <span class='ocrx_word' id='word_1_251' title='bbox 641 3626 724 3711; x_wconf 87' lang='lat' dir='ltr'><strong>quod</strong></span> <span class='ocrx_word' id='word_1_252' title='bbox 755 3624 887 3690; x_wconf 73' lang='lat' dir='ltr'><strong>veritum</strong></span> <span class='ocrx_word' id='word_1_253' title='bbox 913 3634 944 3689; x_wconf 86' lang='lat' dir='ltr'><strong>et</strong></span> <span class='ocrx_word' id='word_1_254' title='bbox 975 3625 1050 3690; x_wconf 81' lang='lat' dir='ltr'><strong>aiiii</strong></span> <span class='ocrx_word' id='word_1_255' title='bbox 1077 3627 1168 3692; x_wconf 84' lang='lat' dir='ltr'><strong>rideo</strong></span> <span class='ocrx_word' id='word_1_256' title='bbox 1192 3629 1222 3693; x_wconf 93' lang='lat' dir='ltr'><strong>iu</strong></span> <span class='ocrx_word' id='word_1_257' title='bbox 1253 3632 1339 3697; x_wconf 89' lang='grc' dir='ltr'><em>ἀντι-</em></span> 
     </span>
    </p>

    <p class='ocr_par' dir='ltr' id='par_1_9' title="bbox 113 3729 1339 3817">
     <span class='ocr_line' id='line_1_33' title="bbox 113 3729 1339 3817; baseline 0.001 -16"><span class='ocrx_word' id='word_1_258' title='bbox 113 3732 331 3817; x_wconf 79' lang='grc' dir='ltr'><em>’τράττομαι</em></span> <span class='ocrx_word' id='word_1_259' title='bbox 374 3730 553 3817; x_wconf 87' lang='lat' dir='ltr'><strong>depravari.</strong></span> <span class='ocrx_word' id='word_1_260' title='bbox 613 3730 732 3815; x_wconf 86' lang='lat' dir='ltr'><strong>Nempe</strong></span> <span class='ocrx_word' id='word_1_261' title='bbox 771 3729 856 3814; x_wconf 89' lang='lat' dir='ltr'><strong>apud</strong></span> <span class='ocrx_word' id='word_1_262' title='bbox 901 3730 1061 3796; x_wconf 86' lang='lat' dir='ltr'><strong>luiiauum</strong></span> <span class='ocrx_word' id='word_1_263' title='bbox 1103 3733 1134 3795; x_wconf 92' lang='lat' dir='ltr'><strong>in</strong></span> <span class='ocrx_word' id='word_1_264' title='bbox 1173 3729 1261 3799; x_wconf 88' lang='lat' dir='ltr'><strong>Orat.</strong></span> <span class='ocrx_word' id='word_1_265' title='bbox 1285 3736 1339 3802; x_wconf 88' lang='lat' dir='ltr'><strong>lii.</strong></span> 
     </span>
    </p>

    <p class='ocr_par' dir='ltr' id='par_1_10' title="bbox 143 3832 1339 4454">
     <span class='ocr_line' id='line_1_34' title="bbox 148 3832 1337 3927; baseline 0.003 -24"><span class='ocrx_word' id='word_1_266' title='bbox 148 3858 181 3927; x_wconf 80' lang='lat' dir='ltr'><strong>p.</strong></span> <span class='ocrx_word' id='word_1_267' title='bbox 206 3840 271 3904; x_wconf 72' lang='lat'><strong>112</strong></span> <span class='ocrx_word' id='word_1_268' title='bbox 298 3840 333 3903; x_wconf 74' lang='lat' dir='ltr'><strong>d.</strong></span> <span class='ocrx_word' id='word_1_269' title='bbox 363 3835 524 3916; x_wconf 82' lang='grc' dir='ltr'><em>καύάπεο,</em></span> <span class='ocrx_word' id='word_1_270' title='bbox 548 3832 1063 3918; x_wconf 75' lang='grc' dir='ltr'><em>οἶμαι,φασ1τὸνΜυρμκκι’ἀν,ν</em></span> <span class='ocrx_word' id='word_1_271' title='bbox 1087 3838 1337 3920; x_wconf 81' lang='grc' dir='ltr'><em>ἀντιπραττόμε-</em></span> 
     </span>
     <span class='ocr_line' id='line_1_35' title="bbox 144 3940 1337 4028; baseline 0 -17"><span class='ocrx_word' id='word_1_272' title='bbox 144 3968 197 4012; x_wconf 87' lang='grc' dir='ltr'><strong>νον</strong></span> <span class='ocrx_word' id='word_1_273' title='bbox 219 3952 261 4027; x_wconf 69' lang='grc' dir='ltr'><em>τῇ</em></span> <span class='ocrx_word' id='word_1_274' title='bbox 284 3942 402 4009; x_wconf 72' lang='grc' dir='ltr'><em>Φειδίου</em></span> <span class='ocrx_word' id='word_1_275' title='bbox 424 3941 521 4023; x_wconf 68' lang='grc' dir='ltr'><em>τέχνῃ</em></span> <span class='ocrx_word' id='word_1_276' title='bbox 546 3941 633 4006; x_wconf 85' lang='lat' dir='ltr'><strong>nulia</strong></span> <span class='ocrx_word' id='word_1_277' title='bbox 654 3949 703 4006; x_wconf 88' lang='lat' dir='ltr'><strong>est</strong></span> <span class='ocrx_word' id='word_1_278' title='bbox 722 3940 880 4006; x_wconf 79' lang='lat' dir='ltr'><strong>dubitatio</strong></span> <span class='ocrx_word' id='word_1_279' title='bbox 906 3942 983 4028; x_wconf 87' lang='lat' dir='ltr'><strong>quin</strong></span> <span class='ocrx_word' id='word_1_280' title='bbox 1007 3942 1270 4021; x_wconf 77' lang='grc' dir='ltr'><em>ἀντιταττόμενον</em></span> <span class='ocrx_word' id='word_1_281' title='bbox 1294 3946 1337 4012; x_wconf 91' lang='lat' dir='ltr'><strong>sit</strong></span> 
     </span>
     <span class='ocr_line' id='line_1_36' title="bbox 147 4044 1337 4134; baseline -0.002 -15"><span class='ocrx_word' id='word_1_282' title='bbox 147 4046 390 4134; x_wconf 76' lang='lat' dir='ltr'><strong>corrigendum.</strong></span> <span class='ocrx_word' id='word_1_283' title='bbox 437 4044 500 4112; x_wconf 85' lang='lat' dir='ltr'><strong>Sed</strong></span> <span class='ocrx_word' id='word_1_284' title='bbox 519 4048 669 4132; x_wconf 83' lang='lat' dir='ltr'><strong>quonium</strong></span> <span class='ocrx_word' id='word_1_285' title='bbox 693 4046 936 4113; x_wconf 85' lang='grc' dir='ltr'><em>ἀντιτάττεσύαι</em></span> <span class='ocrx_word' id='word_1_286' title='bbox 961 4049 1005 4112; x_wconf 84' lang='lat' dir='ltr'><strong>sit</strong></span> <span class='ocrx_word' id='word_1_287' title='bbox 1027 4054 1165 4129; x_wconf 80' lang='grc' dir='ltr'><em>φανερῶς</em></span> <span class='ocrx_word' id='word_1_288' title='bbox 1186 4049 1337 4117; x_wconf 79' lang='grc' dir='ltr'><em>ἕναντιοῦ·</em></span> 
     </span>
     <span class='ocr_line' id='line_1_37' title="bbox 143 4151 1337 4243; baseline 0.001 -20"><span class='ocrx_word' id='word_1_289' title='bbox 143 4158 219 4223; x_wconf 66' lang='grc' dir='ltr'><em>σθαι</em></span> <span class='ocrx_word' id='word_1_290' title='bbox 242 4159 276 4220; x_wconf 85' lang='lat' dir='ltr'><strong>et</strong></span> <span class='ocrx_word' id='word_1_291' title='bbox 306 4152 477 4218; x_wconf 77' lang='lat' dir='ltr'><strong>Hieronem</strong></span> <span class='ocrx_word' id='word_1_292' title='bbox 503 4151 542 4218; x_wconf 93' lang='lat' dir='ltr'><strong>de</strong></span> <span class='ocrx_word' id='word_1_293' title='bbox 566 4153 701 4219; x_wconf 83' lang='lat' dir='ltr'><strong>occultis</strong></span> <span class='ocrx_word' id='word_1_294' title='bbox 732 4153 937 4217; x_wconf 86' lang='lat' dir='ltr'><strong>inimicorum</strong></span> <span class='ocrx_word' id='word_1_295' title='bbox 972 4152 1114 4217; x_wconf 80' lang='lat' dir='ltr'><strong>consiliis</strong></span> <span class='ocrx_word' id='word_1_296' title='bbox 1148 4153 1337 4243; x_wconf 87' lang='lat' dir='ltr'><strong>insidiisque</strong></span> 
     </span>
     <span class='ocr_line' id='line_1_38' title="bbox 144 4257 1339 4349; baseline -0.002 -20"><span class='ocrx_word' id='word_1_297' title='bbox 144 4266 302 4349; x_wconf 78' lang='lat' dir='ltr'><strong>appareat</strong></span> <span class='ocrx_word' id='word_1_298' title='bbox 323 4257 452 4337; x_wconf 86' lang='lat' dir='ltr'><strong>dicere,</strong></span> <span class='ocrx_word' id='word_1_299' title='bbox 477 4278 557 4344; x_wconf 88' lang='lat' dir='ltr'><strong>quas</strong></span> <span class='ocrx_word' id='word_1_300' title='bbox 586 4269 642 4325; x_wconf 88' lang='lat' dir='ltr'><strong>aut</strong></span> <span class='ocrx_word' id='word_1_301' title='bbox 671 4259 891 4345; x_wconf 85' lang='lat' dir='ltr'><strong>suspicaretur</strong></span> <span class='ocrx_word' id='word_1_302' title='bbox 915 4265 972 4321; x_wconf 89' lang='lat' dir='ltr'><strong>aut</strong></span> <span class='ocrx_word' id='word_1_303' title='bbox 994 4257 1265 4325; x_wconf 87' lang='lat' dir='ltr'><strong>animadverteret</strong></span> <span class='ocrx_word' id='word_1_304' title='bbox 1289 4269 1339 4349; x_wconf 83' lang='lat' dir='ltr'><strong>tp·</strong></span> 
     </span>
     <span class='ocr_line' id='line_1_39' title="bbox 145 4361 1335 4454; baseline 0 -20"><span class='ocrx_word' id='word_1_305' title='bbox 145 4386 272 4435; x_wconf 73' lang='lat' dir='ltr'><strong>rannus</strong></span> <span class='ocrx_word' id='word_1_306' title='bbox 301 4363 495 4454; x_wconf 58' lang='grc' dir='ltr'><em>(ὑποπτεύσῃ</em></span> <span class='ocrx_word' id='word_1_307' title='bbox 520 4402 565 4416; x_wconf 87' lang='lat'><strong>--</strong></span> <span class='ocrx_word' id='word_1_308' title='bbox 595 4364 823 4443; x_wconf 77' lang='grc' dir='ltr'><em>αἷσύανύμενος)</em></span> <span class='ocrx_word' id='word_1_309' title='bbox 860 4361 937 4427; x_wconf 83' lang='lat' dir='ltr'><strong>nihil</strong></span> <span class='ocrx_word' id='word_1_310' title='bbox 971 4363 1018 4427; x_wconf 81' lang='lat' dir='ltr'><strong>sic</strong></span> <span class='ocrx_word' id='word_1_311' title='bbox 1050 4363 1248 4448; x_wconf 78' lang='lat' dir='ltr'><strong>proficimus,</strong></span> <span class='ocrx_word' id='word_1_312' title='bbox 1297 4369 1335 4434; x_wconf 86' lang='lat' dir='ltr'><strong>ln</strong></span> 
     </span>
    </p>
   </div>
   <div class='ocr_carea' id='block_1_3' title="bbox 1062 4471 1115 4513">
    <p class='ocr_par' dir='ltr' id='par_1_11' title="bbox 1062 4471 1115 4513">
     <span class='ocr_line' id='line_1_40' title="bbox 1062 4471 1115 4513; baseline 0.075 -4"><span class='ocrx_word' id='word_1_313' title='bbox 1062 4471 1115 4513; x_wconf 71' lang='lat' dir='ltr'><strong>tu*</strong></span> 
     </span>
    </p>
   </div>
   <div class='ocr_carea' id='block_1_4' title="bbox 0 0 1474 5010">
    <p class='ocr_par' dir='ltr' id='par_1_12' title="bbox 0 0 1474 5010">
     <span class='ocr_line' id='line_1_41' title="bbox 0 0 1474 5010; baseline 0 1"><span class='ocrx_word' id='word_1_314' title='bbox 0 0 1474 5010; x_wconf 95' lang='lat' dir='ltr'><strong> </strong></span> 
     </span>
    </p>
   </div>
  </div>
 </body>
</html>
