2940 5010
702 301 766 346 xvu

141 479 284 556 guntur,
310 478 408 537 totam
440 471 547 536 nescio
577 468 650 554 quis
673 465 822 554 Sophiste
846 473 903 533 aut
933 466 1055 535 Rhetor
1085 475 1246 536 incertum
1273 467 1321 535 lu·

141 593 231 658 crine
261 611 301 658 an
335 592 434 657 animi
461 608 558 656 causa
591 587 742 655 conflavit
765 597 797 654 et
827 589 1062 655 consarcinavit
1090 608 1130 657 ex
1157 588 1236 657 locis
1260 589 1321 657 De-

140 710 371 791 mosthenicis,
400 711 518 799 quibus
550 709 589 777 de
620 729 678 776 suo
704 726 806 797 pauca
840 710 996 796 quaedam
1027 708 1160 776 addidit.
1212 711 1260 778 Dc
1284 730 1322 778 ee

141 850 179 898 re
202 851 289 898 nunc
312 840 438 898 constat
468 833 553 899 inter
584 850 716 908 omnes,
752 830 872 917 quide
904 831 1000 897 rebus
1023 830 1208 897 huiusmodi
1240 829 1323 897 iudi·

143 969 218 1018 care
235 962 390 1040 possunt,
413 952 469 1020 sed
493 952 569 1019 olim
598 971 635 1018 ea
661 950 751 1017 iraus
780 948 893 1017 lelellit
921 951 1064 1019 eruditos
1091 950 1323 1019 Alexandrinos

143 1092 254 1141 omues
277 1082 309 1141 et
337 1075 525 1164 Dionysium
558 1072 873 1140 Halicarnassensem
897 1079 930 1139 et
955 1072 1130 1162 Didymum
1154 1083 1187 1140 et
1206 1072 1325 1160 Harpo-

142 1194 318 1261 crationem
339 1201 372 1262 et
394 1193 550 1282 quidquid
571 1191 646 1259 olim
670 1191 733 1258 luit
755 1191 956 1259 eruditorum
976 1198 1008 1259 et
1028 1191 1242 1270 Criticorum,
1267 1191 1324 1279 qui

144 1315 178 1381 iu
202 1312 392 1383 Oratoribus
416 1315 533 1381 Atticis
552 1311 754 1380 illustrandis
780 1332 909 1400 operam
933 1312 1141 1380 collocarunt.
1188 1313 1325 1380 Tantam

144 1436 211 1502 vim
238 1434 334 1503 habet
357 1433 465 1521 opinio
497 1452 560 1519 qua
595 1434 667 1520 quis
694 1431 734 1498 ab
763 1432 895 1501 ineunte
925 1440 1029 1500 aetate
1063 1433 1208 1500 imbutus
1242 1431 1325 1511 fuit,

141 1557 334 1644 praesertim
358 1573 458 1641 quum
477 1572 572 1620 nemo
595 1551 745 1620 dissentit
773 1562 804 1621 ct
828 1553 868 1621 de
891 1573 929 1621 ea
951 1574 987 1621 re
1010 1555 1091 1621 satis
1111 1560 1259 1630 constare
1278 1555 1326 1619 in·

142 1684 194 1744 ter
216 1695 326 1743 omncs
360 1674 498 1741 ridetur.
546 1673 607 1756 Qui
632 1676 728 1741 istam
760 1675 938 1742 orationem
970 1673 1177 1743 Demostheni
1201 1673 1327 1741 affinxit

142 1798 177 1864 in
201 1816 240 1863 ea
260 1795 477 1883 componenda
500 1814 580 1861 usus
603 1802 654 1861 est
683 1795 908 1863 Demosthenis
938 1796 1107 1864 codicibus
1136 1794 1239 1863 multo
1262 1815 1328 1863 me·

143 1915 279 1984 lioribus
302 1935 398 2002 quam
423 1914 541 2001 quibus
564 1913 658 1981 hodie
689 1915 824 1981 utimur.
870 1915 991 2003 Nempe
1024 1916 1251 2002 antiquissima
1279 1922 1328 1983 est

144 2034 199 2102 illa
222 2037 324 2101 oratio
355 2044 387 2100 et
408 2032 458 2099 vel
486 2034 547 2119 ipsi
573 2032 766 2100 Callimacho
789 2032 939 2133 fal-suarius
972 2036 1136 2122 imposuit.
1182 2035 1329 2103 Callima·

147 2156 228 2224 chus
247 2156 334 2222 enim
360 2153 446 2219 illam
470 2156 504 2219 ἐκ
528 2163 584 2231 τῆς
612 2131 934 2241 ἕτιγραφῆςέτθαθρίῑ
957 2157 1000 2228 εἰς
1023 2158 1094 2231 τοὺς
1118 2157 1252 2232 τόοακας
1272 2162 1361 2239 reici

145 2280 176 2345 ἐν
199 2274 419 2358 Ἀλεξανδρεία
448 2274 649 2354 βιβλιοθήκης
681 2282 714 2340 et
738 2273 837 2341 abeo
871 2274 945 2342 inde
969 2282 1113 2363 tempore
1136 2296 1195 2364 pro
1216 2278 1329 2344 Demo-

144 2398 291 2466 sthenica
314 2394 478 2481 legebatur
500 2393 541 2460 eb
568 2393 728 2461 omnibus.
775 2393 877 2462 Habet
906 2404 1015 2463 autem
1047 2398 1175 2484 egregia
1206 2397 1247 2463 ad
1270 2399 1330 2466 De·

146 2517 346 2586 mosthenem
381 2513 615 2583 emendandum
648 2524 682 2581 et
712 2514 913 2583 emblematis
938 2515 1140 2584 liberandum
1171 2517 1326 2585 subsidia.

108 2680 114 2690 -
147 2639 271 2721 Quotus
298 2637 384 2704 enim
409 2636 546 2722 quisquc
579 2634 660 2702 mihi
684 2634 875 2704 credidisset
901 2635 986 2723 apud
1014 2637 1262 2705 Demosthenem
1295 2640 1328 2706 in

146 2758 288 2828 secunda
312 2756 500 2846 Olynthiaca
524 2775 595 2843 pag.
622 2760 683 2834 21,
708 2760 761 2824 αθ.
786 2759 818 2823 in
843 2756 963 2824 verbis:
987 2762 1025 2832 ὡς
1045 2756 1133 2833 ἅπας
1154 2762 1211 2840 μὲι
1234 2760 1328 2840 λόγος

147 2882 186 2949 ἂν
209 2882 277 2963 αἰτῇ
300 2881 344 2944 τόι
375 2877 555 2960 πράγματα
588 2876 724 2957 adserto
746 2903 777 2944 τι
807 2879 955 2962 Φαίνεται
986 2880 1038 2946 καὶ
1063 2879 1169 2957 κενόν,
1203 2881 1329 2961 μόλιτα

147 3004 212 3070 δ’ὁ
243 2999 330 3081 ταροὶ
363 3008 420 3074 τῆς
452 2998 602 3080 ἡμετέρας
638 2997 779 3073 πόλεως·
816 2995 873 3081 όοῳ
909 2999 1001 3087 [γὰρ]
1036 3000 1213 3078 ἑτοιμότατ’
1245 3004 1330 3085 αὐτῷ

147 3125 294 3203 δοκοῦμεν
324 3121 456 3203 χρῆσθαι
494 3120 639 3208 [τοσούτῳ
673 3123 798 3198 μᾶλλον
822 3120 968 3189 ἄτα-οὖσι
1000 3117 1115 3194 πόντος
1146 3119 1245 3207 αὐτῷ]
1279 3141 1332 3188 re·

148 3252 236 3311 secto
259 3241 380 3328 duplici
404 3237 593 3305 emblemate
617 3239 664 3303 sic
688 3234 858 3322 legendum
882 3257 975 3304 esse:
1008 3239 1134 3318 μόλιςα
1158 3242 1186 3307 δ’
1205 3243 1219 3306 ό
1242 3244 1329 3324 ταρὰ

147 3374 203 3442 τῆς
237 3363 387 3443 ἡμετέρας
418 3360 537 3431 πόλεως
570 3355 628 3440 ότῳ
664 3355 840 3436 ἑτοιμότατ’
873 3361 957 3442 αὐτῷ
998 3362 1142 3441 δοκοῦμεν
1173 3366 1328 3444 χρῆσθαι,

149 3485 213 3551 nisi
238 3481 387 3547 falsarius
409 3480 493 3545 hanc
517 3479 618 3565 ipsam
640 3480 852 3546 necessariam
876 3481 1072 3567 scripturam
1097 3483 1184 3549 solus
1208 3503 1330 3551 serras·

150 3611 199 3671 set
223 3622 293 3689 pag.
317 3604 402 3678 158,
429 3604 485 3667 16:
509 3597 597 3673 όότας
620 3600 678 3679 μέν
701 3601 747 3670 ε’ςι
770 3598 864 3678 λόγος
886 3599 1021 3678 μάταιος
1044 3600 1183 3683 ordirer
1206 3601 1328 3686 ἄμοιρος

148 3724 333 3807 γενόμενος,
356 3721 487 3802 τοσούτῳ
509 3720 540 3785 δὲ
568 3719 692 3800 μόλιςα
717 3721 731 3784 ό
755 3721 920 3801 aspiceris
945 3721 1097 3803 ἡμετέρας
1121 3723 1238 3798 πόλεως
1269 3721 1327 3808 ὅτῳ

145 3850 290 3928 δοκοῦμεν
313 3844 397 3922 αὐτῷ
418 3839 645 3923 προχειρότατα
668 3842 800 3921 xpectat
826 3847 884 3905 τῶν
915 3840 1021 3906 ἄλλων
1039 3844 1204 3920 Ἑλλήνων.
1251 3845 1326 3912 Cae·

148 3979 254 4037 terum
279 3964 335 4051 qui
367 3960 594 4028 Demosthenes
623 3961 748 4027 uolebat
779 3959 881 4026 videri
914 3980 976 4026 non
1009 3963 1115 4047 potuit
1144 3965 1175 4028 in
1207 3964 1329 4032 brevis·

148 4089 230 4158 sima
254 4085 397 4153 oratioue
431 4091 496 4148 tam
522 4083 602 4149 bene
627 4082 796 4167 antiquum
826 4088 860 4147 et
889 4081 1033 4148 Atticum
1067 4082 1195 4150 dicendi
1227 4105 1329 4172 genus

151 4207 273 4277 imitari
298 4214 333 4272 ut
358 4224 420 4270 non
441 4201 674 4288 complusculos
694 4202 911 4268 committeret
932 4222 1080 4281 errores,
1102 4204 1220 4291 quibus
1240 4206 1328 4276 iraus

151 4322 452 4418 deprehenderetur.
501 4324 647 4391 Graviter
683 4325 814 4410 impegit
849 4344 921 4412 pag.
949 4331 1111 4406 155,15,
1146 4325 1199 4394 ubi
1234 4329 1327 4398 peppo
