2940 5010
638 290 701 351 565

74 462 118 529 V.
146 464 202 531 ⁴0.
233 460 398 549 legebatur
427 460 504 527 elim
534 456 586 527 ύπε
614 465 671 541 μὲν
696 464 714 538 ἦ
737 461 827 535 πόλις
860 463 943 540 ἡμῶν
967 462 998 526 ἐν
1020 468 1085 535 τοῖς
1114 462 1267 538 Ἕλλησιν

72 566 261 639 &malaeum
279 568 362 635 νύδὲν
381 565 420 634 ἂν
443 567 584 646 ἡγούμην
600 569 782 648 περανθῆναι
805 567 939 643 τούτων,
964 565 1018 632 uhi
1038 567 1066 634 si
1086 568 1160 654 quis
1178 572 1270 647 ἡγού-

74 696 142 753 μι
165 681 279 761 utpote
300 692 432 761 prorsus
455 675 675 739 necessarium
698 674 913 760 reposuisset,
940 671 1055 748 multi,
1079 671 1194 752 credo,
1217 674 1271 741 oh·

75 776 225 847 locuturi
254 778 403 846 inuaserat.
449 777 541 845 Nune
573 778 710 845 Urbinas
742 782 880 858 ἡγοῦμαι
913 776 1001 844 dedit
1031 785 1063 845 et
1095 777 1189 845 laeile
1220 790 1272 848 est

75 884 188 953 euieis
210 883 251 952 ad
276 882 520 970 intelligendum
547 882 631 950 unde
656 884 769 950 vitium
794 892 995 951 caeterorum
1029 882 1184 951 librorum
1215 906 1270 953 ua·

73 998 154 1059 tum
176 990 231 1057 sit.
278 988 473 1078 Saepissime
505 987 628 1055 ridebis
659 990 755 1065 δοκεῖς
788 998 820 1055 et
850 990 933 1055 δοκεῖ
958 988 1063 1055 sicubi
1088 989 1121 1055 in
1151 990 1271 1057 ricinia

73 1096 120 1165 lv
144 1105 296 1185 appareat
317 1115 393 1163 eurn
417 1095 576 1161 infinitivo
598 1094 768 1172 iunctum,
793 1095 899 1182 inepte
923 1103 955 1161 et
974 1094 1097 1161 soloeee
1122 1094 1153 1160 in
1180 1096 1269 1179 δοκῇς

75 1210 141 1269 ant
163 1202 259 1277 δοκοῖς
281 1211 314 1269 et
337 1202 408 1285 δοκῇ
438 1211 495 1267 aut
516 1201 599 1267 δοκοῖ
621 1198 800 1282 depravari.
847 1200 1002 1287 Exempla
1024 1200 1143 1286 uirique
1165 1200 1268 1267 obvia.

76 1306 119 1375 lu
143 1306 311 1396 Euripidis
337 1306 509 1395 Hippolyto
541 1294 585 1373 ιε’.
610 1310 686 1372 490.
721 1308 753 1372 in
778 1305 885 1373 verbis
915 1314 980 1379 πῶς
1002 1306 1041 1373 ἂν
1061 1307 1202 1373 ἐκνεῦσαι
1224 1307 1269 1373 δο-

74 1422 168 1491 κοϊες
188 1412 244 1481 alii
267 1414 387 1491 δοκεῖς,
411 1413 465 1478 alii
485 1413 574 1497 δοκῇς
597 1409 749 1478 exhibent
768 1420 801 1479 et
824 1410 908 1499 fugit
933 1412 1198 1479 Valcheuaerium
1219 1431 1269 1477 ra·

74 1520 153 1601 tio,
181 1502 284 1607 udum
312 1519 410 1593 δοκεῖς
441 1538 515 1585 cum
538 1525 605 1591 πῶς
634 1515 673 1583 cla
705 1526 792 1584 stare
825 1537 916 1604 posse
941 1526 1084 1602 negaret.
1131 1516 1269 1585 Easdem

75 1622 197 1693 turbas
226 1624 385 1692 dederunt
416 1623 541 1691 scribae
576 1623 609 1688 in
641 1621 867 1708 Aristophanis
903 1623 997 1691 Pluto
1029 1644 1076 1689 vs.
1102 1627 1178 1690 580.
1216 1621 1272 1689 uhi
1339 1624 1346 1639 ¹

74 1750 143 1821 pro
163 1732 267 1817 φίλοις
289 1738 324 1811 γ’
348 1730 387 1798 ἄν
409 1755 460 1811 μοι
485 1729 583 1803 δοκεῖς
596 1730 842 1807 -λογίσασίαι
870 1730 902 1795 in
929 1729 1003 1795 aliis
1026 1728 1163 1814 pessime
1181 1729 1272 1812 δοκῇς

75 1836 241 1925 seriptum
272 1844 333 1903 est.
380 1834 515 1921 Saepius
544 1834 577 1899 in
603 1833 735 1900 Platone
758 1835 806 1900 sie
832 1842 977 1901 erratum
1001 1843 1070 1911 est,
1094 1830 1132 1901 ut
1155 1834 1189 1900 iu
1210 1834 1270 1923 hy·

74 1940 153 2011 eido
181 1962 213 2031 p.
235 1945 302 2009 206
325 1941 362 2007 h.
394 1940 479 2015 ποΐύς
510 1964 558 2014 τις
581 1936 631 2006 ούν
654 1938 694 2005 ἄν
712 1963 757 2004 σοι
789 1939 893 2007 δοκοῖ
923 1942 1066 2022 lapsuris
1089 1936 1191 2017 εἷναιε
1217 1938 1272 2007 ubi

73 2046 138 2115 aiii
160 2048 255 2131 leni,
278 2056 312 2115 et
332 2048 366 2113 in
390 2044 520 2113 Philebo
543 2066 574 2132 p.
597 2049 639 2111 58
663 2044 702 2111 Il.
733 2050 826 2112 παύε’
851 2047 949 2111 εἰπεῖν
974 2043 1011 2111 ἄν
1034 2070 1083 2120 τις
1104 2047 1176 2127 πρὸς
1200 2048 1271 2113 ἑαν-

76 2154 136 2223 τύν
158 2156 264 2223 tonse
286 2174 352 2227 σοι;
375 2152 429 2220 uhi
457 2151 513 2218 alii
538 2152 609 2234 δοκῇ
633 2175 678 2217 σοι
702 2157 735 2217 el
755 2149 872 2227 δοκήσει
896 2149 1047 2217 exhibent
1069 2171 1179 2219 errore
1204 2170 1272 2217 ma-

78 2256 211 2327 nifeste.
258 2258 469 2346 Perspicuum
491 2267 541 2324 est
565 2258 597 2322 ia
623 2255 742 2345 Lyside
763 2275 874 2323 errare
897 2276 951 2323 eos
977 2258 1034 2343 qui
1057 2258 1140 2324 δοκοῖ
1157 2266 1272 2324 tuean-

79 2372 157 2431 tur:
179 2382 292 2431 nerum
313 2363 396 2430 riute
416 2363 492 2429 oliuu
514 2359 719 2429 Heindorfius
741 2360 795 2429 sed
816 2360 936 2428 eruditi
960 2382 1022 2428 non
1039 2361 1188 2429 audiunt.
1237 2362 1272 2430 Si

83 2468 160 2555 qnia
178 2470 266 2537 inter
285 2467 456 2554 legendum
484 2467 544 2534 hoc
566 2475 640 2552 aget
665 2466 849 2533 Heindortio
875 2468 1071 2534 assentietur
1095 2465 1271 2535 affirmanti

86 2572 336 2643 innumerabiles
365 2594 436 2642 esse
465 2573 550 2640 locos
574 2573 716 2639 Platonis
739 2573 980 2659 veterumque,
1008 2592 1089 2659 quos
1115 2571 1201 2639 idem
1225 2574 1271 2639 ei·

91 2676 169 2747 tium
199 2677 354 2747 obsideat.
400 2678 470 2745 Non
502 2679 611 2745 rainus
642 2698 737 2764 saepe
767 2697 866 2765 quam
888 2679 922 2743 in
946 2680 1042 2745 δοκεῖν
1076 2677 1199 2744 ridebis
1223 2680 1272 2746 sie

96 2788 212 2865 Μή
234 2786 269 2853 ln
293 2784 421 2867 νομίζω,
450 2784 574 2865 νίομαι,
608 2787 767 2863 ἡγοῦμαι,
800 2783 988 2865 προσδοκᾶν,
1015 2782 1170 2865 ἐλπίζειν,
1203 2804 1273 2853 eae·

36 2890 49 2977 ’,
101 2888 229 2979 Μαρίου
250 2911 335 2979 quae
367 2889 544 2956 inlinitivos
575 2908 650 2954 cum
679 2887 719 2954 riv
745 2889 935 2955 coniunctos
966 2887 1152 2956 admittant.
1198 2889 1274 2957 Evi-

97 2982 169 3063 lem
182 3004 233 3065 est
248 3005 357 3065 autem
378 3014 417 3063 ea
435 2995 544 3062 omnia
566 2992 705 3059 indoctis
725 2992 968 3061 Correctmihus
987 3013 1057 3060 esse
1074 2994 1274 3081 imputanda.

87 3080 124 3157 ’Β
151 3100 301 3171 laseratis
328 3099 417 3169 Orat.
435 3100 474 3167 11.
499 3104 530 3167 8.
565 3106 765 3165 correctores
794 3097 949 3164 vocabulo
981 3107 1134 3186 corrupto
1161 3119 1273 3167 sanam

77 3202 281 3295 'stipidum
305 3203 593 3273 accommodarunt
616 3204 649 3269 in
676 3202 782 3270 verbis
810 3204 846 3270 πὸ
870 3205 1039 3283 νομοθετεῖν
1062 3213 1135 3279 παῖς
1162 3230 1274 3287 μοναρ·

64 3300 174 3387 κίεις
192 3331 334 3399 namque
357 3310 516 3378 Isocrates
538 3310 735 3391 παραινέσεις
756 3309 982 3396 potiusquam
1003 3308 1112 3389 νόμους
1132 3310 1276 3378 scribere

58 3384 225 3503 legiam
257 3416 392 3505 parabat
422 3425 455 3483 el
488 3417 636 3482 νουθετεῖν
669 3415 730 3487 τοὶς
764 3416 940 3497 μοναρχίας
973 3412 1100 3481 dedisse
1134 3413 1274 3483 videtur.

52 3486 255 3611 potquam
274 3526 422 3591 νουθετεῖν
442 3522 476 3587 in
495 3524 666 3601 νομοθετεῖν
690 3519 770 3586 abiit
792 3540 831 3587 ex
855 3520 1041 3587 accusativo
1063 3519 1209 3587 dativum
1230 3520 1274 3588 ie·

50 3614 208 3695 ee1⁴uttt.
255 3628 292 3695 ln
317 3626 405 3696 Orat.
429 3627 512 3693 Vlll.
538 3633 569 3693 o.
605 3628 799 3703 πεποιήκατε
820 3627 891 3701 τοὺς
916 3628 1042 3710 ρύποραο
1067 3631 1209 3707 μελετνῖν
1228 3665 1274 3675 -

46 3698 164 3809 εἴθε
187 3732 374 3817 ἀρέσκοντας
399 3734 472 3812 ύμῖν
492 3731 604 3812 λόγους
627 3734 761 3813 ἐροῦσιν,
784 3733 837 3814 ἐφ’
858 3728 923 3806 οὓς
946 3732 1000 3799 καί
1022 3736 1073 3798 νῦν
1098 3733 1134 3799 πί
1159 3734 1274 3808 πλῆθος

48 3822 184 3905 ‘emir
205 3838 365 3922 ἐρρύηκεν,
388 3836 619 3924 corrigendum
644 3845 692 3903 est
717 3838 770 3921 ἐφ’
794 3833 809 3903 ὃ
830 3836 883 3902 καί
904 3844 975 3913 νῦν,
998 3837 1054 3904 sed
1078 3838 1134 3903 isti
1155 3837 1195 3903 ad
1222 3838 1276 3904 nd·

52 3936 164 4043 ’‘Jve
184 3963 352 4033 perperam
377 3962 551 4032 pronomen
576 3940 872 4009 accommodarunt.
920 3942 1042 4010 Eodem
1063 3941 1158 4009 modo
1181 3943 1276 4009 Euri-

52 4036 187 4117 Μοοι
210 4056 430 4137 corruperunt
454 4050 485 4115 in
511 4047 631 4116 Helena
656 4068 703 4113 vs.
725 4051 802 4115 809.

264 4158 320 4222 orire
342 4153 383 4221 ἂν
405 4156 529 4228 κπύνοις
552 4157 718 4235 τύραννον,
743 4149 773 4220 ὃν
798 4155 940 4228 σπεύδεις
964 4154 1048 4227 ἴσως.

62 4248 176 4327 Ml
194 4261 358 4341 σπεύδεις,
379 4269 412 4328 et
433 4261 562 4347 saepius
586 4260 619 4325 in
642 4258 787 4326 relativis
805 4259 852 4323 sie
874 4267 1014 4325 erratur.
1063 4258 1099 4324 ln
1121 4258 1274 4326 Isocratis

73 4336 246 4435 Oranti.
277 4372 331 4436 or.
368 4386 469 4455 quum
504 4363 616 4432 rhetor
647 4364 802 4431 dixisset:
836 4360 876 4429 ὦν
910 4368 1001 4445 ἡμεῖς
1043 4364 1199 4431 δέδοικα
1229 4366 1277 4447 μὴ
