<?xml version="1.0" encoding="UTF-8"?>
<!DOCTYPE html PUBLIC "-//W3C//DTD XHTML 1.0 Transitional//EN"
    "http://www.w3.org/TR/xhtml1/DTD/xhtml1-transitional.dtd">
<html xmlns="http://www.w3.org/1999/xhtml" xml:lang="en" lang="en">
 <head>
  <title>
</title>
<meta http-equiv="Content-Type" content="text/html;charset=utf-8" />
  <meta name='ocr-system' content='tesseract 3.04.00' />
  <meta name='ocr-capabilities' content='ocr_page ocr_carea ocr_par ocr_line ocrx_word'/>
</head>
<body>
  <div class='ocr_page' id='page_1' title='image "./novaelectionesq00cobegoog/novaelectionesq00cobegoog_0356.png"; bbox 0 0 2940 5010; ppageno 0'>
   <div class='ocr_carea' id='block_1_1' title="bbox 731 288 793 351">
    <p class='ocr_par' dir='ltr' id='par_1_1' title="bbox 731 288 793 351">
     <span class='ocr_line' id='line_1_1' title="bbox 731 288 793 351; baseline -0.032 0"><span class='ocrx_word' id='word_1_1' title='bbox 731 288 793 351; x_wconf 70' lang='lat'><strong>521</strong></span> 
     </span>
    </p>
   </div>
   <div class='ocr_carea' id='block_1_2' title="bbox 104 457 1454 4225">
    <p class='ocr_par' dir='ltr' id='par_1_2' title="bbox 167 457 1342 1601">
     <span class='ocr_line' id='line_1_2' title="bbox 216 457 1337 551; baseline 0 -22"><span class='ocrx_word' id='word_1_2' title='bbox 216 460 296 551; x_wconf 81' lang='lat' dir='ltr'><strong>dpud</strong></span> <span class='ocrx_word' id='word_1_3' title='bbox 319 459 540 551; x_wconf 75' lang='lat' dir='ltr'><strong>Thucydidem</strong></span> <span class='ocrx_word' id='word_1_4' title='bbox 566 459 602 527; x_wconf 87' lang='lat' dir='ltr'><strong>V.</strong></span> <span class='ocrx_word' id='word_1_5' title='bbox 625 465 678 527; x_wconf 86' lang='grc'><strong>18.</strong></span> <span class='ocrx_word' id='word_1_6' title='bbox 707 460 777 527; x_wconf 87' lang='lat' dir='ltr'><strong>sine</strong></span> <span class='ocrx_word' id='word_1_7' title='bbox 799 459 1017 527; x_wconf 84' lang='lat' dir='ltr'><strong>controversia</strong></span> <span class='ocrx_word' id='word_1_8' title='bbox 1036 457 1260 527; x_wconf 86' lang='lat' dir='ltr'><strong>scribendum:</strong></span> <span class='ocrx_word' id='word_1_9' title='bbox 1285 462 1337 537; x_wconf 73' lang='lat' dir='ltr'><strong>si·</strong></span> 
     </span>
     <span class='ocr_line' id='line_1_3' title="bbox 184 565 1336 647; baseline -0.007 -10"><span class='ocrx_word' id='word_1_10' title='bbox 184 570 279 643; x_wconf 71' lang='lat' dir='ltr'><strong>mett</strong></span> <span class='ocrx_word' id='word_1_11' title='bbox 305 576 399 645; x_wconf 74' lang='grc' dir='ltr'>ςῆσοοι</span> <span class='ocrx_word' id='word_1_12' title='bbox 430 567 629 647; x_wconf 81' lang='grc' dir='ltr'>Ὀλνμπθοισι</span> <span class='ocrx_word' id='word_1_13' title='bbox 653 566 707 634; x_wconf 73' lang='grc' dir='ltr'>νοοῖ</span> <span class='ocrx_word' id='word_1_14' title='bbox 730 567 826 633; x_wconf 85' lang='grc' dir='ltr'>Πυθοῖ</span> <span class='ocrx_word' id='word_1_15' title='bbox 845 566 899 633; x_wconf 74' lang='lat' dir='ltr'><strong>uel</strong></span> <span class='ocrx_word' id='word_1_16' title='bbox 930 568 1078 645; x_wconf 97' lang='grc' dir='ltr'>Ἰσθμοῖ</span> <span class='ocrx_word' id='word_1_17' title='bbox 1101 566 1153 631; x_wconf 76' lang='lat' dir='ltr'><strong>nal</strong></span> <span class='ocrx_word' id='word_1_18' title='bbox 1188 565 1336 641; x_wconf 74' lang='grc' dir='ltr'>Ἀθήνη-</span> 
     </span>
     <span class='ocr_line' id='line_1_4' title="bbox 184 657 1337 759; baseline -0.003 -22"><span class='ocrx_word' id='word_1_19' title='bbox 184 694 229 739; x_wconf 80' lang='grc' dir='ltr'><strong>ιιν</strong></span> <span class='ocrx_word' id='word_1_20' title='bbox 253 674 282 741; x_wconf 74' lang='grc' dir='ltr'><strong>ἒν</strong></span> <span class='ocrx_word' id='word_1_21' title='bbox 312 674 421 751; x_wconf 85' lang='grc' dir='ltr'>πθλει,</span> <span class='ocrx_word' id='word_1_22' title='bbox 453 692 511 759; x_wconf 80' lang='lat' dir='ltr'><strong>pru</strong></span> <span class='ocrx_word' id='word_1_23' title='bbox 534 673 586 738; x_wconf 75' lang='lat' dir='ltr'><strong>uel</strong></span> <span class='ocrx_word' id='word_1_24' title='bbox 611 672 642 738; x_wconf 78' lang='grc' dir='ltr'><strong>ἐν</strong></span> <span class='ocrx_word' id='word_1_25' title='bbox 671 673 782 754; x_wconf 76' lang='grc' dir='ltr'>Ἰσθμῷ</span> <span class='ocrx_word' id='word_1_26' title='bbox 813 671 865 737; x_wconf 75' lang='lat' dir='ltr'><strong>eal</strong></span> <span class='ocrx_word' id='word_1_27' title='bbox 890 672 921 737; x_wconf 77' lang='grc' dir='ltr'><strong>ἐν</strong></span> <span class='ocrx_word' id='word_1_28' title='bbox 951 672 1104 748; x_wconf 67' lang='grc' dir='ltr'><strong>Ἀθήναις.</strong></span> <span class='ocrx_word' id='word_1_29' title='bbox 1152 670 1230 738; x_wconf 86' lang='lat' dir='ltr'><strong>Boni</strong></span> <span class='ocrx_word' id='word_1_30' title='bbox 1264 657 1337 735; x_wconf 74' lang='lat' dir='ltr'><strong>llbrl</strong></span> 
     </span>
     <span class='ocr_line' id='line_1_5' title="bbox 184 775 1339 863; baseline -0.003 -20"><span class='ocrx_word' id='word_1_31' title='bbox 184 785 329 845; x_wconf 72' lang='lat' dir='ltr'><strong>emerunt</strong></span> <span class='ocrx_word' id='word_1_32' title='bbox 359 778 393 845; x_wconf 89' lang='lat' dir='ltr'><strong>in</strong></span> <span class='ocrx_word' id='word_1_33' title='bbox 426 776 546 844; x_wconf 90' lang='lat' dir='ltr'><strong>llellen.</strong></span> <span class='ocrx_word' id='word_1_34' title='bbox 579 776 618 845; x_wconf 89' lang='lat'><strong>11.</strong></span> <span class='ocrx_word' id='word_1_35' title='bbox 650 796 691 841; x_wconf 82' lang='lat' dir='ltr'><strong>nv.</strong></span> <span class='ocrx_word' id='word_1_36' title='bbox 724 781 779 843; x_wconf 79' lang='lat'><strong>45.</strong></span> <span class='ocrx_word' id='word_1_37' title='bbox 814 779 885 850; x_wconf 82' lang='grc' dir='ltr'>τοὺς</span> <span class='ocrx_word' id='word_1_38' title='bbox 923 779 1077 843; x_wconf 72' lang='grc' dir='ltr'>Ἐλευσῖνι</span> <span class='ocrx_word' id='word_1_39' title='bbox 1111 796 1171 863; x_wconf 86' lang='lat' dir='ltr'><strong>pro</strong></span> <span class='ocrx_word' id='word_1_40' title='bbox 1200 776 1271 849; x_wconf 79' lang='grc' dir='ltr'><strong>τοὺς</strong></span> <span class='ocrx_word' id='word_1_41' title='bbox 1307 775 1339 840; x_wconf 76' lang='grc' dir='ltr'><strong>ἐν</strong></span> 
     </span>
     <span class='ocr_line' id='line_1_6' title="bbox 184 880 1339 972; baseline -0.006 -20"><span class='ocrx_word' id='word_1_42' title='bbox 184 882 322 952; x_wconf 68' lang='grc' dir='ltr'>Ἐλευσῖνι.</span> <span class='ocrx_word' id='word_1_43' title='bbox 368 882 483 972; x_wconf 78' lang='lat' dir='ltr'><strong>Lysiae</strong></span> <span class='ocrx_word' id='word_1_44' title='bbox 507 902 633 969; x_wconf 89' lang='lat' dir='ltr'><strong>quoque</strong></span> <span class='ocrx_word' id='word_1_45' title='bbox 656 880 850 948; x_wconf 77' lang='lat' dir='ltr'>reddiderim</span> <span class='ocrx_word' id='word_1_46' title='bbox 875 881 914 948; x_wconf 93' lang='lat' dir='ltr'><strong>ll.</strong></span> <span class='ocrx_word' id='word_1_47' title='bbox 940 887 993 948; x_wconf 74' lang='lat' dir='ltr'><strong>tt.</strong></span> <span class='ocrx_word' id='word_1_48' title='bbox 1028 883 1063 949; x_wconf 80' lang='grc' dir='ltr'><strong>ιδ</strong></span> <span class='ocrx_word' id='word_1_49' title='bbox 1094 885 1212 961; x_wconf 86' lang='grc' dir='ltr'>Ἰσθμοῖ</span> <span class='ocrx_word' id='word_1_50' title='bbox 1231 887 1339 963; x_wconf 75' lang='grc' dir='ltr'>τεῖχος</span> 
     </span>
     <span class='ocr_line' id='line_1_7' title="bbox 182 986 1339 1073; baseline -0.003 -16"><span class='ocrx_word' id='word_1_51' title='bbox 182 990 314 1073; x_wconf 70' lang='lat' dir='ltr'><strong>mae</strong></span> <span class='ocrx_word' id='word_1_52' title='bbox 333 989 456 1071; x_wconf 70' lang='grc' dir='ltr'>Ἰσθμοῖ.</span> <span class='ocrx_word' id='word_1_53' title='bbox 504 988 608 1055; x_wconf 89' lang='lat' dir='ltr'><strong>Uuum</strong></span> <span class='ocrx_word' id='word_1_54' title='bbox 632 986 749 1055; x_wconf 80' lang='lat' dir='ltr'>addam</span> <span class='ocrx_word' id='word_1_55' title='bbox 770 1008 809 1054; x_wconf 83' lang='lat' dir='ltr'><strong>ex</strong></span> <span class='ocrx_word' id='word_1_56' title='bbox 834 986 973 1053; x_wconf 77' lang='lat' dir='ltr'><strong>Platonis</strong></span> <span class='ocrx_word' id='word_1_57' title='bbox 997 986 1160 1054; x_wconf 76' lang='lat' dir='ltr'>Alcibiade</span> <span class='ocrx_word' id='word_1_58' title='bbox 1177 987 1202 1054; x_wconf 91' lang='lat'><strong>1.</strong></span> <span class='ocrx_word' id='word_1_59' title='bbox 1228 1006 1258 1073; x_wconf 87' lang='lat' dir='ltr'><strong>p.</strong></span> <span class='ocrx_word' id='word_1_60' title='bbox 1274 990 1339 1053; x_wconf 75' lang='lat' dir='ltr'><strong>tue</strong></span> 
     </span>
     <span class='ocr_line' id='line_1_8' title="bbox 181 1090 1342 1170; baseline 0.002 -13"><span class='ocrx_word' id='word_1_61' title='bbox 181 1090 210 1157; x_wconf 82' lang='lat' dir='ltr'><strong>d.</strong></span> <span class='ocrx_word' id='word_1_62' title='bbox 230 1096 245 1161; x_wconf 88' lang='lat' dir='ltr'><strong>l</strong></span> <span class='ocrx_word' id='word_1_63' title='bbox 262 1099 352 1161; x_wconf 81' lang='grc' dir='ltr'>ποῖοι-ο</span> <span class='ocrx_word' id='word_1_64' title='bbox 381 1093 504 1168; x_wconf 58' lang='lat' dir='ltr'><strong>&amp;sadala</strong></span> <span class='ocrx_word' id='word_1_65' title='bbox 533 1096 576 1169; x_wconf 76' lang='grc' dir='ltr'><strong>εἷς</strong></span> <span class='ocrx_word' id='word_1_66' title='bbox 607 1098 659 1161; x_wconf 81' lang='grc' dir='ltr'><strong>τὸν</strong></span> <span class='ocrx_word' id='word_1_67' title='bbox 681 1094 713 1158; x_wconf 75' lang='grc' dir='ltr'><strong>ἐν</strong></span> <span class='ocrx_word' id='word_1_68' title='bbox 741 1095 836 1159; x_wconf 81' lang='grc' dir='ltr'>Πυθοῖ</span> <span class='ocrx_word' id='word_1_69' title='bbox 856 1093 943 1170; x_wconf 76' lang='grc' dir='ltr'>νεών,</span> <span class='ocrx_word' id='word_1_70' title='bbox 976 1092 1139 1160; x_wconf 83' lang='lat' dir='ltr'><strong>imovero</strong></span> <span class='ocrx_word' id='word_1_71' title='bbox 1166 1095 1219 1159; x_wconf 85' lang='grc' dir='ltr'><strong>σδν</strong></span> <span class='ocrx_word' id='word_1_72' title='bbox 1245 1093 1342 1159; x_wconf 89' lang='grc' dir='ltr'>Πυθοῖ</span> 
     </span>
     <span class='ocr_line' id='line_1_9' title="bbox 177 1196 1337 1287; baseline -0.004 -19"><span class='ocrx_word' id='word_1_73' title='bbox 177 1196 249 1268; x_wconf 70' lang='lat' dir='ltr'><strong>aa:</strong></span> <span class='ocrx_word' id='word_1_74' title='bbox 278 1196 364 1287; x_wconf 88' lang='lat' dir='ltr'><strong>quud</strong></span> <span class='ocrx_word' id='word_1_75' title='bbox 386 1197 537 1286; x_wconf 76' lang='lat' dir='ltr'><strong>vulgatur</strong></span> <span class='ocrx_word' id='word_1_76' title='bbox 568 1207 636 1265; x_wconf 87' lang='lat' dir='ltr'><strong>lam</strong></span> <span class='ocrx_word' id='word_1_77' title='bbox 659 1197 835 1265; x_wconf 86' lang='lat' dir='ltr'><strong>absurdum</strong></span> <span class='ocrx_word' id='word_1_78' title='bbox 858 1208 967 1265; x_wconf 83' lang='lat' dir='ltr'><strong>oslac</strong></span> <span class='ocrx_word' id='word_1_79' title='bbox 1001 1199 1127 1285; x_wconf 84' lang='lat' dir='ltr'><strong>siquis</strong></span> <span class='ocrx_word' id='word_1_80' title='bbox 1157 1200 1187 1263; x_wconf 81' lang='lat' dir='ltr'><strong>lv</strong></span> <span class='ocrx_word' id='word_1_81' title='bbox 1213 1198 1337 1272; x_wconf 71' lang='lat' dir='ltr'><strong>’Atin-</strong></span> 
     </span>
     <span class='ocr_line' id='line_1_10' title="bbox 174 1299 1337 1385; baseline -0.002 -14"><span class='ocrx_word' id='word_1_82' title='bbox 174 1326 229 1385; x_wconf 82' lang='lat' dir='ltr'><strong>ur.</strong></span> <span class='ocrx_word' id='word_1_83' title='bbox 255 1306 288 1373; x_wconf 75' lang='lat' dir='ltr'><strong>dr</strong></span> <span class='ocrx_word' id='word_1_84' title='bbox 311 1305 476 1385; x_wconf 65' lang='lat' dir='ltr'><strong>Gallinam,</strong></span> <span class='ocrx_word' id='word_1_85' title='bbox 499 1306 531 1371; x_wconf 77' lang='grc' dir='ltr'><strong>ἐν</strong></span> <span class='ocrx_word' id='word_1_86' title='bbox 554 1312 719 1385; x_wconf 62' lang='lat' dir='ltr'><strong>Merene,</strong></span> <span class='ocrx_word' id='word_1_87' title='bbox 754 1306 785 1370; x_wconf 80' lang='grc' dir='ltr'><strong>ἐν</strong></span> <span class='ocrx_word' id='word_1_88' title='bbox 808 1304 1006 1383; x_wconf 73' lang='grc' dir='ltr'>Ὀλυμπίασι</span> <span class='ocrx_word' id='word_1_89' title='bbox 1027 1304 1101 1369; x_wconf 87' lang='lat' dir='ltr'><strong>sim.</strong></span> <span class='ocrx_word' id='word_1_90' title='bbox 1132 1299 1227 1369; x_wconf 84' lang='lat' dir='ltr'><strong>vellet</strong></span> <span class='ocrx_word' id='word_1_91' title='bbox 1253 1301 1337 1369; x_wconf 86' lang='lat' dir='ltr'><strong>dice·</strong></span> 
     </span>
     <span class='ocr_line' id='line_1_11' title="bbox 170 1407 1336 1496; baseline -0.003 -17"><span class='ocrx_word' id='word_1_92' title='bbox 170 1426 209 1479; x_wconf 83' lang='lat' dir='ltr'><strong>rt.</strong></span> <span class='ocrx_word' id='word_1_93' title='bbox 249 1408 356 1479; x_wconf 78' lang='lat' dir='ltr'><strong>Etiam</strong></span> <span class='ocrx_word' id='word_1_94' title='bbox 387 1409 517 1496; x_wconf 78' lang='lat' dir='ltr'><strong>turpius</strong></span> <span class='ocrx_word' id='word_1_95' title='bbox 549 1408 675 1476; x_wconf 86' lang='lat' dir='ltr'><strong>scribae</strong></span> <span class='ocrx_word' id='word_1_96' title='bbox 705 1411 736 1475; x_wconf 79' lang='grc' dir='ltr'><strong>ἐν</strong></span> <span class='ocrx_word' id='word_1_97' title='bbox 764 1409 804 1475; x_wconf 90' lang='lat' dir='ltr'><strong>de</strong></span> <span class='ocrx_word' id='word_1_98' title='bbox 836 1429 893 1474; x_wconf 87' lang='lat' dir='ltr'><strong>suo</strong></span> <span class='ocrx_word' id='word_1_99' title='bbox 927 1407 1121 1475; x_wconf 83' lang='lat' dir='ltr'><strong>addiderunt</strong></span> <span class='ocrx_word' id='word_1_100' title='bbox 1148 1408 1180 1473; x_wconf 93' lang='lat' dir='ltr'><strong>in</strong></span> <span class='ocrx_word' id='word_1_101' title='bbox 1211 1408 1336 1494; x_wconf 78' lang='lat' dir='ltr'><strong>liquitt.</strong></span> 
     </span>
     <span class='ocr_line' id='line_1_12' title="bbox 167 1511 1338 1601; baseline -0.001 -20"><span class='ocrx_word' id='word_1_102' title='bbox 167 1532 207 1581; x_wconf 76' lang='lat' dir='ltr'><strong>m</strong></span> <span class='ocrx_word' id='word_1_103' title='bbox 230 1518 326 1583; x_wconf 79' lang='lat'>1271.</span> <span class='ocrx_word' id='word_1_104' title='bbox 361 1514 617 1601; x_wconf 62' lang='lat' dir='ltr'><strong>necessetate,</strong></span> <span class='ocrx_word' id='word_1_105' title='bbox 642 1514 696 1581; x_wconf 89' lang='lat' dir='ltr'><strong>ubi</strong></span> <span class='ocrx_word' id='word_1_106' title='bbox 717 1512 845 1581; x_wconf 91' lang='lat' dir='ltr'><strong>tandem</strong></span> <span class='ocrx_word' id='word_1_107' title='bbox 870 1514 1027 1600; x_wconf 82' lang='lat' dir='ltr'><strong>Bergkius</strong></span> <span class='ocrx_word' id='word_1_108' title='bbox 1046 1515 1161 1580; x_wconf 82' lang='grc' dir='ltr'>Πνθιῖνι</span> <span class='ocrx_word' id='word_1_109' title='bbox 1183 1513 1236 1599; x_wconf 71' lang='grc' dir='ltr'>δῖοι</span> <span class='ocrx_word' id='word_1_110' title='bbox 1258 1511 1338 1581; x_wconf 90' lang='lat' dir='ltr'><strong>bene</strong></span> 
     </span>
    </p>

    <p class='ocr_par' dir='ltr' id='par_1_3' title="bbox 104 1620 306 1689">
     <span class='ocr_line' id='line_1_13' title="bbox 104 1620 306 1689; baseline -0.005 0"><span class='ocrx_word' id='word_1_111' title='bbox 104 1622 106 1627; x_wconf 85' lang='lat'>&#39;</span> <span class='ocrx_word' id='word_1_112' title='bbox 161 1620 306 1689; x_wconf 79' lang='lat' dir='ltr'><strong>currerit.</strong></span> 
     </span>
    </p>

    <p class='ocr_par' dir='ltr' id='par_1_4' title="bbox 104 1723 1336 1794">
     <span class='ocr_line' id='line_1_14' title="bbox 104 1723 1336 1794; baseline -0.002 -1"><span class='ocrx_word' id='word_1_113' title='bbox 104 1736 106 1741; x_wconf 85' lang='lat'>&#39;</span> <span class='ocrx_word' id='word_1_114' title='bbox 199 1723 354 1794; x_wconf 73' lang='lat' dir='ltr'><strong>Veterum</strong></span> <span class='ocrx_word' id='word_1_115' title='bbox 377 1724 504 1792; x_wconf 89' lang='lat' dir='ltr'><strong>dicendi</strong></span> <span class='ocrx_word' id='word_1_116' title='bbox 528 1724 727 1792; x_wconf 92' lang='lat' dir='ltr'><strong>consuetudo</strong></span> <span class='ocrx_word' id='word_1_117' title='bbox 751 1724 890 1792; x_wconf 87' lang='lat' dir='ltr'><strong>violatur</strong></span> <span class='ocrx_word' id='word_1_118' title='bbox 912 1726 945 1792; x_wconf 93' lang='lat' dir='ltr'><strong>in</strong></span> <span class='ocrx_word' id='word_1_119' title='bbox 976 1723 1096 1792; x_wconf 84' lang='lat' dir='ltr'><strong>Hellen.</strong></span> <span class='ocrx_word' id='word_1_120' title='bbox 1121 1724 1189 1792; x_wconf 91' lang='lat' dir='ltr'><strong>Vll.</strong></span> <span class='ocrx_word' id='word_1_121' title='bbox 1215 1745 1256 1791; x_wconf 85' lang='lat' dir='ltr'><strong>m.</strong></span> <span class='ocrx_word' id='word_1_122' title='bbox 1282 1728 1336 1791; x_wconf 76' lang='grc'><strong>16.</strong></span> 
     </span>
    </p>

    <p class='ocr_par' dir='ltr' id='par_1_5' title="bbox 104 1828 1454 3485">
     <span class='ocr_line' id='line_1_15' title="bbox 104 1828 1337 1915; baseline -0.003 -14"><span class='ocrx_word' id='word_1_123' title='bbox 104 1836 107 1849; x_wconf 90' lang='grc'><strong>’</strong></span> <span class='ocrx_word' id='word_1_124' title='bbox 155 1832 189 1901; x_wconf 73' lang='lat' dir='ltr'><strong>ln</strong></span> <span class='ocrx_word' id='word_1_125' title='bbox 211 1828 320 1901; x_wconf 76' lang='lat' dir='ltr'><strong>vorbis</strong></span> <span class='ocrx_word' id='word_1_126' title='bbox 341 1832 398 1899; x_wconf 80' lang='grc' dir='ltr'><strong>σὺν</strong></span> <span class='ocrx_word' id='word_1_127' title='bbox 420 1833 504 1915; x_wconf 67' lang='grc' dir='ltr'><strong>αὐτῷ</strong></span> <span class='ocrx_word' id='word_1_128' title='bbox 524 1833 567 1913; x_wconf 76' lang='grc' dir='ltr'><strong>τῷ</strong></span> <span class='ocrx_word' id='word_1_129' title='bbox 590 1828 690 1912; x_wconf 69' lang='grc' dir='ltr'>χορίῳ</span> <span class='ocrx_word' id='word_1_130' title='bbox 712 1832 867 1911; x_wconf 69' lang='grc' dir='ltr'>αἱροῦσιν,</span> <span class='ocrx_word' id='word_1_131' title='bbox 890 1831 1046 1897; x_wconf 79' lang='lat' dir='ltr'><strong>emittunt</strong></span> <span class='ocrx_word' id='word_1_132' title='bbox 1068 1832 1154 1897; x_wconf 90' lang='lat' dir='ltr'><strong>enim</strong></span> <span class='ocrx_word' id='word_1_133' title='bbox 1179 1828 1278 1897; x_wconf 73' lang='lat' dir='ltr'><strong>Attici</strong></span> <span class='ocrx_word' id='word_1_134' title='bbox 1303 1832 1337 1897; x_wconf 90' lang='lat' dir='ltr'><strong>in</strong></span> 
     </span>
     <span class='ocr_line' id='line_1_16' title="bbox 151 1934 1335 2023; baseline -0.007 -16"><span class='ocrx_word' id='word_1_135' title='bbox 151 1934 275 2007; x_wconf 77' lang='lat' dir='ltr'><strong>talibus</strong></span> <span class='ocrx_word' id='word_1_136' title='bbox 302 1936 382 2015; x_wconf 82' lang='grc' dir='ltr'>σύν,</span> <span class='ocrx_word' id='word_1_137' title='bbox 414 1934 499 2023; x_wconf 88' lang='lat' dir='ltr'><strong>quod</strong></span> <span class='ocrx_word' id='word_1_138' title='bbox 522 1934 647 2003; x_wconf 88' lang='lat' dir='ltr'><strong>scribae</strong></span> <span class='ocrx_word' id='word_1_139' title='bbox 679 1943 791 2003; x_wconf 89' lang='lat' dir='ltr'><strong>contra</strong></span> <span class='ocrx_word' id='word_1_140' title='bbox 819 1934 995 2002; x_wconf 82' lang='lat' dir='ltr'><strong>inferciunt</strong></span> <span class='ocrx_word' id='word_1_141' title='bbox 1026 1934 1162 2001; x_wconf 86' lang='lat' dir='ltr'><strong>subinde</strong></span> <span class='ocrx_word' id='word_1_142' title='bbox 1197 1934 1237 2002; x_wconf 94' lang='lat' dir='ltr'><strong>de</strong></span> <span class='ocrx_word' id='word_1_143' title='bbox 1267 1955 1335 2001; x_wconf 85' lang='lat' dir='ltr'><strong>suo.</strong></span> 
     </span>
     <span class='ocr_line' id='line_1_17' title="bbox 149 2039 1337 2128; baseline -0.006 -15"><span class='ocrx_word' id='word_1_144' title='bbox 149 2040 257 2113; x_wconf 69' lang='lat' dir='ltr'><strong>mist</strong></span> <span class='ocrx_word' id='word_1_145' title='bbox 288 2042 322 2109; x_wconf 91' lang='lat' dir='ltr'><strong>iu</strong></span> <span class='ocrx_word' id='word_1_146' title='bbox 355 2050 548 2109; x_wconf 86' lang='lat' dir='ltr'><strong>transcursu</strong></span> <span class='ocrx_word' id='word_1_147' title='bbox 578 2047 674 2127; x_wconf 84' lang='lat' dir='ltr'><strong>turpe</strong></span> <span class='ocrx_word' id='word_1_148' title='bbox 706 2040 857 2107; x_wconf 91' lang='lat' dir='ltr'><strong>mendum</strong></span> <span class='ocrx_word' id='word_1_149' title='bbox 893 2062 909 2107; x_wconf 94' lang='lat' dir='ltr'><strong>e</strong></span> <span class='ocrx_word' id='word_1_150' title='bbox 945 2040 1164 2128; x_wconf 81' lang='lat' dir='ltr'><strong>Xenophontis</strong></span> <span class='ocrx_word' id='word_1_151' title='bbox 1198 2039 1337 2107; x_wconf 78' lang='lat' dir='ltr'><strong>dnahasi</strong></span> 
     </span>
     <span class='ocr_line' id='line_1_18' title="bbox 148 2144 1335 2233; baseline -0.003 -20"><span class='ocrx_word' id='word_1_152' title='bbox 148 2148 316 2225; x_wconf 69' lang='lat' dir='ltr'><strong>ninere,</strong></span> <span class='ocrx_word' id='word_1_153' title='bbox 347 2145 404 2213; x_wconf 85' lang='lat' dir='ltr'><strong>ubi</strong></span> <span class='ocrx_word' id='word_1_154' title='bbox 437 2146 557 2233; x_wconf 82' lang='lat' dir='ltr'><strong>legitur</strong></span> <span class='ocrx_word' id='word_1_155' title='bbox 578 2144 616 2209; x_wconf 80' lang='lat' dir='ltr'><strong>V.</strong></span> <span class='ocrx_word' id='word_1_156' title='bbox 641 2166 682 2211; x_wconf 82' lang='lat' dir='ltr'><strong>iv.</strong></span> <span class='ocrx_word' id='word_1_157' title='bbox 709 2148 763 2210; x_wconf 76' lang='lat'><strong>26.</strong></span> <span class='ocrx_word' id='word_1_158' title='bbox 796 2146 810 2211; x_wconf 80' lang='grc' dir='ltr'>ὅ</span> <span class='ocrx_word' id='word_1_159' title='bbox 837 2146 868 2213; x_wconf 80' lang='grc' dir='ltr'><strong>δὲ</strong></span> <span class='ocrx_word' id='word_1_160' title='bbox 892 2146 1046 2226; x_wconf 69' lang='grc' dir='ltr'>βασιλεὺς</span> <span class='ocrx_word' id='word_1_161' title='bbox 1078 2150 1178 2212; x_wconf 76' lang='lat' dir='ltr'><strong>edacia</strong></span> <span class='ocrx_word' id='word_1_162' title='bbox 1204 2149 1220 2209; x_wconf 84' lang='lat' dir='ltr'><strong>d</strong></span> <span class='ocrx_word' id='word_1_163' title='bbox 1242 2148 1273 2211; x_wconf 80' lang='grc' dir='ltr'><strong>ἐν</strong></span> <span class='ocrx_word' id='word_1_164' title='bbox 1296 2156 1335 2228; x_wconf 68' lang='grc' dir='ltr'><strong>τῇ</strong></span> 
     </span>
     <span class='ocr_line' id='line_1_19' title="bbox 148 2248 1336 2335; baseline -0.002 -16"><span class='ocrx_word' id='word_1_165' title='bbox 148 2250 264 2335; x_wconf 60' lang='lat' dir='ltr'><strong>Meum</strong></span> <span class='ocrx_word' id='word_1_166' title='bbox 286 2254 330 2335; x_wconf 72' lang='grc' dir='ltr'><strong>τῷ</strong></span> <span class='ocrx_word' id='word_1_167' title='bbox 351 2252 402 2318; x_wconf 78' lang='grc' dir='ltr'><strong>ἐπ’</strong></span> <span class='ocrx_word' id='word_1_168' title='bbox 425 2250 516 2332; x_wconf 76' lang='grc' dir='ltr'>ἄκρου</span> <span class='ocrx_word' id='word_1_169' title='bbox 543 2249 759 2334; x_wconf 75' lang='grc' dir='ltr'>ᾠκοδομημένῳ</span> <span class='ocrx_word' id='word_1_170' title='bbox 790 2253 844 2317; x_wconf 79' lang='grc' dir='ltr'><strong>οὐκ</strong></span> <span class='ocrx_word' id='word_1_171' title='bbox 875 2252 980 2327; x_wconf 77' lang='grc' dir='ltr'>ἤθελεν</span> <span class='ocrx_word' id='word_1_172' title='bbox 1011 2248 1144 2327; x_wconf 76' lang='grc' dir='ltr'><strong>ἐξελθεῖν</strong></span> <span class='ocrx_word' id='word_1_173' title='bbox 1174 2252 1240 2317; x_wconf 81' lang='grc' dir='ltr'>οὐδὲ</span> <span class='ocrx_word' id='word_1_174' title='bbox 1266 2253 1281 2317; x_wconf 84' lang='grc' dir='ltr'>θ</span> <span class='ocrx_word' id='word_1_175' title='bbox 1304 2253 1336 2317; x_wconf 74' lang='grc' dir='ltr'><strong>ἓν</strong></span> 
     </span>
     <span class='ocr_line' id='line_1_20' title="bbox 147 2354 1337 2441; baseline 0 -17"><span class='ocrx_word' id='word_1_176' title='bbox 147 2358 195 2441; x_wconf 72' lang='grc' dir='ltr'><strong><em>τῇ</em></strong></span> <span class='ocrx_word' id='word_1_177' title='bbox 216 2354 360 2439; x_wconf 75' lang='grc' dir='ltr'>πρθσερον</span> <span class='ocrx_word' id='word_1_178' title='bbox 381 2356 526 2440; x_wconf 71' lang='grc' dir='ltr'>αἱρεθέντι</span> <span class='ocrx_word' id='word_1_179' title='bbox 555 2357 656 2438; x_wconf 77' lang='grc' dir='ltr'><strong><em>χωρίῳ</em></strong></span> <span class='ocrx_word' id='word_1_180' title='bbox 678 2358 754 2421; x_wconf 69' lang='grc' dir='ltr'><strong>ἀλλ’</strong></span> <span class='ocrx_word' id='word_1_181' title='bbox 778 2359 874 2422; x_wconf 71' lang='grc' dir='ltr'>αὐτοῦ</span> <span class='ocrx_word' id='word_1_182' title='bbox 897 2357 952 2423; x_wconf 85' lang='grc' dir='ltr'><strong>σὺν</strong></span> <span class='ocrx_word' id='word_1_183' title='bbox 974 2364 1038 2430; x_wconf 77' lang='grc' dir='ltr'>σοῖς</span> <span class='ocrx_word' id='word_1_184' title='bbox 1069 2356 1209 2434; x_wconf 81' lang='grc' dir='ltr'>μοσθνοις</span> <span class='ocrx_word' id='word_1_185' title='bbox 1240 2383 1337 2425; x_wconf 76' lang='lat' dir='ltr'><strong>aare·</strong></span> 
     </span>
     <span class='ocr_line' id='line_1_21' title="bbox 148 2460 1336 2546; baseline 0 -15"><span class='ocrx_word' id='word_1_186' title='bbox 148 2462 323 2537; x_wconf 73' lang='lat' dir='ltr'><strong>radlnrav.</strong></span> <span class='ocrx_word' id='word_1_187' title='bbox 370 2460 485 2527; x_wconf 82' lang='lat' dir='ltr'><strong>Fornnna</strong></span> <span class='ocrx_word' id='word_1_188' title='bbox 511 2460 674 2540; x_wconf 82' lang='grc' dir='ltr'>θμθσονος</span> <span class='ocrx_word' id='word_1_189' title='bbox 700 2480 757 2546; x_wconf 84' lang='lat' dir='ltr'><strong>pro</strong></span> <span class='ocrx_word' id='word_1_190' title='bbox 780 2462 794 2525; x_wconf 82' lang='lat' dir='ltr'><strong>i</strong></span> <span class='ocrx_word' id='word_1_191' title='bbox 817 2461 913 2540; x_wconf 84' lang='grc' dir='ltr'>μθσνν</span> <span class='ocrx_word' id='word_1_192' title='bbox 938 2463 970 2526; x_wconf 91' lang='lat' dir='ltr'><strong>in</strong></span> <span class='ocrx_word' id='word_1_193' title='bbox 995 2460 1224 2528; x_wconf 77' lang='lat' dir='ltr'><strong>Graeculorum</strong></span> <span class='ocrx_word' id='word_1_194' title='bbox 1250 2485 1336 2531; x_wconf 85' lang='lat' dir='ltr'><strong>cere·</strong></span> 
     </span>
     <span class='ocr_line' id='line_1_22' title="bbox 148 2564 1336 2653; baseline -0.001 -16"><span class='ocrx_word' id='word_1_195' title='bbox 148 2566 222 2637; x_wconf 72' lang='lat' dir='ltr'><strong>hir</strong></span> <span class='ocrx_word' id='word_1_196' title='bbox 242 2574 322 2635; x_wconf 86' lang='lat' dir='ltr'><strong>nata</strong></span> <span class='ocrx_word' id='word_1_197' title='bbox 344 2574 394 2633; x_wconf 87' lang='lat' dir='ltr'><strong>est</strong></span> <span class='ocrx_word' id='word_1_198' title='bbox 417 2575 450 2633; x_wconf 85' lang='lat' dir='ltr'><strong>et</strong></span> <span class='ocrx_word' id='word_1_199' title='bbox 474 2564 555 2632; x_wconf 87' lang='lat' dir='ltr'><strong>nihil</strong></span> <span class='ocrx_word' id='word_1_200' title='bbox 587 2573 690 2653; x_wconf 85' lang='lat' dir='ltr'><strong>potest</strong></span> <span class='ocrx_word' id='word_1_201' title='bbox 723 2584 792 2632; x_wconf 91' lang='lat' dir='ltr'><strong>esse</strong></span> <span class='ocrx_word' id='word_1_202' title='bbox 824 2567 972 2631; x_wconf 84' lang='lat' dir='ltr'><strong>inutilius</strong></span> <span class='ocrx_word' id='word_1_203' title='bbox 1005 2587 1100 2653; x_wconf 90' lang='lat' dir='ltr'><strong>quam</strong></span> <span class='ocrx_word' id='word_1_204' title='bbox 1133 2576 1182 2633; x_wconf 89' lang='lat' dir='ltr'><strong>est</strong></span> <span class='ocrx_word' id='word_1_205' title='bbox 1214 2569 1247 2634; x_wconf 90' lang='lat' dir='ltr'><strong>in</strong></span> <span class='ocrx_word' id='word_1_206' title='bbox 1277 2568 1336 2636; x_wconf 91' lang='lat' dir='ltr'><strong>hoc</strong></span> 
     </span>
     <span class='ocr_line' id='line_1_23' title="bbox 147 2670 1336 2760; baseline -0.002 -18"><span class='ocrx_word' id='word_1_207' title='bbox 147 2672 222 2742; x_wconf 76' lang='lat' dir='ltr'><strong>beu</strong></span> <span class='ocrx_word' id='word_1_208' title='bbox 256 2670 445 2739; x_wconf 81' lang='lat' dir='ltr'><strong>adverbium</strong></span> <span class='ocrx_word' id='word_1_209' title='bbox 477 2674 583 2737; x_wconf 77' lang='lat' dir='ltr'><strong>edroi.</strong></span> <span class='ocrx_word' id='word_1_210' title='bbox 641 2671 767 2737; x_wconf 84' lang='lat' dir='ltr'><strong>Partem</strong></span> <span class='ocrx_word' id='word_1_211' title='bbox 799 2672 865 2737; x_wconf 89' lang='lat' dir='ltr'><strong>veri</strong></span> <span class='ocrx_word' id='word_1_212' title='bbox 899 2670 978 2736; x_wconf 82' lang='lat' dir='ltr'><strong>vidit</strong></span> <span class='ocrx_word' id='word_1_213' title='bbox 1008 2672 1245 2749; x_wconf 88' lang='lat' dir='ltr'><strong>Buttmannus‚</strong></span> <span class='ocrx_word' id='word_1_214' title='bbox 1280 2676 1336 2760; x_wconf 92' lang='lat' dir='ltr'><strong>qul</strong></span> 
     </span>
     <span class='ocr_line' id='line_1_24' title="bbox 148 2774 1334 2862; baseline -0.001 -15"><span class='ocrx_word' id='word_1_215' title='bbox 148 2782 249 2847; x_wconf 78' lang='grc' dir='ltr'>ιῦποιῖ</span> <span class='ocrx_word' id='word_1_216' title='bbox 283 2778 340 2843; x_wconf 77' lang='grc' dir='ltr'><strong>σὺν</strong></span> <span class='ocrx_word' id='word_1_217' title='bbox 373 2784 437 2843; x_wconf 82' lang='grc' dir='ltr'>σοῖν</span> <span class='ocrx_word' id='word_1_218' title='bbox 469 2776 609 2856; x_wconf 84' lang='grc' dir='ltr'>μοσύνοιν</span> <span class='ocrx_word' id='word_1_219' title='bbox 647 2774 837 2862; x_wconf 81' lang='lat' dir='ltr'><strong>corrigebat.</strong></span> <span class='ocrx_word' id='word_1_220' title='bbox 896 2776 1048 2843; x_wconf 87' lang='lat' dir='ltr'><strong>Perlicies</strong></span> <span class='ocrx_word' id='word_1_221' title='bbox 1080 2776 1334 2846; x_wconf 76' lang='lat' dir='ltr'><strong>emendationem</strong></span> 
     </span>
     <span class='ocr_line' id='line_1_25' title="bbox 148 2881 1336 2969; baseline -0.004 -14"><span class='ocrx_word' id='word_1_222' title='bbox 148 2881 323 2955; x_wconf 62' lang='lat' dir='ltr'><strong>ffirlllolldo</strong></span> <span class='ocrx_word' id='word_1_223' title='bbox 348 2884 425 2949; x_wconf 64' lang='grc' dir='ltr'><strong>ἀλλ’</strong></span> <span class='ocrx_word' id='word_1_224' title='bbox 457 2884 592 2949; x_wconf 80' lang='grc' dir='ltr'>οιῦσοῖν</span> <span class='ocrx_word' id='word_1_225' title='bbox 624 2889 688 2947; x_wconf 84' lang='grc' dir='ltr'>τοῖν</span> <span class='ocrx_word' id='word_1_226' title='bbox 710 2882 849 2961; x_wconf 86' lang='grc' dir='ltr'>μοσθνοιν</span> <span class='ocrx_word' id='word_1_227' title='bbox 872 2884 1120 2957; x_wconf 67' lang='grc' dir='ltr'>κατεκαύθησαν.</span> <span class='ocrx_word' id='word_1_228' title='bbox 1169 2884 1336 2969; x_wconf 80' lang='lat' dir='ltr'><strong>Propriam</strong></span> 
     </span>
     <span class='ocr_line' id='line_1_26' title="bbox 149 2985 1454 3074; baseline -0.006 -13"><span class='ocrx_word' id='word_1_229' title='bbox 149 2988 261 3061; x_wconf 75' lang='lat' dir='ltr'><strong>redum</strong></span> <span class='ocrx_word' id='word_1_230' title='bbox 284 2986 381 3055; x_wconf 84' lang='lat' dir='ltr'><strong>habet</strong></span> <span class='ocrx_word' id='word_1_231' title='bbox 404 2986 464 3054; x_wconf 84' lang='lat' dir='ltr'><strong>hoc</strong></span> <span class='ocrx_word' id='word_1_232' title='bbox 494 2985 620 3053; x_wconf 88' lang='lat' dir='ltr'><strong>dicendi</strong></span> <span class='ocrx_word' id='word_1_233' title='bbox 648 3006 750 3071; x_wconf 76' lang='lat' dir='ltr'><strong>genus</strong></span> <span class='ocrx_word' id='word_1_234' title='bbox 774 2986 828 3052; x_wconf 88' lang='lat' dir='ltr'><strong>ubi</strong></span> <span class='ocrx_word' id='word_1_235' title='bbox 850 2986 956 3073; x_wconf 86' lang='lat' dir='ltr'><strong>aliqua</strong></span> <span class='ocrx_word' id='word_1_236' title='bbox 988 2985 1095 3052; x_wconf 86' lang='lat' dir='ltr'><strong>clades</strong></span> <span class='ocrx_word' id='word_1_237' title='bbox 1126 2996 1181 3052; x_wconf 91' lang='lat' dir='ltr'><strong>aut</strong></span> <span class='ocrx_word' id='word_1_238' title='bbox 1211 2998 1336 3074; x_wconf 81' lang='lat' dir='ltr'><strong>strages</strong></span> <span class='ocrx_word' id='word_1_239' title='bbox 1452 3031 1454 3035; x_wconf 63' lang='grc'><strong><em>«</em></strong></span> 
     </span>
     <span class='ocr_line' id='line_1_27' title="bbox 148 3090 1336 3183; baseline -0.003 -20"><span class='ocrx_word' id='word_1_240' title='bbox 148 3104 209 3163; x_wconf 79' lang='lat' dir='ltr'><strong>aut</strong></span> <span class='ocrx_word' id='word_1_241' title='bbox 230 3094 393 3183; x_wconf 82' lang='lat' dir='ltr'><strong>pernicies</strong></span> <span class='ocrx_word' id='word_1_242' title='bbox 413 3100 684 3160; x_wconf 86' lang='lat' dir='ltr'><strong>commemoratur</strong></span> <span class='ocrx_word' id='word_1_243' title='bbox 704 3090 743 3157; x_wconf 90' lang='lat' dir='ltr'><strong>dc</strong></span> <span class='ocrx_word' id='word_1_244' title='bbox 762 3092 824 3169; x_wconf 83' lang='lat' dir='ltr'><strong>iis,</strong></span> <span class='ocrx_word' id='word_1_245' title='bbox 848 3112 929 3177; x_wconf 85' lang='lat' dir='ltr'><strong>quae</strong></span> <span class='ocrx_word' id='word_1_246' title='bbox 950 3090 1046 3156; x_wconf 91' lang='lat' dir='ltr'><strong>simul</strong></span> <span class='ocrx_word' id='word_1_247' title='bbox 1068 3092 1218 3177; x_wconf 85' lang='lat' dir='ltr'><strong>periisse,</strong></span> <span class='ocrx_word' id='word_1_248' title='bbox 1242 3102 1336 3180; x_wconf 82' lang='lat' dir='ltr'><strong>capta</strong></span> 
     </span>
     <span class='ocr_line' id='line_1_28' title="bbox 149 3195 1334 3279; baseline -0.008 -7"><span class='ocrx_word' id='word_1_249' title='bbox 149 3208 211 3271; x_wconf 69' lang='lat' dir='ltr'><strong>tul</strong></span> <span class='ocrx_word' id='word_1_250' title='bbox 236 3198 387 3267; x_wconf 68' lang='lat' dir='ltr'><strong>{boemia</strong></span> <span class='ocrx_word' id='word_1_251' title='bbox 422 3218 492 3265; x_wconf 82' lang='lat' dir='ltr'><strong>esse</strong></span> <span class='ocrx_word' id='word_1_252' title='bbox 519 3195 688 3262; x_wconf 80' lang='lat' dir='ltr'><strong>dicanlur:</strong></span> <span class='ocrx_word' id='word_1_253' title='bbox 722 3200 836 3273; x_wconf 76' lang='grc' dir='ltr'>ἡνιοῖις</span> <span class='ocrx_word' id='word_1_254' title='bbox 871 3200 976 3269; x_wconf 82' lang='grc' dir='ltr'>οοὺσοῖς</span> <span class='ocrx_word' id='word_1_255' title='bbox 1006 3197 1132 3276; x_wconf 77' lang='grc' dir='ltr'>οὶνδριθσι</span> <span class='ocrx_word' id='word_1_256' title='bbox 1163 3198 1334 3279; x_wconf 69' lang='grc' dir='ltr'>διεφθάρη,</span> 
     </span>
     <span class='ocr_line' id='line_1_29' title="bbox 147 3298 1335 3391; baseline -0.003 -18"><span class='ocrx_word' id='word_1_257' title='bbox 147 3306 236 3391; x_wconf 56' lang='lat' dir='ltr'><strong>adn&amp;</strong></span> <span class='ocrx_word' id='word_1_258' title='bbox 266 3306 309 3387; x_wconf 69' lang='grc' dir='ltr'><strong>τῶ</strong></span> <span class='ocrx_word' id='word_1_259' title='bbox 332 3302 417 3389; x_wconf 72' lang='grc' dir='ltr'>ἵππῳ</span> <span class='ocrx_word' id='word_1_260' title='bbox 444 3304 611 3379; x_wconf 74' lang='grc' dir='ltr'>οὶπιθλετο,</span> <span class='ocrx_word' id='word_1_261' title='bbox 633 3304 717 3384; x_wconf 81' lang='grc' dir='ltr'>οιθτῷ</span> <span class='ocrx_word' id='word_1_262' title='bbox 740 3304 781 3382; x_wconf 82' lang='grc' dir='ltr'><strong>τῷ</strong></span> <span class='ocrx_word' id='word_1_263' title='bbox 806 3298 924 3382; x_wconf 74' lang='grc' dir='ltr'>θέρμοιτι</span> <span class='ocrx_word' id='word_1_264' title='bbox 955 3301 1129 3378; x_wconf 80' lang='grc' dir='ltr'>κοισεπθθν,</span> <span class='ocrx_word' id='word_1_265' title='bbox 1162 3311 1193 3367; x_wconf 86' lang='lat' dir='ltr'><strong>et</strong></span> <span class='ocrx_word' id='word_1_266' title='bbox 1218 3308 1250 3369; x_wconf 91' lang='lat' dir='ltr'><strong>in</strong></span> <span class='ocrx_word' id='word_1_267' title='bbox 1276 3303 1335 3369; x_wconf 84' lang='lat' dir='ltr'><strong>lla·</strong></span> 
     </span>
     <span class='ocr_line' id='line_1_30' title="bbox 148 3412 312 3485; baseline -0.055 0"><span class='ocrx_word' id='word_1_268' title='bbox 148 3412 202 3485; x_wconf 73' lang='lat' dir='ltr'><strong>lli!</strong></span> <span class='ocrx_word' id='word_1_269' title='bbox 224 3412 312 3479; x_wconf 75' lang='lat' dir='ltr'><strong>uuo:</strong></span> 
     </span>
    </p>

    <p class='ocr_par' dir='ltr' id='par_1_6' title="bbox 144 3510 1333 3823">
     <span class='ocr_line' id='line_1_31' title="bbox 333 3510 1054 3593; baseline -0.004 -12"><span class='ocrx_word' id='word_1_270' title='bbox 333 3512 365 3582; x_wconf 74' lang='lat' dir='ltr'><strong>de</strong></span> <span class='ocrx_word' id='word_1_271' title='bbox 387 3510 474 3589; x_wconf 82' lang='grc' dir='ltr'>οὗτος</span> <span class='ocrx_word' id='word_1_272' title='bbox 496 3517 601 3589; x_wconf 70' lang='lat' dir='ltr'><strong>adroic</strong></span> <span class='ocrx_word' id='word_1_273' title='bbox 624 3522 688 3585; x_wconf 80' lang='grc' dir='ltr'>σοῖς</span> <span class='ocrx_word' id='word_1_274' title='bbox 712 3512 858 3593; x_wconf 65' lang='lat' dir='ltr'><strong>eandoem</strong></span> <span class='ocrx_word' id='word_1_275' title='bbox 882 3514 1054 3589; x_wconf 73' lang='grc' dir='ltr'>κοσήσθιεν.</span> 
     </span>
     <span class='ocr_line' id='line_1_32' title="bbox 146 3616 1333 3707; baseline -0.006 -14"><span class='ocrx_word' id='word_1_276' title='bbox 146 3644 212 3693; x_wconf 88' lang='lat' dir='ltr'><strong>uon</strong></span> <span class='ocrx_word' id='word_1_277' title='bbox 232 3620 330 3691; x_wconf 75' lang='lat' dir='ltr'><strong>facile</strong></span> <span class='ocrx_word' id='word_1_278' title='bbox 350 3619 473 3687; x_wconf 78' lang='lat' dir='ltr'><strong>ridebis</strong></span> <span class='ocrx_word' id='word_1_279' title='bbox 496 3637 690 3707; x_wconf 87' lang='lat' dir='ltr'><strong>quemquam</strong></span> <span class='ocrx_word' id='word_1_280' title='bbox 711 3617 882 3695; x_wconf 84' lang='lat' dir='ltr'><strong>Veterum,</strong></span> <span class='ocrx_word' id='word_1_281' title='bbox 906 3619 961 3704; x_wconf 89' lang='lat' dir='ltr'><strong>qni</strong></span> <span class='ocrx_word' id='word_1_282' title='bbox 987 3618 1104 3683; x_wconf 84' lang='lat' dir='ltr'><strong>talibus</strong></span> <span class='ocrx_word' id='word_1_283' title='bbox 1127 3616 1223 3684; x_wconf 87' lang='lat' dir='ltr'><strong>addat</strong></span> <span class='ocrx_word' id='word_1_284' title='bbox 1246 3640 1333 3706; x_wconf 79' lang='lat' dir='ltr'><strong>prae·</strong></span> 
     </span>
     <span class='ocr_line' id='line_1_33' title="bbox 144 3724 525 3823; baseline -0.01 -26"><span class='ocrx_word' id='word_1_285' title='bbox 144 3727 341 3823; x_wconf 62' lang='lat' dir='ltr'><strong>unitionem</strong></span> <span class='ocrx_word' id='word_1_286' title='bbox 366 3724 525 3793; x_wconf 91' lang='lat' dir='ltr'><strong>inutilem.</strong></span> 
     </span>
    </p>

    <p class='ocr_par' dir='ltr' id='par_1_7' title="bbox 112 3828 1332 4133">
     <span class='ocr_line' id='line_1_34' title="bbox 112 3828 1330 3905; baseline -0.002 -10"><span class='ocrx_word' id='word_1_287' title='bbox 112 3890 115 3895; x_wconf 90' lang='lat'>.</span> <span class='ocrx_word' id='word_1_288' title='bbox 190 3830 325 3905; x_wconf 77' lang='lat' dir='ltr'><strong>Felellil</strong></span> <span class='ocrx_word' id='word_1_289' title='bbox 348 3850 427 3897; x_wconf 88' lang='lat' dir='ltr'><strong>usus</strong></span> <span class='ocrx_word' id='word_1_290' title='bbox 454 3830 606 3898; x_wconf 83' lang='lat' dir='ltr'><strong>Veterum</strong></span> <span class='ocrx_word' id='word_1_291' title='bbox 632 3828 798 3895; x_wconf 80' lang='lat' dir='ltr'><strong>Aelianum</strong></span> <span class='ocrx_word' id='word_1_292' title='bbox 832 3830 863 3893; x_wconf 96' lang='lat' dir='ltr'><strong>in</strong></span> <span class='ocrx_word' id='word_1_293' title='bbox 896 3829 977 3897; x_wconf 88' lang='lat' dir='ltr'><strong>llist.</strong></span> <span class='ocrx_word' id='word_1_294' title='bbox 1010 3828 1147 3896; x_wconf 79' lang='lat' dir='ltr'><strong>Animal.</strong></span> <span class='ocrx_word' id='word_1_295' title='bbox 1171 3829 1252 3895; x_wconf 89' lang='lat' dir='ltr'><strong>XIV.</strong></span> <span class='ocrx_word' id='word_1_296' title='bbox 1280 3836 1330 3893; x_wconf 90' lang='grc'><strong>11.</strong></span> 
     </span>
     <span class='ocr_line' id='line_1_35' title="bbox 144 3931 1332 4031; baseline -0.011 -22"><span class='ocrx_word' id='word_1_297' title='bbox 144 3940 203 4031; x_wconf 70' lang='lat' dir='ltr'><strong>qul</strong></span> <span class='ocrx_word' id='word_1_298' title='bbox 231 3958 338 4027; x_wconf 76' lang='lat' dir='ltr'><strong>quum</strong></span> <span class='ocrx_word' id='word_1_299' title='bbox 363 3935 495 4003; x_wconf 75' lang='lat' dir='ltr'><strong>dixisset</strong></span> <span class='ocrx_word' id='word_1_300' title='bbox 518 3943 686 4018; x_wconf 79' lang='grc' dir='ltr'>ποοοοπεοεῖ</span> <span class='ocrx_word' id='word_1_301' title='bbox 706 3936 790 4015; x_wconf 78' lang='grc' dir='ltr'><em>αὐτῷ</em></span> <span class='ocrx_word' id='word_1_302' title='bbox 821 3934 904 4016; x_wconf 77' lang='grc' dir='ltr'>ἵππῳ</span> <span class='ocrx_word' id='word_1_303' title='bbox 936 3934 1062 4024; x_wconf 87' lang='lat' dir='ltr'><strong>(villose</strong></span> <span class='ocrx_word' id='word_1_304' title='bbox 1092 3931 1183 3999; x_wconf 89' lang='lat' dir='ltr'><strong>codd.</strong></span> <span class='ocrx_word' id='word_1_305' title='bbox 1216 3957 1332 4013; x_wconf 74' lang='grc' dir='ltr'>προσοι·</span> 
     </span>
     <span class='ocr_line' id='line_1_36' title="bbox 142 4037 1096 4133; baseline -0.015 -17"><span class='ocrx_word' id='word_1_306' title='bbox 142 4042 282 4133; x_wconf 73' lang='grc' dir='ltr'>σεθμιν)</span> <span class='ocrx_word' id='word_1_307' title='bbox 307 4039 370 4109; x_wconf 83' lang='lat' dir='ltr'><strong>sibi</strong></span> <span class='ocrx_word' id='word_1_308' title='bbox 394 4040 558 4127; x_wconf 77' lang='lat' dir='ltr'><strong>elegantur</strong></span> <span class='ocrx_word' id='word_1_309' title='bbox 581 4040 752 4107; x_wconf 87' lang='lat' dir='ltr'><strong>admodum</strong></span> <span class='ocrx_word' id='word_1_310' title='bbox 776 4038 894 4106; x_wconf 84' lang='lat' dir='ltr'><strong>dixisse</strong></span> <span class='ocrx_word' id='word_1_311' title='bbox 919 4037 1096 4105; x_wconf 87' lang='lat' dir='ltr'><strong>videbatur.</strong></span> 
     </span>
    </p>

    <p class='ocr_par' dir='ltr' id='par_1_8' title="bbox 188 4140 1332 4225">
     <span class='ocr_line' id='line_1_37' title="bbox 188 4140 1332 4225; baseline -0.01 -6"><span class='ocrx_word' id='word_1_312' title='bbox 188 4150 243 4221; x_wconf 81' lang='lat' dir='ltr'><strong>ln&#39;</strong></span> <span class='ocrx_word' id='word_1_313' title='bbox 262 4146 385 4217; x_wconf 77' lang='lat' dir='ltr'><strong>Hellen.</strong></span> <span class='ocrx_word' id='word_1_314' title='bbox 405 4145 473 4213; x_wconf 91' lang='lat' dir='ltr'><strong>Vll.</strong></span> <span class='ocrx_word' id='word_1_315' title='bbox 497 4168 527 4211; x_wconf 77' lang='lat' dir='ltr'><strong>v.</strong></span> <span class='ocrx_word' id='word_1_316' title='bbox 556 4152 607 4213; x_wconf 84' lang='lat' dir='ltr'><strong>lli.</strong></span> <span class='ocrx_word' id='word_1_317' title='bbox 637 4147 918 4221; x_wconf 74' lang='grc' dir='ltr'>ἐδειπνοποιήσαντο</span> <span class='ocrx_word' id='word_1_318' title='bbox 942 4145 999 4225; x_wconf 76' lang='grc' dir='ltr'><strong>μὲν</strong></span> <span class='ocrx_word' id='word_1_319' title='bbox 1022 4146 1053 4210; x_wconf 81' lang='grc' dir='ltr'><strong>ἐν</strong></span> <span class='ocrx_word' id='word_1_320' title='bbox 1076 4146 1186 4225; x_wconf 74' lang='grc' dir='ltr'>Ἰσθμῷ</span> <span class='ocrx_word' id='word_1_321' title='bbox 1211 4140 1332 4207; x_wconf 84' lang='lat' dir='ltr'><strong>lralall·</strong></span> 
     </span>
    </p>
   </div>
   <div class='ocr_carea' id='block_1_3' title="bbox 139 4245 1333 4397">
    <p class='ocr_par' dir='ltr' id='par_1_9' title="bbox 139 4245 1333 4397">
     <span class='ocr_line' id='line_1_38' title="bbox 139 4245 1333 4341; baseline -0.013 -13"><span class='ocrx_word' id='word_1_322' title='bbox 139 4254 300 4327; x_wconf 77' lang='lat' dir='ltr'><strong>cicuitio</strong></span> <span class='ocrx_word' id='word_1_323' title='bbox 318 4254 477 4341; x_wconf 84' lang='lat' dir='ltr'><strong>scriptum</strong></span> <span class='ocrx_word' id='word_1_324' title='bbox 498 4262 545 4319; x_wconf 86' lang='lat' dir='ltr'><strong>est</strong></span> <span class='ocrx_word' id='word_1_325' title='bbox 567 4272 624 4339; x_wconf 83' lang='lat' dir='ltr'><strong>pro</strong></span> <span class='ocrx_word' id='word_1_326' title='bbox 647 4255 705 4331; x_wconf 82' lang='grc' dir='ltr'><strong>μὲν</strong></span> <span class='ocrx_word' id='word_1_327' title='bbox 724 4255 850 4331; x_wconf 81' lang='grc' dir='ltr'>Ἰσθμοῖ.</span> <span class='ocrx_word' id='word_1_328' title='bbox 899 4252 934 4316; x_wconf 96' lang='lat' dir='ltr'><strong>ln</strong></span> <span class='ocrx_word' id='word_1_329' title='bbox 960 4256 1126 4337; x_wconf 77' lang='lat' dir='ltr'><strong>poetarum</strong></span> <span class='ocrx_word' id='word_1_330' title='bbox 1149 4246 1226 4313; x_wconf 90' lang='lat' dir='ltr'><strong>loeis</strong></span> <span class='ocrx_word' id='word_1_331' title='bbox 1246 4245 1333 4313; x_wconf 79' lang='lat' dir='ltr'><strong>fraus</strong></span> 
     </span>
     <span class='ocr_line' id='line_1_39' title="bbox 1079 4360 1105 4397; baseline -0.077 0"><span class='ocrx_word' id='word_1_332' title='bbox 1079 4360 1105 4397; x_wconf 71' lang='lat'><strong>25</strong></span> 
     </span>
    </p>
   </div>
   <div class='ocr_carea' id='block_1_4' title="bbox 0 0 1474 5010">
    <p class='ocr_par' dir='ltr' id='par_1_10' title="bbox 0 0 1474 5010">
     <span class='ocr_line' id='line_1_40' title="bbox 0 0 1474 5010; baseline 0 3"><span class='ocrx_word' id='word_1_333' title='bbox 0 0 1474 5010; x_wconf 95' lang='lat' dir='ltr'><strong> </strong></span> 
     </span>
    </p>
   </div>
  </div>
 </body>
</html>
