<?xml version="1.0" encoding="UTF-8"?>
<!DOCTYPE html PUBLIC "-//W3C//DTD XHTML 1.0 Transitional//EN"
    "http://www.w3.org/TR/xhtml1/DTD/xhtml1-transitional.dtd">
<html xmlns="http://www.w3.org/1999/xhtml" xml:lang="en" lang="en">
 <head>
  <title>
</title>
<meta http-equiv="Content-Type" content="text/html;charset=utf-8" />
  <meta name='ocr-system' content='tesseract 3.04.00' />
  <meta name='ocr-capabilities' content='ocr_page ocr_carea ocr_par ocr_line ocrx_word'/>
</head>
<body>
  <div class='ocr_page' id='page_1' title='image "./novaelectionesq00cobegoog/novaelectionesq00cobegoog_0767.png"; bbox 0 0 2940 5010; ppageno 0'>
   <div class='ocr_carea' id='block_1_1' title="bbox 711 272 774 371">
    <p class='ocr_par' dir='ltr' id='par_1_1' title="bbox 711 272 774 371">
     <span class='ocr_line' id='line_1_1' title="bbox 711 272 774 371; baseline 0.032 -39"><span class='ocrx_word' id='word_1_1' title='bbox 711 272 774 371; x_wconf 69' lang='grc' dir='ltr'><strong>7ξί</strong></span> 
     </span>
    </p>
   </div>
   <div class='ocr_carea' id='block_1_2' title="bbox 145 441 1364 1273">
    <p class='ocr_par' dir='ltr' id='par_1_2' title="bbox 283 441 1114 530">
     <span class='ocr_line' id='line_1_2' title="bbox 283 441 1114 530; baseline 0.002 -18"><span class='ocrx_word' id='word_1_2' title='bbox 283 447 324 512; x_wconf 84' lang='grc' dir='ltr'><strong>Αἰ</strong></span> <span class='ocrx_word' id='word_1_3' title='bbox 347 443 386 510; x_wconf 83' lang='grc' dir='ltr'><strong>τὺ</strong></span> <span class='ocrx_word' id='word_1_4' title='bbox 409 444 486 523; x_wconf 76' lang='grc' dir='ltr'><strong><em>ἐμοῦ</em></strong></span> <span class='ocrx_word' id='word_1_5' title='bbox 509 443 635 523; x_wconf 77' lang='grc' dir='ltr'><strong><em>Λιβύαν</em></strong></span> <span class='ocrx_word' id='word_1_6' title='bbox 657 445 857 530; x_wconf 68' lang='grc' dir='ltr'><strong>μαλοτρόφον</strong></span> <span class='ocrx_word' id='word_1_7' title='bbox 878 441 963 522; x_wconf 70' lang='grc' dir='ltr'><strong><em>οἶδας</em></strong></span> <span class='ocrx_word' id='word_1_8' title='bbox 986 446 1114 529; x_wconf 69' lang='grc' dir='ltr'><strong><em>ἄμεινον</em></strong></span> 
     </span>
    </p>

    <p class='ocr_par' dir='ltr' id='par_1_3' title="bbox 145 548 1364 1273">
     <span class='ocr_line' id='line_1_3' title="bbox 283 548 1131 635; baseline 0.008 -21"><span class='ocrx_word' id='word_1_9' title='bbox 283 552 327 628; x_wconf 75' lang='grc' dir='ltr'><strong>μη</strong></span> <span class='ocrx_word' id='word_1_10' title='bbox 352 551 443 615; x_wconf 75' lang='grc' dir='ltr'><strong><em>ἐλθών</em></strong></span> <span class='ocrx_word' id='word_1_11' title='bbox 467 548 625 625; x_wconf 78' lang='grc' dir='ltr'><strong><em>ἐλθόντος.</em></strong></span> <span class='ocrx_word' id='word_1_12' title='bbox 649 548 736 628; x_wconf 72' lang='grc' dir='ltr'><strong><em>ἄγαν</em></strong></span> <span class='ocrx_word' id='word_1_13' title='bbox 760 550 890 630; x_wconf 72' lang='grc' dir='ltr'><strong><em>ἄγαμαι</em></strong></span> <span class='ocrx_word' id='word_1_14' title='bbox 913 554 1029 635; x_wconf 85' lang='grc' dir='ltr'><strong><em>σοφίαν</em></strong></span> <span class='ocrx_word' id='word_1_15' title='bbox 1051 578 1131 633; x_wconf 78' lang='grc' dir='ltr'><strong><em>σου,</em></strong></span> 
     </span>
     <span class='ocr_line' id='line_1_4' title="bbox 148 656 1321 745; baseline 0.008 -24"><span class='ocrx_word' id='word_1_16' title='bbox 148 656 236 745; x_wconf 86' lang='lat' dir='ltr'><strong>(nam</strong></span> <span class='ocrx_word' id='word_1_17' title='bbox 261 656 330 733; x_wconf 85' lang='lat' dir='ltr'><strong>sic,</strong></span> <span class='ocrx_word' id='word_1_18' title='bbox 367 676 428 720; x_wconf 90' lang='lat' dir='ltr'><strong>non</strong></span> <span class='ocrx_word' id='word_1_19' title='bbox 453 656 576 735; x_wconf 80' lang='grc' dir='ltr'><strong><em>Λιβύην</em></strong></span> <span class='ocrx_word' id='word_1_20' title='bbox 599 658 795 740; x_wconf 71' lang='grc' dir='ltr'><strong><em>μηλοτρόφον</em></strong></span> <span class='ocrx_word' id='word_1_21' title='bbox 819 666 852 723; x_wconf 87' lang='lat' dir='ltr'><strong>el</strong></span> <span class='ocrx_word' id='word_1_22' title='bbox 875 660 986 741; x_wconf 90' lang='grc' dir='ltr'><strong><em>σοφίην</em></strong></span> <span class='ocrx_word' id='word_1_23' title='bbox 1009 660 1043 725; x_wconf 86' lang='lat' dir='ltr'><strong>in</strong></span> <span class='ocrx_word' id='word_1_24' title='bbox 1066 657 1202 727; x_wconf 76' lang='lat' dir='ltr'><strong>oraculo</strong></span> <span class='ocrx_word' id='word_1_25' title='bbox 1221 660 1321 731; x_wconf 69' lang='lat' dir='ltr'><strong>[leiim</strong></span> 
     </span>
     <span class='ocr_line' id='line_1_5' title="bbox 146 760 1321 851; baseline 0.007 -24"><span class='ocrx_word' id='word_1_26' title='bbox 146 761 233 827; x_wconf 85' lang='lat' dir='ltr'><strong>edito</strong></span> <span class='ocrx_word' id='word_1_27' title='bbox 255 760 474 849; x_wconf 85' lang='lat' dir='ltr'><strong>scribendum)</strong></span> <span class='ocrx_word' id='word_1_28' title='bbox 501 770 533 827; x_wconf 87' lang='lat' dir='ltr'><strong>et</strong></span> <span class='ocrx_word' id='word_1_29' title='bbox 556 762 603 827; x_wconf 92' lang='lat' dir='ltr'><strong>sic</strong></span> <span class='ocrx_word' id='word_1_30' title='bbox 627 782 720 849; x_wconf 81' lang='lat' dir='ltr'><strong>saepe</strong></span> <span class='ocrx_word' id='word_1_31' title='bbox 745 762 848 829; x_wconf 80' lang='lat' dir='ltr'><strong>solent</strong></span> <span class='ocrx_word' id='word_1_32' title='bbox 868 765 924 849; x_wconf 78' lang='lat' dir='ltr'><strong>qui</strong></span> <span class='ocrx_word' id='word_1_33' title='bbox 948 766 1146 851; x_wconf 69' lang='lat' dir='ltr'><strong>exquisitius</strong></span> <span class='ocrx_word' id='word_1_34' title='bbox 1167 766 1321 849; x_wconf 83' lang='lat' dir='ltr'><strong>serilonl,</strong></span> 
     </span>
     <span class='ocr_line' id='line_1_6' title="bbox 147 866 1322 954; baseline 0.009 -22"><span class='ocrx_word' id='word_1_35' title='bbox 147 866 237 933; x_wconf 89' lang='lat' dir='ltr'><strong>Plato</strong></span> <span class='ocrx_word' id='word_1_36' title='bbox 260 878 334 933; x_wconf 88' lang='lat' dir='ltr'><strong>ante</strong></span> <span class='ocrx_word' id='word_1_37' title='bbox 355 886 476 932; x_wconf 90' lang='lat' dir='ltr'><strong>onmes.</strong></span> <span class='ocrx_word' id='word_1_38' title='bbox 524 867 799 948; x_wconf 82' lang='lat' dir='ltr'><strong>Quemadmodum</strong></span> <span class='ocrx_word' id='word_1_39' title='bbox 834 870 936 954; x_wconf 82' lang='lat' dir='ltr'><strong>igitur</strong></span> <span class='ocrx_word' id='word_1_40' title='bbox 964 871 997 935; x_wconf 93' lang='lat' dir='ltr'><strong>in</strong></span> <span class='ocrx_word' id='word_1_41' title='bbox 1028 870 1083 937; x_wconf 91' lang='lat' dir='ltr'><strong>illa</strong></span> <span class='ocrx_word' id='word_1_42' title='bbox 1106 869 1212 939; x_wconf 81' lang='lat' dir='ltr'><strong>forma</strong></span> <span class='ocrx_word' id='word_1_43' title='bbox 1232 873 1322 943; x_wconf 81' lang='lat' dir='ltr'><strong>additi</strong></span> 
     </span>
     <span class='ocr_line' id='line_1_7' title="bbox 146 972 1323 1065; baseline 0.008 -26"><span class='ocrx_word' id='word_1_44' title='bbox 146 973 275 1039; x_wconf 73' lang='lat' dir='ltr'><strong>articuli</strong></span> <span class='ocrx_word' id='word_1_45' title='bbox 300 975 477 1039; x_wconf 83' lang='lat' dir='ltr'><strong>orationem</strong></span> <span class='ocrx_word' id='word_1_46' title='bbox 508 974 663 1039; x_wconf 89' lang='lat' dir='ltr'><strong>soloecam</strong></span> <span class='ocrx_word' id='word_1_47' title='bbox 686 972 850 1052; x_wconf 87' lang='lat' dir='ltr'><strong>efficiunt,</strong></span> <span class='ocrx_word' id='word_1_48' title='bbox 884 977 931 1042; x_wconf 89' lang='lat' dir='ltr'><strong>sic</strong></span> <span class='ocrx_word' id='word_1_49' title='bbox 955 977 988 1042; x_wconf 91' lang='lat' dir='ltr'><strong>in</strong></span> <span class='ocrx_word' id='word_1_50' title='bbox 1012 975 1074 1043; x_wconf 85' lang='lat' dir='ltr'><strong>hec</strong></span> <span class='ocrx_word' id='word_1_51' title='bbox 1098 998 1239 1065; x_wconf 83' lang='lat' dir='ltr'><strong>quoque.</strong></span> <span class='ocrx_word' id='word_1_52' title='bbox 1281 978 1323 1049; x_wconf 77' lang='grc' dir='ltr'><strong>Ει</strong></span> 
     </span>
     <span class='ocr_line' id='line_1_8' title="bbox 145 1079 1324 1173; baseline 0.007 -28"><span class='ocrx_word' id='word_1_53' title='bbox 145 1079 198 1145; x_wconf 86' lang='lat' dir='ltr'><strong>lris</strong></span> <span class='ocrx_word' id='word_1_54' title='bbox 228 1081 348 1166; x_wconf 89' lang='lat' dir='ltr'><strong>nplime</strong></span> <span class='ocrx_word' id='word_1_55' title='bbox 388 1079 552 1146; x_wconf 91' lang='lat' dir='ltr'><strong>emendari</strong></span> <span class='ocrx_word' id='word_1_56' title='bbox 591 1082 708 1166; x_wconf 88' lang='lat' dir='ltr'><strong>poterit</strong></span> <span class='ocrx_word' id='word_1_57' title='bbox 745 1081 834 1147; x_wconf 90' lang='lat' dir='ltr'><strong>locus</strong></span> <span class='ocrx_word' id='word_1_58' title='bbox 870 1081 1012 1147; x_wconf 87' lang='lat' dir='ltr'><strong>Platonis</strong></span> <span class='ocrx_word' id='word_1_59' title='bbox 1051 1083 1086 1149; x_wconf 88' lang='lat' dir='ltr'><strong>in</strong></span> <span class='ocrx_word' id='word_1_60' title='bbox 1129 1083 1324 1173; x_wconf 70' lang='lat' dir='ltr'><strong>Euthynous</strong></span> 
     </span>
     <span class='ocr_line' id='line_1_9' title="bbox 145 1186 1364 1273; baseline 0.006 -21"><span class='ocrx_word' id='word_1_61' title='bbox 145 1206 218 1273; x_wconf 79' lang='lat' dir='ltr'><strong>pag.</strong></span> <span class='ocrx_word' id='word_1_62' title='bbox 244 1191 319 1252; x_wconf 71' lang='lat'><strong>⁰295.</strong></span> <span class='ocrx_word' id='word_1_63' title='bbox 344 1186 381 1251; x_wconf 84' lang='grc' dir='ltr'><strong>Ε.</strong></span> <span class='ocrx_word' id='word_1_64' title='bbox 408 1186 461 1251; x_wconf 91' lang='lat' dir='ltr'><strong>ubi</strong></span> <span class='ocrx_word' id='word_1_65' title='bbox 486 1186 613 1251; x_wconf 88' lang='lat' dir='ltr'><strong>editur:</strong></span> <span class='ocrx_word' id='word_1_66' title='bbox 649 1188 687 1252; x_wconf 84' lang='grc' dir='ltr'><strong>σὺ</strong></span> <span class='ocrx_word' id='word_1_67' title='bbox 710 1188 774 1266; x_wconf 72' lang='grc' dir='ltr'><strong>γὰρ</strong></span> <span class='ocrx_word' id='word_1_68' title='bbox 798 1186 923 1261; x_wconf 81' lang='grc' dir='ltr'><strong><em>τοίντος</em></strong></span> <span class='ocrx_word' id='word_1_69' title='bbox 947 1212 1006 1254; x_wconf 91' lang='grc' dir='ltr'><strong>του</strong></span> <span class='ocrx_word' id='word_1_70' title='bbox 1029 1188 1164 1257; x_wconf 86' lang='grc' dir='ltr'><strong><em>κοίλλιον</em></strong></span> <span class='ocrx_word' id='word_1_71' title='bbox 1185 1192 1324 1261; x_wconf 67' lang='lat' dir='ltr'><strong>satem</strong></span> <span class='ocrx_word' id='word_1_72' title='bbox 1362 1212 1364 1225; x_wconf 89' lang='grc'><strong><em>·</em></strong></span> 
     </span>
    </p>
   </div>
   <div class='ocr_carea' id='block_1_3' title="bbox 19 1291 1364 1380">
    <p class='ocr_par' dir='ltr' id='par_1_4' title="bbox 19 1291 1364 1380">
     <span class='ocr_line' id='line_1_10' title="bbox 19 1291 1364 1380; baseline 0.004 -23"><span class='ocrx_word' id='word_1_73' title='bbox 19 1320 22 1327; x_wconf 96' lang='grc'><strong><em>·</em></strong></span> <span class='ocrx_word' id='word_1_74' title='bbox 144 1293 346 1370; x_wconf 67' lang='grc' dir='ltr'><strong>διαλέγεσθον</strong></span> <span class='ocrx_word' id='word_1_75' title='bbox 381 1293 412 1377; x_wconf 73' lang='grc' dir='ltr'><strong>[θη</strong></span> <span class='ocrx_word' id='word_1_76' title='bbox 444 1292 519 1380; x_wconf 77' lang='grc' dir='ltr'><strong>ἐγὼ]</strong></span> <span class='ocrx_word' id='word_1_77' title='bbox 547 1291 661 1372; x_wconf 77' lang='grc' dir='ltr'><strong><em>τέχνην</em></strong></span> <span class='ocrx_word' id='word_1_78' title='bbox 681 1292 775 1375; x_wconf 71' lang='grc' dir='ltr'><strong>Ιἔχων</strong></span> <span class='ocrx_word' id='word_1_79' title='bbox 798 1294 915 1359; x_wconf 86' lang='grc' dir='ltr'><strong><em>ἰδιώτου</em></strong></span> <span class='ocrx_word' id='word_1_80' title='bbox 937 1294 1105 1376; x_wconf 73' lang='grc' dir='ltr'><strong><em>ανθρώπου.</em></strong></span> <span class='ocrx_word' id='word_1_81' title='bbox 1153 1294 1326 1363; x_wconf 69' lang='lat' dir='ltr'><strong>Emenda-</strong></span> <span class='ocrx_word' id='word_1_82' title='bbox 1362 1306 1364 1311; x_wconf 86' lang='lat'>&#39;</span> 
     </span>
    </p>
   </div>
   <div class='ocr_carea' id='block_1_4' title="bbox 136 1396 1329 4442">
    <p class='ocr_par' dir='ltr' id='par_1_5' title="bbox 143 1396 1327 1795">
     <span class='ocr_line' id='line_1_11' title="bbox 146 1396 1325 1481; baseline 0.006 -19"><span class='ocrx_word' id='word_1_83' title='bbox 146 1397 222 1462; x_wconf 90' lang='lat' dir='ltr'><strong>dum</strong></span> <span class='ocrx_word' id='word_1_84' title='bbox 256 1406 305 1463; x_wconf 89' lang='lat' dir='ltr'><strong>esl</strong></span> <span class='ocrx_word' id='word_1_85' title='bbox 338 1398 376 1462; x_wconf 82' lang='grc' dir='ltr'><strong>σὺ</strong></span> <span class='ocrx_word' id='word_1_86' title='bbox 411 1398 474 1477; x_wconf 68' lang='grc' dir='ltr'><strong>γὰρ</strong></span> <span class='ocrx_word' id='word_1_87' title='bbox 508 1396 633 1470; x_wconf 70' lang='lat' dir='ltr'><strong>adurae</strong></span> <span class='ocrx_word' id='word_1_88' title='bbox 671 1398 762 1476; x_wconf 71' lang='grc' dir='ltr'><strong><em>ἐμοῦ</em></strong></span> <span class='ocrx_word' id='word_1_89' title='bbox 797 1398 926 1465; x_wconf 82' lang='grc' dir='ltr'><strong><em>κοθλλιον</em></strong></span> <span class='ocrx_word' id='word_1_90' title='bbox 963 1400 1097 1467; x_wconf 82' lang='grc' dir='ltr'><strong><em>δύνασαι</em></strong></span> <span class='ocrx_word' id='word_1_91' title='bbox 1131 1400 1325 1481; x_wconf 68' lang='grc' dir='ltr'><strong><em>διαλέγεσθαι</em></strong></span> 
     </span>
     <span class='ocr_line' id='line_1_12' title="bbox 145 1501 1327 1591; baseline 0.003 -21"><span class='ocrx_word' id='word_1_92' title='bbox 145 1504 258 1585; x_wconf 78' lang='grc' dir='ltr'><strong><em>τέχνην</em></strong></span> <span class='ocrx_word' id='word_1_93' title='bbox 280 1504 361 1586; x_wconf 80' lang='grc' dir='ltr'><strong><em>ἔχων</em></strong></span> <span class='ocrx_word' id='word_1_94' title='bbox 381 1504 497 1568; x_wconf 78' lang='grc' dir='ltr'><strong><em>ἰδιώτου</em></strong></span> <span class='ocrx_word' id='word_1_95' title='bbox 515 1504 679 1583; x_wconf 86' lang='grc' dir='ltr'><strong><em>οἰνθρώτου.</em></strong></span> <span class='ocrx_word' id='word_1_96' title='bbox 728 1503 810 1583; x_wconf 86' lang='lat' dir='ltr'><strong>Quid</strong></span> <span class='ocrx_word' id='word_1_97' title='bbox 836 1524 872 1570; x_wconf 87' lang='lat' dir='ltr'><strong>eo</strong></span> <span class='ocrx_word' id='word_1_98' title='bbox 894 1501 993 1571; x_wconf 79' lang='lat' dir='ltr'><strong>iacias</strong></span> <span class='ocrx_word' id='word_1_99' title='bbox 1011 1506 1069 1591; x_wconf 88' lang='lat' dir='ltr'><strong>qui</strong></span> <span class='ocrx_word' id='word_1_100' title='bbox 1090 1506 1109 1583; x_wconf 78' lang='grc' dir='ltr'><strong><em>ἢ</em></strong></span> <span class='ocrx_word' id='word_1_101' title='bbox 1133 1506 1200 1584; x_wconf 69' lang='grc' dir='ltr'><strong>ἐγώ</strong></span> <span class='ocrx_word' id='word_1_102' title='bbox 1224 1506 1264 1575; x_wconf 79' lang='lat' dir='ltr'><strong>de</strong></span> <span class='ocrx_word' id='word_1_103' title='bbox 1277 1526 1327 1573; x_wconf 83' lang='grc'><strong>1111</strong></span> 
     </span>
     <span class='ocr_line' id='line_1_13' title="bbox 144 1607 1326 1696; baseline 0.004 -22"><span class='ocrx_word' id='word_1_104' title='bbox 144 1609 308 1675; x_wconf 82' lang='lat' dir='ltr'><strong>inseruit?</strong></span> <span class='ocrx_word' id='word_1_105' title='bbox 358 1608 410 1675; x_wconf 90' lang='lat' dir='ltr'><strong>Sic</strong></span> <span class='ocrx_word' id='word_1_106' title='bbox 442 1609 543 1693; x_wconf 88' lang='lat' dir='ltr'><strong>igitur</strong></span> <span class='ocrx_word' id='word_1_107' title='bbox 567 1607 645 1673; x_wconf 87' lang='lat' dir='ltr'><strong>haec</strong></span> <span class='ocrx_word' id='word_1_108' title='bbox 679 1619 918 1694; x_wconf 78' lang='lat' dir='ltr'><strong>corrrponunlur</strong></span> <span class='ocrx_word' id='word_1_109' title='bbox 942 1630 1002 1696; x_wconf 88' lang='lat' dir='ltr'><strong>pro</strong></span> <span class='ocrx_word' id='word_1_110' title='bbox 1032 1611 1072 1677; x_wconf 82' lang='grc' dir='ltr'><strong>σὺ</strong></span> <span class='ocrx_word' id='word_1_111' title='bbox 1103 1611 1225 1695; x_wconf 80' lang='grc' dir='ltr'><strong><em>τθχνην</em></strong></span> <span class='ocrx_word' id='word_1_112' title='bbox 1253 1610 1326 1696; x_wconf 71' lang='grc' dir='ltr'><strong>ἔχον</strong></span> 
     </span>
     <span class='ocr_line' id='line_1_14' title="bbox 143 1713 698 1795; baseline -0.004 -15"><span class='ocrx_word' id='word_1_113' title='bbox 143 1713 273 1780; x_wconf 86' lang='grc' dir='ltr'><strong><em>κώλλιου</em></strong></span> <span class='ocrx_word' id='word_1_114' title='bbox 297 1715 372 1793; x_wconf 81' lang='grc' dir='ltr'><strong><em>ἐμοῦ</em></strong></span> <span class='ocrx_word' id='word_1_115' title='bbox 395 1716 512 1780; x_wconf 76' lang='grc' dir='ltr'><strong><em>ἰδιώτου</em></strong></span> <span class='ocrx_word' id='word_1_116' title='bbox 536 1717 698 1795; x_wconf 81' lang='grc' dir='ltr'><strong><em>οἰυθρώτου.</em></strong></span> 
     </span>
    </p>

    <p class='ocr_par' dir='ltr' id='par_1_6' title="bbox 142 1818 1328 2225">
     <span class='ocr_line' id='line_1_15' title="bbox 189 1818 1326 1905; baseline 0.004 -18"><span class='ocrx_word' id='word_1_117' title='bbox 189 1821 317 1887; x_wconf 83' lang='lat' dir='ltr'><strong>Lacuna</strong></span> <span class='ocrx_word' id='word_1_118' title='bbox 340 1821 507 1886; x_wconf 81' lang='lat' dir='ltr'><strong>manifesta</strong></span> <span class='ocrx_word' id='word_1_119' title='bbox 533 1830 581 1886; x_wconf 84' lang='lat' dir='ltr'><strong>est</strong></span> <span class='ocrx_word' id='word_1_120' title='bbox 605 1822 638 1884; x_wconf 91' lang='lat' dir='ltr'><strong>in</strong></span> <span class='ocrx_word' id='word_1_121' title='bbox 659 1818 712 1885; x_wconf 81' lang='lat' dir='ltr'><strong>ill.</strong></span> <span class='ocrx_word' id='word_1_122' title='bbox 739 1823 769 1884; x_wconf 83' lang='lat'><strong>5.</strong></span> <span class='ocrx_word' id='word_1_123' title='bbox 803 1827 875 1905; x_wconf 89' lang='lat' dir='ltr'><strong>post</strong></span> <span class='ocrx_word' id='word_1_124' title='bbox 899 1819 996 1886; x_wconf 85' lang='lat' dir='ltr'><strong>verba</strong></span> <span class='ocrx_word' id='word_1_125' title='bbox 1019 1821 1326 1901; x_wconf 75' lang='grc' dir='ltr'><strong><em>τολομικοτιίτηνδ·</em></strong></span> 
     </span>
     <span class='ocr_line' id='line_1_16' title="bbox 143 1923 1325 2012; baseline 0.002 -19"><span class='ocrx_word' id='word_1_126' title='bbox 143 1923 243 2006; x_wconf 79' lang='grc' dir='ltr'><strong><em>εἶναι,</em></strong></span> <span class='ocrx_word' id='word_1_127' title='bbox 268 1946 340 1991; x_wconf 90' lang='lat' dir='ltr'><strong>nam</strong></span> <span class='ocrx_word' id='word_1_128' title='bbox 367 1946 448 2012; x_wconf 82' lang='lat' dir='ltr'><strong>quae</strong></span> <span class='ocrx_word' id='word_1_129' title='bbox 468 1935 651 2012; x_wconf 82' lang='lat' dir='ltr'><strong>sequuntur</strong></span> <span class='ocrx_word' id='word_1_130' title='bbox 675 1925 714 1991; x_wconf 88' lang='lat' dir='ltr'><strong>de</strong></span> <span class='ocrx_word' id='word_1_131' title='bbox 735 1925 843 2011; x_wconf 79' lang='lat' dir='ltr'><strong>clypeo</strong></span> <span class='ocrx_word' id='word_1_132' title='bbox 867 1925 950 2002; x_wconf 90' lang='lat' dir='ltr'><strong>dici,</strong></span> <span class='ocrx_word' id='word_1_133' title='bbox 972 1926 1178 1993; x_wconf 85' lang='lat' dir='ltr'><strong>demonstrat</strong></span> <span class='ocrx_word' id='word_1_134' title='bbox 1200 1928 1325 1995; x_wconf 75' lang='lat' dir='ltr'><strong>verbum</strong></span> 
     </span>
     <span class='ocr_line' id='line_1_17' title="bbox 142 2031 1328 2120; baseline 0.004 -22"><span class='ocrx_word' id='word_1_135' title='bbox 142 2033 381 2113; x_wconf 75' lang='grc' dir='ltr'><strong><em>λαμπρύνεται,</em></strong></span> <span class='ocrx_word' id='word_1_136' title='bbox 407 2031 490 2116; x_wconf 76' lang='lat' dir='ltr'><strong>(pund</strong></span> <span class='ocrx_word' id='word_1_137' title='bbox 519 2031 557 2096; x_wconf 94' lang='lat' dir='ltr'><strong>de</strong></span> <span class='ocrx_word' id='word_1_138' title='bbox 581 2032 679 2096; x_wconf 84' lang='lat' dir='ltr'><strong>armis</strong></span> <span class='ocrx_word' id='word_1_139' title='bbox 707 2031 849 2108; x_wconf 83' lang='lat' dir='ltr'><strong>dicitur,</strong></span> <span class='ocrx_word' id='word_1_140' title='bbox 884 2031 923 2097; x_wconf 91' lang='lat' dir='ltr'><strong>de</strong></span> <span class='ocrx_word' id='word_1_141' title='bbox 951 2031 1049 2098; x_wconf 82' lang='lat' dir='ltr'><strong>lorica</strong></span> <span class='ocrx_word' id='word_1_142' title='bbox 1072 2033 1328 2120; x_wconf 81' lang='lat' dir='ltr'><strong>potissimumel</strong></span> 
     </span>
     <span class='ocr_line' id='line_1_18' title="bbox 144 2136 753 2225; baseline -0.002 -22"><span class='ocrx_word' id='word_1_143' title='bbox 144 2138 184 2205; x_wconf 88' lang='lat' dir='ltr'><strong>de</strong></span> <span class='ocrx_word' id='word_1_144' title='bbox 207 2139 336 2225; x_wconf 70' lang='lat' dir='ltr'><strong>clypeo,</strong></span> <span class='ocrx_word' id='word_1_145' title='bbox 361 2137 424 2201; x_wconf 87' lang='lat' dir='ltr'><strong>vid.</strong></span> <span class='ocrx_word' id='word_1_146' title='bbox 451 2137 530 2202; x_wconf 86' lang='lat' dir='ltr'><strong>Heli.</strong></span> <span class='ocrx_word' id='word_1_147' title='bbox 552 2136 619 2203; x_wconf 85' lang='lat' dir='ltr'><strong>vii.</strong></span> <span class='ocrx_word' id='word_1_148' title='bbox 646 2158 673 2200; x_wconf 90' lang='lat' dir='ltr'><strong>v.</strong></span> <span class='ocrx_word' id='word_1_149' title='bbox 699 2141 753 2202; x_wconf 71' lang='lat'><strong>20.</strong></span> 
     </span>
    </p>

    <p class='ocr_par' dir='ltr' id='par_1_7' title="bbox 137 2241 1327 3918">
     <span class='ocr_line' id='line_1_19' title="bbox 189 2241 1326 2333; baseline 0.002 -22"><span class='ocrx_word' id='word_1_150' title='bbox 189 2245 288 2311; x_wconf 84' lang='lat' dir='ltr'><strong>Multa</strong></span> <span class='ocrx_word' id='word_1_151' title='bbox 308 2245 404 2310; x_wconf 86' lang='lat' dir='ltr'><strong>etiam</strong></span> <span class='ocrx_word' id='word_1_152' title='bbox 428 2242 490 2307; x_wconf 87' lang='lat' dir='ltr'><strong>alia</strong></span> <span class='ocrx_word' id='word_1_153' title='bbox 512 2252 588 2307; x_wconf 88' lang='lat' dir='ltr'><strong>sunl</strong></span> <span class='ocrx_word' id='word_1_154' title='bbox 614 2244 645 2306; x_wconf 91' lang='lat' dir='ltr'><strong>in</strong></span> <span class='ocrx_word' id='word_1_155' title='bbox 670 2262 738 2328; x_wconf 91' lang='lat' dir='ltr'><strong>cap.</strong></span> <span class='ocrx_word' id='word_1_156' title='bbox 756 2241 809 2308; x_wconf 91' lang='lat' dir='ltr'><strong>XI.</strong></span> <span class='ocrx_word' id='word_1_157' title='bbox 834 2250 986 2328; x_wconf 84' lang='lat' dir='ltr'><strong>corrupta</strong></span> <span class='ocrx_word' id='word_1_158' title='bbox 1013 2251 1045 2309; x_wconf 87' lang='lat' dir='ltr'><strong>el</strong></span> <span class='ocrx_word' id='word_1_159' title='bbox 1067 2244 1245 2331; x_wconf 87' lang='lat' dir='ltr'><strong>impedita,</strong></span> <span class='ocrx_word' id='word_1_160' title='bbox 1263 2245 1326 2333; x_wconf 84' lang='lat' dir='ltr'><strong>qui·</strong></span> 
     </span>
     <span class='ocr_line' id='line_1_20' title="bbox 143 2347 1326 2436; baseline 0 -20"><span class='ocrx_word' id='word_1_161' title='bbox 143 2349 205 2416; x_wconf 89' lang='lat' dir='ltr'><strong>bus</strong></span> <span class='ocrx_word' id='word_1_162' title='bbox 228 2348 435 2435; x_wconf 84' lang='lat' dir='ltr'><strong>expediendis</strong></span> <span class='ocrx_word' id='word_1_163' title='bbox 464 2348 612 2421; x_wconf 79' lang='grc' dir='ltr'><strong><em>τακτικός</em></strong></span> <span class='ocrx_word' id='word_1_164' title='bbox 638 2372 686 2419; x_wconf 79' lang='grc' dir='ltr'><strong>τις</strong></span> <span class='ocrx_word' id='word_1_165' title='bbox 716 2347 768 2412; x_wconf 84' lang='grc' dir='ltr'><strong><em>καί</em></strong></span> <span class='ocrx_word' id='word_1_166' title='bbox 799 2350 986 2426; x_wconf 74' lang='grc' dir='ltr'><strong><em>ςρατηνικθς</em></strong></span> <span class='ocrx_word' id='word_1_167' title='bbox 1018 2351 1094 2432; x_wconf 75' lang='grc' dir='ltr'><strong><em>οἰνηρ</em></strong></span> <span class='ocrx_word' id='word_1_168' title='bbox 1130 2352 1326 2436; x_wconf 76' lang='lat' dir='ltr'><strong>requiritur,</strong></span> 
     </span>
     <span class='ocr_line' id='line_1_21' title="bbox 142 2452 1325 2544; baseline 0.002 -23"><span class='ocrx_word' id='word_1_169' title='bbox 142 2456 198 2521; x_wconf 88' lang='lat' dir='ltr'><strong>sed</strong></span> <span class='ocrx_word' id='word_1_170' title='bbox 224 2454 376 2520; x_wconf 90' lang='lat' dir='ltr'><strong>mendum</strong></span> <span class='ocrx_word' id='word_1_171' title='bbox 402 2474 441 2518; x_wconf 83' lang='lat' dir='ltr'><strong>ex</strong></span> <span class='ocrx_word' id='word_1_172' title='bbox 466 2457 484 2537; x_wconf 82' lang='lat'>§</span> <span class='ocrx_word' id='word_1_173' title='bbox 508 2459 540 2519; x_wconf 86' lang='lat'><strong>8.</strong></span> <span class='ocrx_word' id='word_1_174' title='bbox 565 2454 661 2518; x_wconf 82' lang='lat' dir='ltr'><strong>etiam</strong></span> <span class='ocrx_word' id='word_1_175' title='bbox 683 2452 977 2533; x_wconf 72' lang='grc' dir='ltr'><strong><em>ώτερισοίλτιγκτθς</em></strong></span> <span class='ocrx_word' id='word_1_176' title='bbox 1000 2478 1048 2527; x_wconf 76' lang='grc' dir='ltr'><strong>τις</strong></span> <span class='ocrx_word' id='word_1_177' title='bbox 1074 2453 1188 2521; x_wconf 83' lang='lat' dir='ltr'><strong>tollere</strong></span> <span class='ocrx_word' id='word_1_178' title='bbox 1217 2462 1325 2544; x_wconf 76' lang='lat' dir='ltr'><strong>potesl-</strong></span> 
     </span>
     <span class='ocr_line' id='line_1_22' title="bbox 143 2556 1327 2640; baseline 0 -12"><span class='ocrx_word' id='word_1_179' title='bbox 143 2561 261 2628; x_wconf 84' lang='lat' dir='ltr'><strong>Edilur</strong></span> <span class='ocrx_word' id='word_1_180' title='bbox 291 2559 360 2624; x_wconf 90' lang='lat' dir='ltr'><strong>sine</strong></span> <span class='ocrx_word' id='word_1_181' title='bbox 392 2578 508 2624; x_wconf 87' lang='lat' dir='ltr'><strong>sensu:</strong></span> <span class='ocrx_word' id='word_1_182' title='bbox 542 2556 616 2625; x_wconf 79' lang='grc' dir='ltr'><strong><em>ὅταν</em></strong></span> <span class='ocrx_word' id='word_1_183' title='bbox 648 2559 704 2636; x_wconf 77' lang='grc' dir='ltr'><strong>μὲν</strong></span> <span class='ocrx_word' id='word_1_184' title='bbox 738 2560 801 2638; x_wconf 71' lang='grc' dir='ltr'><strong>γὰρ</strong></span> <span class='ocrx_word' id='word_1_185' title='bbox 834 2559 885 2623; x_wconf 77' lang='grc' dir='ltr'><strong>ἔτί</strong></span> <span class='ocrx_word' id='word_1_186' title='bbox 916 2559 1006 2640; x_wconf 78' lang='grc' dir='ltr'><strong><em>κέρως</em></strong></span> <span class='ocrx_word' id='word_1_187' title='bbox 1039 2560 1229 2639; x_wconf 79' lang='grc' dir='ltr'><strong><em>πορεύωνται</em></strong></span> <span class='ocrx_word' id='word_1_188' title='bbox 1261 2562 1327 2629; x_wconf 78' lang='grc' dir='ltr'><strong><em>κατ’</em></strong></span> 
     </span>
     <span class='ocr_line' id='line_1_23' title="bbox 141 2662 1325 2750; baseline 0.001 -16"><span class='ocrx_word' id='word_1_189' title='bbox 141 2669 231 2749; x_wconf 77' lang='grc' dir='ltr'><strong><em>οὐρθιν</em></strong></span> <span class='ocrx_word' id='word_1_190' title='bbox 255 2667 351 2741; x_wconf 73' lang='grc' dir='ltr'><strong><em>δήπου</em></strong></span> <span class='ocrx_word' id='word_1_191' title='bbox 375 2666 527 2742; x_wconf 74' lang='grc' dir='ltr'><strong><em>ἐνωμοτία</em></strong></span> <span class='ocrx_word' id='word_1_192' title='bbox 553 2665 568 2695; x_wconf 83' lang='lat'>*</span> <span class='ocrx_word' id='word_1_193' title='bbox 592 2662 714 2728; x_wconf 77' lang='grc' dir='ltr'><strong><em>ἕπεται.</em></strong></span> <span class='ocrx_word' id='word_1_194' title='bbox 762 2663 815 2727; x_wconf 86' lang='lat' dir='ltr'><strong>Bis</strong></span> <span class='ocrx_word' id='word_1_195' title='bbox 834 2664 991 2750; x_wconf 87' lang='lat' dir='ltr'><strong>scriplum</strong></span> <span class='ocrx_word' id='word_1_196' title='bbox 1017 2664 1212 2732; x_wconf 81' lang='lat' dir='ltr'><strong>vocabulum</strong></span> <span class='ocrx_word' id='word_1_197' title='bbox 1234 2666 1325 2735; x_wconf 77' lang='lat' dir='ltr'><strong>semei</strong></span> 
     </span>
     <span class='ocr_line' id='line_1_24' title="bbox 140 2767 1326 2856; baseline 0.001 -18"><span class='ocrx_word' id='word_1_198' title='bbox 140 2774 297 2838; x_wconf 90' lang='lat' dir='ltr'><strong>omissum</strong></span> <span class='ocrx_word' id='word_1_199' title='bbox 321 2779 389 2835; x_wconf 89' lang='lat' dir='ltr'><strong>est:</strong></span> <span class='ocrx_word' id='word_1_200' title='bbox 414 2770 526 2856; x_wconf 88' lang='lat' dir='ltr'><strong>supple</strong></span> <span class='ocrx_word' id='word_1_201' title='bbox 550 2770 700 2846; x_wconf 78' lang='grc' dir='ltr'><strong><em>ἐνωμοτία</em></strong></span> <span class='ocrx_word' id='word_1_202' title='bbox 727 2768 902 2855; x_wconf 74' lang='grc' dir='ltr'><strong><em>(ἐνωμοτία)</em></strong></span> <span class='ocrx_word' id='word_1_203' title='bbox 927 2767 1059 2847; x_wconf 79' lang='grc' dir='ltr'><strong><em>ἕπεται,</em></strong></span> <span class='ocrx_word' id='word_1_204' title='bbox 1081 2778 1114 2836; x_wconf 91' lang='lat' dir='ltr'><strong>et</strong></span> <span class='ocrx_word' id='word_1_205' title='bbox 1138 2773 1248 2837; x_wconf 78' lang='lat' dir='ltr'><strong>omnis</strong></span> <span class='ocrx_word' id='word_1_206' title='bbox 1270 2773 1326 2839; x_wconf 84' lang='lat' dir='ltr'><strong>erit</strong></span> 
     </span>
     <span class='ocr_line' id='line_1_25' title="bbox 140 2873 1326 2960; baseline -0.003 -14"><span class='ocrx_word' id='word_1_207' title='bbox 140 2878 266 2946; x_wconf 87' lang='lat' dir='ltr'><strong>sublata</strong></span> <span class='ocrx_word' id='word_1_208' title='bbox 291 2875 474 2941; x_wconf 87' lang='lat' dir='ltr'><strong>difficultas.</strong></span> <span class='ocrx_word' id='word_1_209' title='bbox 523 2874 626 2960; x_wconf 89' lang='lat' dir='ltr'><strong>Supra</strong></span> <span class='ocrx_word' id='word_1_210' title='bbox 660 2874 690 2937; x_wconf 93' lang='lat' dir='ltr'><strong>in</strong></span> <span class='ocrx_word' id='word_1_211' title='bbox 727 2877 798 2958; x_wconf 80' lang='lat' dir='ltr'><strong>§u</strong></span> <span class='ocrx_word' id='word_1_212' title='bbox 832 2873 963 2943; x_wconf 71' lang='lat' dir='ltr'><strong>malima</strong></span> <span class='ocrx_word' id='word_1_213' title='bbox 987 2883 1051 2949; x_wconf 80' lang='grc' dir='ltr'><strong><em>τοῖς</em></strong></span> <span class='ocrx_word' id='word_1_214' title='bbox 1076 2876 1224 2960; x_wconf 73' lang='grc' dir='ltr'><strong><em>μὲνγὰρ</em></strong></span> <span class='ocrx_word' id='word_1_215' title='bbox 1248 2881 1326 2956; x_wconf 76' lang='grc' dir='ltr'><strong><em>ἡγεῖ·</em></strong></span> 
     </span>
     <span class='ocr_line' id='line_1_26' title="bbox 140 2977 1325 3066; baseline -0.002 -15"><span class='ocrx_word' id='word_1_216' title='bbox 140 2988 209 3051; x_wconf 91' lang='grc' dir='ltr'><strong><em>σθαι</em></strong></span> <span class='ocrx_word' id='word_1_217' title='bbox 240 2985 380 3056; x_wconf 83' lang='grc' dir='ltr'><strong><em>δέδοται,</em></strong></span> <span class='ocrx_word' id='word_1_218' title='bbox 413 2988 478 3053; x_wconf 76' lang='grc' dir='ltr'><strong><em>τοῖς</em></strong></span> <span class='ocrx_word' id='word_1_219' title='bbox 510 2980 542 3044; x_wconf 78' lang='grc' dir='ltr'><strong>δὲ</strong></span> <span class='ocrx_word' id='word_1_220' title='bbox 576 2977 704 3045; x_wconf 76' lang='grc' dir='ltr'><strong><em>ἕπεσθαι</em></strong></span> <span class='ocrx_word' id='word_1_221' title='bbox 736 2980 1041 3059; x_wconf 77' lang='grc' dir='ltr'><strong><em>προστέτακται</em></strong></span> <span class='ocrx_word' id='word_1_222' title='bbox 1074 3000 1132 3066; x_wconf 86' lang='lat' dir='ltr'><strong>pro</strong></span> <span class='ocrx_word' id='word_1_223' title='bbox 1165 2982 1325 3049; x_wconf 77' lang='grc' dir='ltr'><strong><em>τέτακται.</em></strong></span> 
     </span>
     <span class='ocr_line' id='line_1_27' title="bbox 142 3085 1327 3176; baseline -0.002 -19"><span class='ocrx_word' id='word_1_224' title='bbox 142 3091 306 3176; x_wconf 79' lang='lat' dir='ltr'><strong>Scriptum</strong></span> <span class='ocrx_word' id='word_1_225' title='bbox 331 3095 401 3152; x_wconf 91' lang='lat' dir='ltr'><strong>erat</strong></span> <span class='ocrx_word' id='word_1_226' title='bbox 428 3086 620 3160; x_wconf 75' lang='grc' dir='ltr'><strong><em>5τέτακται,</em></strong></span> <span class='ocrx_word' id='word_1_227' title='bbox 645 3093 677 3150; x_wconf 86' lang='lat' dir='ltr'><strong>et</strong></span> <span class='ocrx_word' id='word_1_228' title='bbox 700 3085 755 3149; x_wconf 87' lang='lat' dir='ltr'><strong>isti</strong></span> <span class='ocrx_word' id='word_1_229' title='bbox 780 3086 975 3171; x_wconf 84' lang='lat' dir='ltr'><strong>incognitam</strong></span> <span class='ocrx_word' id='word_1_230' title='bbox 998 3085 1059 3151; x_wconf 87' lang='lat' dir='ltr'><strong>sibi</strong></span> <span class='ocrx_word' id='word_1_231' title='bbox 1085 3088 1327 3173; x_wconf 80' lang='lat' dir='ltr'><strong>praepositionis</strong></span> 
     </span>
     <span class='ocr_line' id='line_1_28' title="bbox 140 3189 1326 3278; baseline -0.003 -14"><span class='ocrx_word' id='word_1_232' title='bbox 140 3197 213 3278; x_wconf 82' lang='grc' dir='ltr'><strong><em>τρθς</em></strong></span> <span class='ocrx_word' id='word_1_233' title='bbox 241 3194 355 3278; x_wconf 79' lang='lat' dir='ltr'><strong>siglam</strong></span> <span class='ocrx_word' id='word_1_234' title='bbox 379 3193 569 3256; x_wconf 85' lang='lat' dir='ltr'><strong>omiserunt.</strong></span> <span class='ocrx_word' id='word_1_235' title='bbox 618 3189 738 3256; x_wconf 85' lang='lat' dir='ltr'><strong>Deinde</strong></span> <span class='ocrx_word' id='word_1_236' title='bbox 766 3191 870 3256; x_wconf 77' lang='lat' dir='ltr'><strong>scribe</strong></span> <span class='ocrx_word' id='word_1_237' title='bbox 899 3210 987 3256; x_wconf 89' lang='lat' dir='ltr'><strong>more</strong></span> <span class='ocrx_word' id='word_1_238' title='bbox 1016 3192 1124 3257; x_wconf 80' lang='lat' dir='ltr'><strong>dltlco</strong></span> <span class='ocrx_word' id='word_1_239' title='bbox 1146 3195 1183 3259; x_wconf 77' lang='grc' dir='ltr'><strong>αἱ</strong></span> <span class='ocrx_word' id='word_1_240' title='bbox 1216 3195 1250 3260; x_wconf 79' lang='grc' dir='ltr'><strong>δὲ</strong></span> <span class='ocrx_word' id='word_1_241' title='bbox 1269 3218 1326 3261; x_wconf 80' lang='grc' dir='ltr'><strong>τα·</strong></span> 
     </span>
     <span class='ocr_line' id='line_1_29' title="bbox 140 3284 1326 3384; baseline -0.003 -17"><span class='ocrx_word' id='word_1_242' title='bbox 140 3300 284 3384; x_wconf 63' lang='lat' dir='ltr'><strong>peperat</strong></span> <span class='ocrx_word' id='word_1_243' title='bbox 316 3296 443 3377; x_wconf 82' lang='grc' dir='ltr'><strong><em>ώστερ</em></strong></span> <span class='ocrx_word' id='word_1_244' title='bbox 474 3297 547 3362; x_wconf 75' lang='grc' dir='ltr'><strong>ὑπὸ</strong></span> <span class='ocrx_word' id='word_1_245' title='bbox 577 3298 747 3376; x_wconf 72' lang='grc' dir='ltr'><strong><em>κήρυκος</em></strong></span> <span class='ocrx_word' id='word_1_246' title='bbox 777 3302 831 3362; x_wconf 83' lang='grc' dir='ltr'><strong>τοῦ</strong></span> <span class='ocrx_word' id='word_1_247' title='bbox 861 3284 1135 3379; x_wconf 80' lang='grc' dir='ltr'><strong><em>εὐωμοτοίρχου</em></strong></span> <span class='ocrx_word' id='word_1_248' title='bbox 1174 3299 1262 3381; x_wconf 76' lang='grc' dir='ltr'><strong>λόγῳ</strong></span> <span class='ocrx_word' id='word_1_249' title='bbox 1282 3299 1326 3375; x_wconf 82' lang='grc' dir='ltr'><strong>δη-</strong></span> 
     </span>
     <span class='ocr_line' id='line_1_30' title="bbox 139 3401 1327 3488; baseline -0.002 -15"><span class='ocrx_word' id='word_1_250' title='bbox 139 3412 284 3481; x_wconf 81' lang='grc' dir='ltr'><strong><em>λοῦνται,</em></strong></span> <span class='ocrx_word' id='word_1_251' title='bbox 316 3403 355 3469; x_wconf 90' lang='lat' dir='ltr'><strong>de</strong></span> <span class='ocrx_word' id='word_1_252' title='bbox 378 3423 441 3488; x_wconf 89' lang='lat' dir='ltr'><strong>quo</strong></span> <span class='ocrx_word' id='word_1_253' title='bbox 474 3422 591 3486; x_wconf 81' lang='lat' dir='ltr'><strong>genere</strong></span> <span class='ocrx_word' id='word_1_254' title='bbox 621 3401 768 3487; x_wconf 84' lang='lat' dir='ltr'><strong>loquendi</strong></span> <span class='ocrx_word' id='word_1_255' title='bbox 798 3422 892 3486; x_wconf 89' lang='lat' dir='ltr'><strong>saepe</strong></span> <span class='ocrx_word' id='word_1_256' title='bbox 924 3422 941 3466; x_wconf 93' lang='lat' dir='ltr'><strong>a</strong></span> <span class='ocrx_word' id='word_1_257' title='bbox 965 3402 1132 3469; x_wconf 83' lang='lat' dir='ltr'><strong>Graeculis</strong></span> <span class='ocrx_word' id='word_1_258' title='bbox 1159 3402 1327 3471; x_wconf 80' lang='lat' dir='ltr'><strong>obscurato</strong></span> 
     </span>
     <span class='ocr_line' id='line_1_31' title="bbox 140 3507 1327 3599; baseline 0 -21"><span class='ocrx_word' id='word_1_259' title='bbox 140 3511 242 3578; x_wconf 90' lang='lat' dir='ltr'><strong>multa</strong></span> <span class='ocrx_word' id='word_1_260' title='bbox 264 3511 297 3573; x_wconf 90' lang='lat' dir='ltr'><strong>in</strong></span> <span class='ocrx_word' id='word_1_261' title='bbox 320 3510 426 3595; x_wconf 84' lang='lat' dir='ltr'><strong>priore</strong></span> <span class='ocrx_word' id='word_1_262' title='bbox 450 3518 540 3594; x_wconf 87' lang='lat' dir='ltr'><strong>parte</strong></span> <span class='ocrx_word' id='word_1_263' title='bbox 564 3510 800 3574; x_wconf 86' lang='lat' dir='ltr'><strong>annotavimus.</strong></span> <span class='ocrx_word' id='word_1_264' title='bbox 849 3507 980 3599; x_wconf 76' lang='lat' dir='ltr'><strong>scribae</strong></span> <span class='ocrx_word' id='word_1_265' title='bbox 1004 3510 1101 3574; x_wconf 87' lang='lat' dir='ltr'><strong>etiam</strong></span> <span class='ocrx_word' id='word_1_266' title='bbox 1131 3508 1185 3575; x_wconf 88' lang='lat' dir='ltr'><strong>hic</strong></span> <span class='ocrx_word' id='word_1_267' title='bbox 1216 3530 1327 3577; x_wconf 81' lang='lat' dir='ltr'><strong>secun·</strong></span> 
     </span>
     <span class='ocr_line' id='line_1_32' title="bbox 138 3612 1325 3701; baseline -0.001 -17"><span class='ocrx_word' id='word_1_268' title='bbox 138 3618 212 3684; x_wconf 86' lang='lat' dir='ltr'><strong>dam</strong></span> <span class='ocrx_word' id='word_1_269' title='bbox 237 3615 504 3701; x_wconf 89' lang='lat' dir='ltr'><strong>praepositionem</strong></span> <span class='ocrx_word' id='word_1_270' title='bbox 532 3633 700 3699; x_wconf 90' lang='lat' dir='ltr'><strong>perperam</strong></span> <span class='ocrx_word' id='word_1_271' title='bbox 727 3614 954 3679; x_wconf 86' lang='lat' dir='ltr'><strong>inseruerunt:</strong></span> <span class='ocrx_word' id='word_1_272' title='bbox 988 3612 1088 3694; x_wconf 77' lang='grc' dir='ltr'><strong><em>ὥσπερ</em></strong></span> <span class='ocrx_word' id='word_1_273' title='bbox 1115 3614 1176 3679; x_wconf 84' lang='grc' dir='ltr'><strong>ὑτδ</strong></span> <span class='ocrx_word' id='word_1_274' title='bbox 1204 3618 1325 3697; x_wconf 76' lang='grc' dir='ltr'><strong><em>κήρυκος</em></strong></span> 
     </span>
     <span class='ocr_line' id='line_1_33' title="bbox 142 3717 1326 3813; baseline -0.001 -23"><span class='ocrx_word' id='word_1_275' title='bbox 142 3720 228 3813; x_wconf 76' lang='grc' dir='ltr'>[ὑπὸ]</span> <span class='ocrx_word' id='word_1_276' title='bbox 255 3724 310 3786; x_wconf 79' lang='grc' dir='ltr'><strong>τοῦ</strong></span> <span class='ocrx_word' id='word_1_277' title='bbox 334 3719 560 3801; x_wconf 79' lang='grc' dir='ltr'><strong><em>ἕναμοτοίρχου.</em></strong></span> <span class='ocrx_word' id='word_1_278' title='bbox 609 3718 644 3783; x_wconf 89' lang='lat' dir='ltr'><strong>ln</strong></span> <span class='ocrx_word' id='word_1_279' title='bbox 677 3721 695 3802; x_wconf 85' lang='lat'>§</span> <span class='ocrx_word' id='word_1_280' title='bbox 721 3723 752 3784; x_wconf 84' lang='grc'><strong>8.</strong></span> <span class='ocrx_word' id='word_1_281' title='bbox 777 3717 881 3784; x_wconf 87' lang='lat' dir='ltr'><strong>obiter</strong></span> <span class='ocrx_word' id='word_1_282' title='bbox 905 3738 962 3804; x_wconf 89' lang='lat' dir='ltr'><strong>pro</strong></span> <span class='ocrx_word' id='word_1_283' title='bbox 990 3719 1025 3783; x_wconf 78' lang='grc' dir='ltr'><strong>ἐκ</strong></span> <span class='ocrx_word' id='word_1_284' title='bbox 1052 3723 1106 3784; x_wconf 79' lang='grc' dir='ltr'><strong>τοῦ</strong></span> <span class='ocrx_word' id='word_1_285' title='bbox 1129 3718 1255 3787; x_wconf 83' lang='grc' dir='ltr'><strong><em>θτισθευ</em></strong></span> <span class='ocrx_word' id='word_1_286' title='bbox 1281 3740 1326 3789; x_wconf 80' lang='lat' dir='ltr'><strong>re·</strong></span> 
     </span>
     <span class='ocr_line' id='line_1_34' title="bbox 137 3824 1193 3918; baseline -0.009 -22"><span class='ocrx_word' id='word_1_287' title='bbox 137 3849 219 3918; x_wconf 86' lang='lat' dir='ltr'><strong>pune</strong></span> <span class='ocrx_word' id='word_1_288' title='bbox 241 3827 385 3893; x_wconf 78' lang='lat' dir='ltr'><strong>Allicum</strong></span> <span class='ocrx_word' id='word_1_289' title='bbox 410 3826 445 3889; x_wconf 74' lang='grc' dir='ltr'><strong>ἐκ</strong></span> <span class='ocrx_word' id='word_1_290' title='bbox 471 3824 642 3889; x_wconf 83' lang='grc' dir='ltr'><strong><em>τοῦπισθεν.</em></strong></span> <span class='ocrx_word' id='word_1_291' title='bbox 1191 3826 1193 3830; x_wconf 77' lang='grc'><strong>’</strong></span> 
     </span>
    </p>

    <p class='ocr_par' dir='ltr' id='par_1_8' title="bbox 136 3928 1329 4442">
     <span class='ocr_line' id='line_1_35' title="bbox 183 3928 1328 4018; baseline -0.002 -17"><span class='ocrx_word' id='word_1_292' title='bbox 183 3935 219 4002; x_wconf 89' lang='lat' dir='ltr'><strong>ln</strong></span> <span class='ocrx_word' id='word_1_293' title='bbox 249 3952 318 4018; x_wconf 87' lang='lat' dir='ltr'><strong>cap.</strong></span> <span class='ocrx_word' id='word_1_294' title='bbox 342 3930 427 3998; x_wconf 90' lang='lat' dir='ltr'><strong>Xlll.</strong></span> <span class='ocrx_word' id='word_1_295' title='bbox 454 3933 484 3994; x_wconf 71' lang='lat' dir='ltr'><strong>d.</strong></span> <span class='ocrx_word' id='word_1_296' title='bbox 518 3930 626 4008; x_wconf 81' lang='grc' dir='ltr'><strong><em>λαβών</em></strong></span> <span class='ocrx_word' id='word_1_297' title='bbox 650 3930 664 3992; x_wconf 88' lang='grc' dir='ltr'><strong><em>θ</em></strong></span> <span class='ocrx_word' id='word_1_298' title='bbox 688 3928 840 4010; x_wconf 80' lang='grc' dir='ltr'><strong><em>τυρφθροι</em></strong></span> <span class='ocrx_word' id='word_1_299' title='bbox 863 3934 923 4010; x_wconf 74' lang='lat' dir='ltr'><strong>adp</strong></span> <span class='ocrx_word' id='word_1_300' title='bbox 946 3932 1009 3997; x_wconf 79' lang='grc' dir='ltr'><strong>θτθ</strong></span> <span class='ocrx_word' id='word_1_301' title='bbox 1031 3935 1085 3996; x_wconf 81' lang='grc' dir='ltr'><strong>τοῦ</strong></span> <span class='ocrx_word' id='word_1_302' title='bbox 1108 3931 1220 4010; x_wconf 77' lang='grc' dir='ltr'><strong><em>βωμοῦ</em></strong></span> <span class='ocrx_word' id='word_1_303' title='bbox 1242 3956 1328 4015; x_wconf 81' lang='grc' dir='ltr'><strong><em>τροη·</em></strong></span> 
     </span>
     <span class='ocr_line' id='line_1_36' title="bbox 137 4033 1326 4121; baseline -0.003 -15"><span class='ocrx_word' id='word_1_304' title='bbox 137 4049 243 4121; x_wconf 64' lang='lat' dir='ltr'><strong>pairac</strong></span> <span class='ocrx_word' id='word_1_305' title='bbox 269 4039 319 4103; x_wconf 87' lang='grc' dir='ltr'><strong>ε’τί</strong></span> <span class='ocrx_word' id='word_1_306' title='bbox 341 4038 384 4102; x_wconf 78' lang='grc' dir='ltr'><strong>τα</strong></span> <span class='ocrx_word' id='word_1_307' title='bbox 408 4034 473 4115; x_wconf 75' lang='grc' dir='ltr'><strong><em>ἔρια</em></strong></span> <span class='ocrx_word' id='word_1_308' title='bbox 497 4044 552 4110; x_wconf 74' lang='grc' dir='ltr'><strong>τῆς</strong></span> <span class='ocrx_word' id='word_1_309' title='bbox 582 4035 697 4116; x_wconf 79' lang='grc' dir='ltr'><strong><em>χώρας.</em></strong></span> <span class='ocrx_word' id='word_1_310' title='bbox 722 4036 736 4098; x_wconf 85' lang='grc' dir='ltr'><strong><em>θ</em></strong></span> <span class='ocrx_word' id='word_1_311' title='bbox 760 4036 791 4100; x_wconf 76' lang='grc' dir='ltr'><strong>δὲ</strong></span> <span class='ocrx_word' id='word_1_312' title='bbox 812 4034 967 4113; x_wconf 80' lang='grc' dir='ltr'><strong><em>βασιλεὺς</em></strong></span> <span class='ocrx_word' id='word_1_313' title='bbox 998 4036 1065 4101; x_wconf 75' lang='grc' dir='ltr'><strong><em>ἐκεῖ</em></strong></span> <span class='ocrx_word' id='word_1_314' title='bbox 1085 4033 1126 4103; x_wconf 81' lang='grc' dir='ltr'><strong>αὖ</strong></span> <span class='ocrx_word' id='word_1_315' title='bbox 1146 4038 1255 4104; x_wconf 82' lang='grc' dir='ltr'><strong><em>θύεται</em></strong></span> <span class='ocrx_word' id='word_1_316' title='bbox 1277 4039 1326 4105; x_wconf 87' lang='grc' dir='ltr'><strong>Διί</strong></span> 
     </span>
     <span class='ocr_line' id='line_1_37' title="bbox 137 4138 1328 4228; baseline -0.002 -15"><span class='ocrx_word' id='word_1_317' title='bbox 137 4146 190 4213; x_wconf 87' lang='grc' dir='ltr'><strong><em>καί</em></strong></span> <span class='ocrx_word' id='word_1_318' title='bbox 218 4147 343 4228; x_wconf 79' lang='grc' dir='ltr'><strong><em>Ἀθηνᾷ.</em></strong></span> <span class='ocrx_word' id='word_1_319' title='bbox 377 4138 452 4208; x_wconf 76' lang='grc' dir='ltr'><strong><em>ὅταν</em></strong></span> <span class='ocrx_word' id='word_1_320' title='bbox 487 4142 519 4206; x_wconf 74' lang='grc' dir='ltr'><strong>δὲ</strong></span> <span class='ocrx_word' id='word_1_321' title='bbox 548 4141 669 4221; x_wconf 79' lang='grc' dir='ltr'><strong><em>οἰμφοῑν</em></strong></span> <span class='ocrx_word' id='word_1_322' title='bbox 699 4140 817 4205; x_wconf 83' lang='grc' dir='ltr'><strong><em>τούτοιν</em></strong></span> <span class='ocrx_word' id='word_1_323' title='bbox 837 4148 901 4206; x_wconf 83' lang='grc' dir='ltr'><strong><em>τοῖν</em></strong></span> <span class='ocrx_word' id='word_1_324' title='bbox 931 4142 1007 4206; x_wconf 84' lang='grc' dir='ltr'><strong><em>θεοῖν</em></strong></span> <span class='ocrx_word' id='word_1_325' title='bbox 1039 4146 1226 4227; x_wconf 73' lang='grc' dir='ltr'><strong><em>καλλιερηθῇ</em></strong></span> <span class='ocrx_word' id='word_1_326' title='bbox 1255 4144 1328 4211; x_wconf 77' lang='grc' dir='ltr'><strong><em>τθτο</em></strong></span> 
     </span>
     <span class='ocr_line' id='line_1_38' title="bbox 136 4242 1328 4333; baseline -0.002 -15"><span class='ocrx_word' id='word_1_327' title='bbox 136 4250 291 4331; x_wconf 83' lang='grc' dir='ltr'><strong><em>διαβαίνει</em></strong></span> <span class='ocrx_word' id='word_1_328' title='bbox 318 4246 375 4333; x_wconf 80' lang='grc' dir='ltr'><strong>[τα</strong></span> <span class='ocrx_word' id='word_1_329' title='bbox 399 4242 464 4327; x_wconf 86' lang='grc' dir='ltr'><strong><em>θρια</em></strong></span> <span class='ocrx_word' id='word_1_330' title='bbox 486 4253 542 4319; x_wconf 77' lang='grc' dir='ltr'><strong>τῆς</strong></span> <span class='ocrx_word' id='word_1_331' title='bbox 560 4245 704 4332; x_wconf 57' lang='lat' dir='ltr'><strong>agapam,</strong></span> <span class='ocrx_word' id='word_1_332' title='bbox 727 4264 875 4331; x_wconf 79' lang='lat' dir='ltr'><strong>expungo</strong></span> <span class='ocrx_word' id='word_1_333' title='bbox 900 4246 982 4312; x_wconf 87' lang='lat' dir='ltr'><strong>male</strong></span> <span class='ocrx_word' id='word_1_334' title='bbox 1006 4266 1024 4313; x_wconf 92' lang='lat' dir='ltr'><strong>e</strong></span> <span class='ocrx_word' id='word_1_335' title='bbox 1046 4248 1163 4315; x_wconf 86' lang='lat' dir='ltr'><strong>vicinis</strong></span> <span class='ocrx_word' id='word_1_336' title='bbox 1187 4269 1206 4316; x_wconf 90' lang='lat' dir='ltr'><strong>a</strong></span> <span class='ocrx_word' id='word_1_337' title='bbox 1228 4249 1328 4316; x_wconf 89' lang='lat' dir='ltr'><strong>sciolo</strong></span> 
     </span>
     <span class='ocr_line' id='line_1_39' title="bbox 138 4348 1329 4442; baseline -0.002 -19"><span class='ocrx_word' id='word_1_338' title='bbox 138 4357 294 4442; x_wconf 86' lang='lat' dir='ltr'><strong>repetita,</strong></span> <span class='ocrx_word' id='word_1_339' title='bbox 331 4371 413 4439; x_wconf 77' lang='lat' dir='ltr'><strong>quae</strong></span> <span class='ocrx_word' id='word_1_340' title='bbox 447 4353 554 4437; x_wconf 86' lang='lat' dir='ltr'><strong>inepte</strong></span> <span class='ocrx_word' id='word_1_341' title='bbox 584 4348 748 4417; x_wconf 87' lang='lat' dir='ltr'><strong>abundant</strong></span> <span class='ocrx_word' id='word_1_342' title='bbox 778 4359 810 4416; x_wconf 90' lang='lat' dir='ltr'><strong>et</strong></span> <span class='ocrx_word' id='word_1_343' title='bbox 843 4371 938 4420; x_wconf 83' lang='lat' dir='ltr'><strong>arrres</strong></span> <span class='ocrx_word' id='word_1_344' title='bbox 970 4350 1147 4421; x_wconf 88' lang='lat' dir='ltr'><strong>ollendunt.</strong></span> <span class='ocrx_word' id='word_1_345' title='bbox 1196 4353 1246 4420; x_wconf 85' lang='lat' dir='ltr'><strong>Ex</strong></span> <span class='ocrx_word' id='word_1_346' title='bbox 1280 4354 1329 4422; x_wconf 89' lang='lat' dir='ltr'><strong>his</strong></span> 
     </span>
    </p>
   </div>
   <div class='ocr_carea' id='block_1_5' title="bbox 0 0 1474 5010">
    <p class='ocr_par' dir='ltr' id='par_1_9' title="bbox 0 0 1474 5010">
     <span class='ocr_line' id='line_1_40' title="bbox 0 0 1474 5010; baseline 0 0"><span class='ocrx_word' id='word_1_347' title='bbox 0 0 1474 5010; x_wconf 95' lang='lat' dir='ltr'><strong> </strong></span> 
     </span>
    </p>
   </div>
  </div>
 </body>
</html>
