2940 5010
715 273 780 335 568

145 446 296 528 δύνομιν,
320 452 353 513 et
377 442 518 511 Platonis
542 444 576 510 in
601 440 745 511 Pinnedro
773 464 804 532 p.
824 447 889 512 νῦν.
913 444 950 509 Α.
977 440 1031 509 ubi
1054 442 1150 531 plura
1165 444 1335 537 ‘Interpree

143 560 193 620 tos
215 549 477 643 :congesserunm
510 549 544 614 in
572 547 625 615 bis
647 556 680 616 et
702 548 810 617 locum
840 551 948 639 ipsum
972 567 1012 615 ex
1042 547 1207 632 Hierone,
1235 574 1334 643 qnam

146 657 308 733 volebam,
340 655 396 723 tx.
431 660 483 723 10.
523 654 658 729 πολλοὺς
697 652 736 722 έν
769 656 823 723 xci
856 661 946 726 roim
981 653 1176 737 έξορμέσοιεν
1214 658 1333 745 έργοε

143 764 354 832 τοιεῑοέοοι
388 761 424 827 rb
459 767 586 827 σκοπεῖν
613 784 645 826 τι
668 761 798 839 aratio.
845 762 952 845 Quum
984 768 1072 857 apud
1102 767 1236 857 Lysiam
1261 784 1333 857 pnr-

144 870 292 957 spicuum
316 868 360 933 sit
382 864 505 953 aliquid
536 865 659 951 requiri
683 865 768 953 qnod
797 871 1038 953 τροέομεῖοέοιι,
1067 872 1256 957 σπουδάζειν
1275 879 1333 941 ant

143 974 250 1043 simite
270 971 348 1062 quid
371 970 549 1058 significet,
575 970 781 1058 aptissimum
803 982 853 1041 est
878 983 912 1042 et
932 979 1055 1065 optimo
1077 978 1226 1047 Atticum
1245 974 1333 1063 ἔργον

142 1086 311 1150 τοιοῦντοιι.
358 1077 526 1144 Praeterea
547 1083 584 1157 μ’
606 1075 792 1145 addendum
814 1099 886 1147 esse
908 1092 1055 1170 apparet.

189 1185 290 1253 Venio
314 1203 401 1250 nuno
425 1180 466 1248 ad
488 1180 709 1270 Xenophontis
737 1182 904 1263 libellum,
935 1208 999 1275 quo
1021 1197 1161 1258 nonest
1183 1187 1272 1259 dim
1292 1186 1332 1257 nb

143 1313 180 1362 co
209 1287 345 1357 nitidius
378 1288 610 1374 venustiusque
642 1287 783 1375 scriptus
810 1296 843 1356 ct
866 1292 971 1378 magis
1002 1292 1163 1381 expolitus
1184 1302 1219 1363 et
1241 1294 1333 1363 lima·

143 1407 219 1476 tus,
251 1398 303 1462 rto
331 1391 534 1473 οἰκονομικόν,
565 1412 606 1461 ex
627 1414 692 1482 qno
718 1393 835 1460 menda
858 1395 1015 1481 quaedam
1038 1407 1071 1465 et
1094 1399 1198 1478 vitia,
1227 1400 1260 1467 si
1280 1420 1331 1489 po·

145 1512 235 1581 tero,
257 1499 386 1575 elnam,
420 1497 538 1585 quibus
560 1507 617 1565 aut
641 1500 801 1567 sententia
833 1499 995 1571 dictorum
1023 1503 1179 1592 impedita
1202 1513 1256 1575 ost
1277 1510 1334 1574 ant

144 1609 288 1677 Atticum
313 1602 441 1671 dicendi
464 1623 567 1691 genus
596 1607 783 1692 sequiornm
807 1606 953 1673 socordia
976 1607 1189 1677 maculatum.

190 1711 323 1781 Offendo
346 1711 380 1777 in
413 1730 483 1798 cap.
505 1710 531 1778 Ι.
557 1713 575 1796 S
599 1715 631 1778 4.
663 1711 698 1787 ub
723 1712 788 1778 Διόι
811 1713 864 1778 xci
896 1714 994 1781 πολύν
1017 1738 1058 1793 γε
1086 1718 1195 1797 arobba
1215 1715 1333 1801 Φέρητ’

143 1818 203 1897 ἄν,
230 1817 284 1885 ubi
305 1816 390 1902 φέροι
413 1814 452 1883 ἄν
476 1816 716 1903 corrigendum.
764 1816 847 1884 Usus
877 1818 965 1885 verbi
993 1819 1097 1904 φέρειν
1127 1829 1161 1888 et
1184 1822 1332 1906 φέρεοέεο

143 1928 177 1992 in
203 1923 290 1991 nulia
321 1923 429 1990 bttica
457 1921 618 1989 locutione
652 1923 856 2008 promiscuus
888 1931 938 1990 est
964 1925 1128 2012 certisque
1153 1925 1278 1995 tinibus
1300 1933 1332 1995 et

143 2032 213 2119 loge
243 2037 331 2097 corta
364 2028 534 2114 utriusque
568 2025 691 2094 iormac
720 2048 799 2095 usus
833 2030 1127 2099 circumscribitur.
1183 2030 1250 2113 Qut
1279 2031 1332 2101 sti·

141 2135 296 2226 pendium
330 2141 388 2201 aut
422 2131 603 2200 mercedem
646 2133 764 2221 accipit
807 2135 875 2201 sive
907 2134 1035 2223 publice
1068 2137 1137 2204 sire
1179 2137 1332 2225 privatim

140 2243 264 2310 dicitur
297 2246 483 2307 constanter
517 2237 557 2305 nb
588 2238 739 2306 omnibus
770 2243 876 2319 μισθὸν
911 2240 1038 2324 φέρειν,
1071 2261 1135 2309 non
1172 2242 1330 2328 Φέροοέιν.

141 2345 296 2434 Exempla
327 2343 447 2431 passim
480 2349 558 2409 sunt
581 2341 696 2422 obvia,
731 2346 978 2413 santumnium
1010 2366 1071 2414 usu
1104 2348 1184 2415 trita
1214 2346 1331 2417 locutio

141 2460 203 2520 est.
250 2450 427 2536 dntiqnius
449 2447 631 2536 exemplum
655 2457 704 2514 est
728 2448 813 2537 apud
839 2450 1058 2538 Theognidem
1086 2472 1132 2521 rs.
1153 2457 1236 2523 sat.

324 2554 460 2628 πολλοὺς
484 2551 523 2620 ἂν
547 2555 672 2633 μισθοὺς
696 2555 748 2621 xci
775 2556 938 2636 μεγάλους
963 2556 1082 2642 ἔφερον.

141 2671 176 2732 et
206 2680 301 2748 saepo
335 2658 420 2747 apud
453 2658 621 2738 Comicos,
656 2679 750 2747 saepo
780 2661 866 2750 apud
901 2664 1080 2730 Historicos
1112 2670 1144 2730 ot
1181 2662 1328 2733 oratoru

142 2770 249 2850 μισθὸν
272 2766 376 2851 φέρειν
401 2765 563 2842 recurrit,
589 2784 747 2852 nusquam
772 2770 878 2847 μισθὸν
901 2769 1059 2852 φέρεοέιοι.
1106 2766 1167 2834 Ubi
1191 2770 1326 2856 pretia!

143 2874 299 2942 definitur
335 2871 449 2939 Graeci
485 2870 659 2956 scriptores
689 2872 796 2950 μισθόν
830 2894 888 2940 sno
924 2874 1085 2943 arbitratu
1119 2881 1179 2941 aut
1209 2873 1328 2943 addunt

143 2987 201 3047 aut
231 2979 407 3045 omittunt:
440 2973 511 3043 ἕπτ’
531 2977 659 3056 ὀβολοὺς
678 2979 786 3056 μισθὸν
820 2979 938 3061 φέρον,
972 2984 1079 3060 μισθὸν
1100 2982 1251 3066 Φέροντεε
1281 2980 1327 3051 ibt

141 3084 293 3168 δραχμὰς
316 3091 372 3159 τῆς
396 3082 533 3164 ἡμέρας,
555 3083 711 3165 τέττοοροος
732 3089 788 3158 τῆς
813 3084 929 3165 ἡμέροις
953 3087 1082 3165 ὀβολοὺς
1105 3086 1227 3170 φέρων,
1249 3086 1326 3170 τριέ-

142 3193 235 3272 βολον
259 3189 380 3273 Φέρον,
402 3195 435 3254 et
457 3188 491 3254 iu
513 3185 652 3255 Anabasi
680 3188 817 3270 ἡμιόλιον
836 3186 870 3256 οὗ
898 3191 1039 3275 πρότερον
1062 3192 1191 3277 ἔφερον,
1221 3202 1257 3261 et
1277 3194 1326 3261 da·

140 3299 237 3380 ρεινιὸν
259 3293 369 3368 irrasos
393 3293 493 3361 cicero
517 3299 571 3361 τοῦ
602 3294 719 3376 μηνός,
752 3297 785 3362 in
814 3294 932 3383 quibus
963 3296 1114 3364 omnibns
1142 3298 1251 3382 Φέρειν
1283 3316 1327 3367 rb·

142 3399 278 3490 spondet
295 3399 412 3467 Latino
433 3420 570 3466 mororm
594 3398 742 3483 φέρεσθαι
766 3401 872 3481 proto
891 3402 919 3469 si
943 3402 1064 3471 Graece
1087 3402 1269 3486 diceretur,
1290 3402 1327 3471 dc

142 3525 179 3572 en
202 3504 367 3572 diceretur
390 3505 446 3592 qni
467 3513 632 3592 acceptam
655 3505 835 3573 mercedem
859 3529 963 3574 secum
985 3511 1150 3597 uosmet,
1176 3506 1328 3597 quemad·

141 3609 272 3679 modum
295 3611 369 3698 quis
397 3611 441 3678 rob
471 3617 578 3692 πρῶτον
604 3611 772 3693 Φέρεσέοιι,
803 3613 846 3678 τοὶ
868 3614 996 3695 δεύτεροι
1018 3613 1166 3697 Φέρεοέοιι
1196 3623 1230 3682 et
1252 3616 1324 3687 nim.

140 3718 271 3785 dicitur.
325 3713 419 3802 Apud
455 3713 651 3784 Herodotum
676 3716 730 3783 lx.
756 3722 808 3783 78.
845 3718 920 3785 otim
948 3718 1104 3786 edebatur
1133 3719 1325 3802 Αιίρτονέ

140 3825 243 3892 Πύθεω
268 3822 457 3901 Αἰγινητέων
480 3822 523 3888 τοὶ
547 3828 653 3904 πρῶτον
677 3823 795 3906 Φέρων,
831 3821 884 3888 nbi
908 3822 1007 3907 φέρον
1032 3832 1146 3891 contra
1169 3824 1326 3893 librorum

140 3929 284 3996 omnium
311 3925 406 3994 iidem
438 3927 666 4013 interpolatum
692 3936 724 3995 et
754 3927 837 3994 maie
860 3927 1019 3993 Graccum
1048 3947 1119 3995 esse
1150 3949 1208 4018 pro
1235 3929 1326 4015 φερέ·

137 4059 228 4115 μενος
253 4030 492 4116 Wesseiiugins
516 4039 548 4097 et
575 4031 824 4100 Valckenacrius
847 4031 1170 4114 demonstraverunt,
1195 4036 1252 4103 sed
1277 4035 1325 4104 iu·

139 4141 188 4227 git
221 4138 292 4205 iilos
319 4133 407 4203 abiud
430 4133 645 4213 incivilium:
680 4158 792 4226 nempe
815 4139 1025 4226 participium
1059 4138 1180 4208 excidit
1208 4149 1244 4209 et
1278 4142 1327 4212 sio

139 4242 310 4330 legendum
332 4250 382 4309 est
397 4242 586 4320 Αἰγινητέων
611 4242 690 4335 (ἐὼν)
713 4243 757 4310 τοὶ
780 4247 898 4326 πρῶτοι.
931 4245 1050 4314 Notum
1070 4254 1120 4315 est
1139 4267 1204 4336 quo
1226 4268 1328 4319 sensu

139 4351 212 4435 quis
244 4348 372 4416 dicatur
404 4343 480 4413 εἶναι
512 4348 555 4414 τὰ
589 4355 706 4433 πρῶτον.
756 4348 947 4419 simillimus
973 4351 1125 4421 licrodoti
1157 4353 1251 4424 iocus
1278 4365 1330 4426 est
