2940 5010
705 280 770 344 440

191 455 334 523 Emeuda
357 453 461 519 obiter
485 453 622 542 Lysistr.
647 472 694 519 rs.
715 458 792 521 851.

326 562 399 642 πρὸς
422 566 482 626 τῶν
505 562 576 627 θεῶν
598 583 650 625 ννν
673 560 842 627 decimato
865 585 917 639 μοι
941 560 1103 644 Μυρρίνην.

252 679 285 732 Β.
321 666 404 743 ἰδού,
428 665 576 732 καλέσω
600 666 656 744 ’γὼ
679 666 831 748 Μνρρθνην
854 690 911 732 σοι.
935 669 973 734 σὺ
996 667 1028 734 δὲ
1051 668 1100 741 τίς
1123 663 1169 744 εἷς

145 791 218 838 nam
243 770 336 839 laeile
359 770 450 836 dabis
472 769 552 836 milri
576 770 656 848 tut,
680 772 871 839 ’κκαλέσα
893 774 949 852 'rei
973 792 1085 840 verum
1113 793 1183 840 esse

144 877 279 944 Plrotius
309 896 348 943 ex
370 875 478 962 aliquo
509 875 658 942 Atticista
681 874 872 964 descripsit:
906 883 1140 958 Καλοῦμενε
1174 907 1183 945 ε

143 984 396 1062 καλέσομεν,
429 978 631 1048 referendum
656 989 707 1046 est
729 981 769 1048 ad
796 982 960 1070 Aristoplr.
995 984 1079 1050 Aves
1104 1004 1150 1050 rs.
1175 988 1183 1049 i

143 1108 225 1177 quas
247 1087 360 1154 turbas
383 1086 459 1153 olim
484 1086 627 1172 imperiii
652 1085 800 1153 Graeculi
828 1087 995 1168 dederint,
1027 1089 1099 1156 vide
1122 1110 1183 1173 apu

144 1204 261 1282 pretes.

187 1297 379 1384 Pervulgato
402 1317 511 1365 errore
533 1297 690 1364 scribitur
714 1298 769 1366 lll.
793 1319 825 1365 n.
854 1305 881 1363 1.
905 1300 999 1373 ανέςη
1030 1308 1146 1381 πρῶτον
1173 1326 1183 1379 ,ι

141 1407 285 1488 piscator,
312 1402 367 1469 ubi
390 1411 504 1485 πρῶτος
530 1403 783 1471 rescribendum.

186 1509 390 1576 Manifestum
423 1507 576 1576 mendum
601 1517 749 1576 tenemus
774 1509 828 1577 lll.
853 1531 886 1576 n.
912 1516 942 1576 5.
973 1508 1111 1589 decor-ii
1134 1512 1183 1578 δεῖ

141 1616 297 1698 παρόντων
326 1613 437 1696 ἄνδρας
468 1614 605 1693 ἀγαθούς
633 1639 670 1680 τε
693 1616 793 1683 ἐλθεῖν
824 1617 876 1681 καὶ
910 1617 956 1695 μη
987 1617 1155 1698 ὑφίεσθαι·

141 1721 374 1789 alienissimum
407 1729 456 1787 est
487 1719 527 1786 ab
561 1719 622 1786 loci
652 1723 813 1788 sententia
842 1720 976 1787 verbum
1008 1723 1126 1800 ἐλθεῖν,
1159 1744 1183 1791 cr

141 1827 229 1894 aliud
254 1826 408 1893 substitui
439 1833 543 1912 potest
567 1845 663 1912 quam
687 1823 765 1891 εἶναι
790 1846 828 1892 ex
859 1837 1013 1912 perpetuo
1037 1836 1069 1894 et
1098 1828 1183 1914 ipsiu

141 1930 270 2018 phontis
289 1940 323 1997 et
345 1930 545 2017 reliquorum
569 1933 714 1998 omnium
735 1951 807 1997 usu.
857 1932 943 1997 Satis
964 1941 1014 1999 est
1037 1933 1183 2020 exemplo

142 2040 175 2103 in
201 2039 270 2124 ipsa
302 2035 464 2113 anabasi,
501 2045 537 2102 ut
559 2037 665 2102 omnis
697 2036 854 2103 dubitatio
886 2057 924 2103 ex
949 2039 1068 2105 animis
1091 2037 1182 2105 elaba

141 2147 238 2211 ἐλθεῖν
258 2162 295 2210 ex
309 2141 459 2208 omnibus
482 2141 574 2207 libris
596 2141 784 2218 excidisset,
808 2145 1030 2229 unusquisque
1048 2143 1086 2210 ad
1109 2146 1183 2231 prin

141 2252 200 2316 tim
237 2247 407 2315 lectionem
442 2243 519 2313 εῖναι
548 2247 771 2334 supplevisset.
818 2249 909 2328 Ἀνηρ
939 2250 1058 2326 ἀγαθός
1091 2270 1128 2316 eo
1154 2270 1183 2317 se

141 2363 230 2421 ctum
255 2373 330 2419 cum
355 2352 442 2418 nullo
466 2351 529 2417 alio
552 2353 649 2419 rerlro
672 2373 768 2440 quam
799 2373 873 2419 eum
906 2351 984 2421 εἶναι
1015 2364 1047 2422 et
1078 2357 1183 2435 νενέσθ

142 2460 311 2544 iungitur,
344 2457 441 2544 idque
473 2457 599 2524 dicendi
625 2478 728 2542 genus
759 2478 816 2544 per
846 2478 958 2525 omnes
985 2459 1179 2528 Graecitatis

143 2564 331 2651 permansit.
379 2563 549 2649 Sequlores
583 2563 703 2648 pariter
727 2573 759 2628 et
792 2564 991 2648 antiquiores
1022 2565 1172 2632 dicebant

142 2668 248 2751 ἄνδρες
278 2668 395 2746 ὦγαθοί
406 2718 414 2744 ,
448 2677 478 2733 el
507 2670 582 2750 θνηρ
612 2670 730 2747 ἀγαθὸς
755 2671 917 2749 γενόμενος
950 2672 1086 2736 ἀπέθανε
1118 2691 1175 2758 pro

141 2796 286 2862 poppone
317 2772 465 2839 occubuit.
512 2775 550 2839 ln
581 2773 639 2840 bac
667 2776 736 2861 ipsa
770 2797 804 2842 re
836 2775 931 2862 paulo
952 2787 1027 2841 ante
1056 2776 1183 2864 Xenopl

143 2881 267 2946 dixerat
291 2877 347 2944 lll.
372 2898 393 2943 1.
418 2882 470 2944 44.
503 2880 556 2944 καὶ
585 2884 669 2958 ἡμεῖς
701 2882 749 2947 δεῖ
769 2919 813 2931 -
837 2882 951 2956 αὐτούς
983 2906 1019 2947 τε
1050 2880 1162 2963 ἄνδρας

143 2984 220 3053 εἶναι
245 2985 298 3051 καὶ
322 2985 392 3058 τοὺς
417 2983 533 3058 ἄλλους
558 2995 764 3067 παρακαλεῖν.
813 2985 925 3053 lulelix
949 2987 1122 3054 admodum
1146 3008 1183 3054 m*

142 3093 214 3160 dem
248 3110 318 3157 esse
350 3089 478 3155 videtur
506 3089 662 3156 llindoriii
694 3092 880 3157 coniectura
907 3091 1019 3174 ἄνδρας
1052 3093 1183 3172 ἀγαθοὺς

142 3202 232 3275 θειν,
256 3194 338 3283 quod
363 3194 496 3261 verbum
517 3194 557 3260 ab
577 3196 720 3262 oratioue
744 3196 963 3283 Xenophontis
989 3198 1183 3286 (quamquan

143 3302 245 3369 multa
270 3301 386 3367 Atticis
409 3299 572 3365 vocabulis
595 3299 774 3368 admiscere
805 3302 909 3379 soliti,
934 3311 1091 3388 utsupra
1116 3312 1183 3370 oste

145 3418 211 3474 taur
234 3406 375 3471 alienum
399 3413 465 3482 est,
491 3413 526 3469 ut
549 3405 628 3471 milri
653 3405 692 3471 ad
720 3406 798 3474 haec
821 3408 929 3474 veniat
949 3409 981 3473 in
1010 3411 1183 3478 menteml

144 3512 263 3589 minis,
296 3512 352 3598 qul
383 3508 501 3576 Gallice
530 3509 736 3596 pereruditus
763 3532 864 3599 quum
888 3512 985 3580 verba
1008 3514 1176 3581 llenandri

143 3638 235 3695 sum,
268 3614 398 3680 lumen
425 3613 506 3679 citit
537 3636 630 3681 ante
652 3616 790 3682 alienum
809 3628 907 3702 puto,
942 3617 1061 3686 Graece
1087 3619 1183 3686 vellet

142 3743 217 3791 cum
239 3719 341 3788 multa
364 3720 523 3804 gravitate
545 3718 644 3786 dixit:
665 3724 840 3805 Ἄνθρωπος
864 3723 960 3790 πέλω.
1008 3725 1096 3807 Quae
1116 3745 1181 3811 opu

144 3830 296 3919 phontem
324 3825 431 3893 lonica
457 3833 490 3892 et
511 3825 625 3891 llorica
653 3837 850 3905 occurrunt,
879 3850 916 3895 ea
936 3831 1044 3896 omnia
1068 3851 1106 3897 ex
1136 3830 1183 3898 lre

143 3938 226 4002 simo
249 3931 506 3999 commilitonum
529 3939 562 3996 et
583 3930 741 3998 sodalium
768 3954 849 4011 usu,
882 3935 928 4000 lta
950 3935 996 4002 uti
1031 3934 1086 4014 lit,
1119 3956 1183 4023 pau

144 4044 213 4128 ipse
245 4036 380 4105 subinde
413 4055 570 4123 usurpare
599 4038 724 4124 eoepit,
759 4039 943 4106 cuiusmodi
976 4049 1053 4107 sunt
1087 4042 1183 4123 πέεαρ

143 4134 319 4224 κέκτημαι,
343 4150 400 4209 atti
420 4144 548 4223 paceio
572 4162 629 4230 pro
652 4143 751 4226 ζητῶ,
774 4147 955 4220 antelmius
977 4167 1034 4234 pro
1056 4149 1183 4224 ἕνανεθοη

61 4274 63 4279 ·
144 4251 267 4329 multa,
292 4269 373 4335 quae
397 4248 548 4315 omnibus
577 4258 669 4316 erant
693 4251 814 4337 passim
843 4252 876 4317 in
909 4271 974 4319 ore.
1021 4251 1082 4319 Sed
1114 4254 1183 4340 quis

140 4357 272 4423 τελέθειν
294 4374 351 4441 pro
379 4351 456 4421 εῖναι
484 4363 550 4422 tam
572 4356 687 4422 tritum
716 4354 838 4434 inisse,
864 4366 901 4423 ut
928 4357 1102 4443 Xenophon
1128 4380 1183 4446 pro
