2940 5010
150 118 282 199 βίαια
315 123 427 200 χρῆναι
463 117 603 201 πάσχειν
636 116 742 184 αὐτόν.
798 117 900 185 ilabct
934 121 1019 185 eninr
1053 120 1192 203 πάσχειν
1228 132 1341 210 suuptc

151 232 270 291 nutura
294 232 422 311 practer
452 231 542 290 certa
562 221 718 311 quaedam
743 222 895 291 adverbia
925 244 1035 293 secum
1067 224 1246 294 adiectiro:
1280 229 1341 296 πά-

150 352 223 413 σχω
244 339 358 410 γελοῖα
381 338 414 397 et
441 329 564 411 χελοῒάν
587 355 617 396 τι
639 328 759 410 πάσχω
783 328 941 396 Graecum
965 340 1036 411 est,
1059 351 1123 397 non
1147 333 1266 415 πάσχω
1288 336 1342 415 yd-

149 450 251 503 λωτα.
298 438 432 520 Παράχω
451 437 581 516 γέλωτα
606 436 787 502 rectissimo
809 434 922 513 babet,
946 437 1000 503 cui
1027 436 1152 505 scribae
1181 458 1341 507 nonnum-

150 560 250 629 quam
274 542 394 626 πάσχω
418 543 547 622 γέλωτα
568 540 809 607 substituerunt
836 540 891 607 sed
917 540 1029 610 hundo
1053 543 1233 611 manifesta.
1280 546 1341 611 Eo·

149 644 226 715 dem
250 647 344 714 modo
368 649 453 716 δεινά
476 649 633 731 πάσχειν,
657 647 783 728 οἰκτρά,
806 648 947 730 αἰσχρά,
972 645 1063 727 ductor
1097 648 1237 732 πάσχειν
1261 649 1340 717 dici·

149 760 229 829 tur,
260 752 308 820 sic
340 754 458 837 τερπνά
481 756 589 820 παθεῖν
618 761 650 819 et
678 754 804 834 τερπνὸν
826 752 855 818 εἴ
875 754 907 819 τά
930 776 988 819 που
1017 754 1126 832 πάάοι,
1161 758 1207 821 sic
1239 755 1341 841 igitur

149 866 184 925 ei
207 859 301 940 βίαια
322 859 443 943 πάσχω
467 867 501 925 ct
522 860 625 939 βίαιόν
646 883 675 924 τι
700 858 829 940 πάσχω.
878 858 1083 948 Thucydides
1103 858 1158 926 ΙΙΙ.
1185 865 1237 927 59.
1262 862 1341 928 άπά·

147 987 243 1039 emor
265 966 324 1045 μέν
345 990 387 1045 χε
408 972 467 1032 τῶν
489 965 593 1046 βίαιάν
614 989 645 1030 τι
670 964 859 1047 πασχόντων
887 963 961 1034 driu.
1007 963 1201 1033 Plutarchus
1225 966 1257 1032 in
1285 968 1341 1033 Pc-

121 1052 230 1137 'rhode
265 1090 335 1159 cap.
356 1075 412 1138 29.
446 1073 614 1151 Αῐχινῆτοιι
644 1070 676 1136 δὲ
711 1072 878 1135 κακοῦσθαι
902 1070 1059 1144 δοκοῦντες
1083 1070 1136 1136 καὶ
1158 1070 1253 1150 βίαια
1278 1073 1339 1139 πά-

145 1198 251 1261 σχειν.
298 1178 467 1245 Praeterea
491 1176 562 1243 nido
586 1196 682 1263 quam
708 1175 952 1242 commendetur
973 1196 1011 1241 oa
1033 1175 1216 1243 emendatio
1244 1178 1340 1245 libro·

148 1300 224 1349 rum
249 1283 432 1371 scripturis.
480 1282 515 1349 ln
541 1282 673 1368 optimis
701 1289 750 1347 cst
780 1283 840 1362 βία
871 1291 1007 1364 χρῆναι,
1039 1281 1072 1346 in
1104 1281 1230 1350 duobus
1263 1284 1340 1365 βίαν

146 1396 286 1471 χρῆναι,
317 1407 400 1475 quac
434 1387 538 1455 [utitis
577 1387 664 1452 itlius
697 1388 880 1474 scripturae
911 1387 1169 1456 eorrectiuucuta
1204 1397 1274 1467 ost,
1308 1392 1340 1457 in

147 1493 289 1560 cacteris
311 1492 462 1579 omnibus
485 1494 592 1560 δίκαια
614 1501 727 1575 χρῆναι
753 1492 903 1574 πάσχειν.
950 1492 1010 1560 Est
1045 1504 1154 1561 autern
1182 1497 1262 1562 satis
1285 1490 1340 1561 no-

147 1604 222 1665 tum
247 1617 344 1685 qnam
370 1618 464 1686 saepo
490 1599 593 1680 βίαιος
619 1600 650 1663 in
671 1599 804 1680 βέβαιος
829 1599 995 1686 corrumpi
1025 1598 1136 1667 soleat.
1183 1599 1341 1668 Coninndi

148 1704 184 1771 in
207 1702 302 1771 libris
322 1704 426 1785 βίαιος
451 1714 484 1772 et
506 1705 620 1778 δίκαιος
639 1703 719 1771 benc
742 1703 852 1769 docuit
875 1701 1059 1770 Dindorhus
1084 1704 1124 1772 ad
1149 1705 1259 1793 steph.
1279 1706 1339 1773 Th.

146 1828 181 1879 v.
205 1810 333 1885 Δίκαιος
358 1811 502 1899 apposite
524 1810 662 1877 aderens
686 1818 718 1876 et
740 1808 802 1876 aiia
825 1818 897 1875 etc
926 1809 1079 1899 Dionysio
1110 1810 1211 1877 italic.
1236 1814 1274 1881 Α.
1302 1813 1340 1879 n.

147 1914 204 1983 IV.
228 1918 285 1983 52.
319 1918 579 1998 repsonderunt
603 1916 667 1997 γάρ
692 1915 940 1982 eatretinere
965 1917 1034 1998 ἐρῶν
1062 1915 1115 1982 καὶ
1145 1918 1171 1984 εἰ
1199 1919 1244 1996 μὴ
1273 1920 1339 1986 τεί-

146 2022 206 2089 άσιο
235 2020 451 2089 τὸδίκαιον
480 2020 624 2104 πράξων,
657 2020 711 2087 ubi
746 2020 850 2087 Codex
886 2021 1020 2088 Urbicus
1054 2022 1195 2090 servavit
1229 2043 1339 2090 ueram

147 2124 319 2195 lectionem
341 2128 386 2193 τά
408 2128 533 2207 βίαια
557 2126 691 2209 πράξων.

192 2231 287 2315 Quod
320 2230 416 2299 modo
450 2232 596 2300 dicebam
631 2234 771 2317 πάσχειν
802 2240 835 2298 et
858 2241 1039 2315 παρασχεῖν
1072 2230 1226 2299 contundi
1261 2253 1340 2301 nns-

146 2358 247 2429 qnam
283 2347 333 2405 est
367 2336 571 2405 manifestius
596 2357 692 2425 qnam
726 2336 810 2425 apud
835 2337 997 2405 lulianum
1032 2358 1062 2424 p.
1084 2342 1160 2405 287.
1195 2336 1213 2404 ά
1238 2364 1269 2405 τι
1300 2339 1340 2406 άν

145 2442 248 2529 {noir
270 2444 347 2519 θεοῖς
368 2444 461 2527 Φάλον
485 2453 715 2525 παρασχεῖν
739 2445 756 2521 ἢ
777 2442 945 2526 πράττειν,
971 2443 1023 2510 uhi
1044 2444 1218 2526 πάσχεινῆ
1238 2443 1338 2525 πράτ-

143 2574 211 2619 τειν
235 2549 461 2637 unnsquisque
482 2549 570 2615 videt
590 2550 724 2636 requiri.
773 2550 810 2616 ln
832 2549 1056 2617 Demosthenis
1080 2569 1163 2636 quae
1187 2548 1338 2616 teruntur

143 2656 317 2739 Προοιμάοις
340 2656 430 2724 XXI.
454 2654 488 2721 in
512 2655 592 2721 hnc:
624 2654 701 2723 οὕτω
724 2655 789 2737 γάρ
818 2655 919 2721 οὐκέτι
943 2660 997 2722 τοῦ
1025 2661 1134 2722 λοιποῦ
1164 2663 1338 2739 σχσῑμεν

142 2760 185 2829 ln
207 2768 311 2836 κακῶς
343 2768 506 2848 receptam
542 2763 686 2848 oportuit
710 2760 913 2827 verissimam
938 2759 1109 2827 tectionem
1143 2767 1198 2827 τοῦ
1228 2766 1337 2827 λοιποῦ

142 2866 386 2950 πάσχοιμεν
409 2867 449 2935 άν
469 2874 581 2939 κακῶς.

192 2970 299 3039 Verba
332 2972 553 3060 Xenophontis
588 2971 620 3037 in
658 2971 920 3038 Anab.V11.u1.
954 2976 1007 3037 57.
1043 2977 1095 3039 νῦν
1127 2972 1201 3051 ὑμῖν
1238 2969 1337 3048 ἔξετιν

142 3078 434 3157 intumuimus
465 3078 645 3161 πορεύεσθαι
678 3074 738 3162 ὅπῃ
772 3078 811 3145 άν
843 3075 953 3154 ἕλνσάε
991 3096 1119 3164 semper·
1152 3075 1235 3143 mihi
1267 3077 1337 3144 visa

142 3189 225 3249 sunt
248 3202 347 3250 mann
372 3182 491 3250 ducere
514 3182 555 3250 ad
576 3182 834 3251 emendationem
863 3183 926 3250 loci
951 3180 1153 3271 Thucydidei
1175 3184 1201 3249 1.
1226 3186 1281 3250 θλ.
1311 3182 1343 3249 οἵ

142 3312 183 3357 τε
205 3289 354 3373 πρέσβεις
379 3291 528 3371 ἑκατέρων
555 3291 693 3365 άπῆλάον
715 3290 767 3355 ἐπ’
793 3288 873 3355 σάκον
906 3289 1213 3368 άνεπικλνὶτως,
1247 3308 1337 3354 nam·

141 3412 210 3483 que
236 3396 390 3462 vitiosum
423 3395 582 3463 essehoc
618 3392 807 3460 adverbium
832 3415 890 3461 nec
924 3396 971 3462 rei
1008 3394 1210 3461 conueniens.
1259 3393 1338 3476 Quis

141 3506 196 3569 ost
217 3500 253 3566 in
285 3499 343 3566 tati
367 3520 404 3567 ro
438 3503 598 3578 ἐπικλήσει
630 3499 746 3566 locus?
795 3497 892 3568 Abire
914 3499 1073 3567 volentem
1109 3500 1249 3565 retinere
1279 3518 1337 3585 per

140 3604 212 3673 vim
230 3613 264 3673 ct
287 3626 350 3672 non
373 3605 538 3673 dimittere
560 3615 610 3673 est
640 3604 918 3687 ἐπιλαμβάνεσθαί
941 3630 1021 3680 τινος
1053 3612 1085 3670 ot
1115 3602 1196 3669 nibil
1227 3604 1336 3691 aptius

139 3718 195 3781 est
218 3710 419 3803 Thucydidis
442 3712 512 3780 loco
535 3732 633 3799 quam
653 3714 896 3791 άνεπιλήπτως,
921 3720 957 3779 ut
981 3710 1066 3798 apud
1091 3709 1335 3798 Xenophontem

139 3822 261 3885 exstat.

194 3922 230 3989 in
262 3923 325 4003 iis,
358 3944 440 4011 quae
466 3925 619 3991 continuo
651 3923 737 4013 opud
766 3922 1008 4010 Xenophontem
1043 3931 1246 4010 sequuntur:
1281 3923 1334 3988 xci

138 4040 288 4105 πλεῖτε
320 4028 390 4097 ἔνθα
418 4032 453 4107 tt
483 4032 666 4111 ἐπεθυμεῖτε
696 4029 800 4097 πάλαι
830 4029 943 4117 optinui
974 4037 1071 4097 testes
1095 4026 1240 4097 inferunt
1258 4027 1326 4096 foe·
