2940 5010
632 278 695 341 677

68 447 154 517 iuter
183 459 213 517 rt
229 470 367 539 paperem
390 451 474 536 opud
505 449 696 518 Mantineam
728 453 917 519 interrant.”
963 453 1025 519 din
1049 448 1148 517 vero?
1174 448 1251 515 ller-

67 556 217 643 mippum
242 557 325 623 serio
347 555 522 623 credidisse
554 555 635 623 dicis
669 558 832 625 Socratem
864 558 965 647 Grylli
995 559 1027 623 in
1059 555 1252 622 llantinensi

64 661 190 751 proelio
213 663 310 728 occisi
336 661 447 728 laudes
473 664 593 750 scripta
615 665 759 730 oratione
783 663 982 735 celebrasse.
1016 663 1071 749 qui
1097 681 1157 727 non
1184 670 1253 724 tan·

66 775 142 834 tum
173 766 320 834 XXXVII
343 769 437 832 annis
460 776 532 854 post
568 768 709 835 Socratis
741 776 877 835 rnorlem
902 767 1042 842 eccidit,
1068 766 1123 832 sed
1159 774 1255 830 natus

65 871 148 941 aden
170 882 219 940 est
239 874 333 939 annis
357 872 478 959 aliquot
501 882 668 960 postquam
697 874 845 940 Socrates
869 882 918 940 est
948 881 1106 939 mortuus.
1154 870 1255 955 Equi-

64 976 142 1045 dem
181 978 365 1044 istiusmodi
402 978 616 1045 eruditionem
652 999 715 1045 nou
748 1000 851 1046 euram
886 979 1000 1044 vitiosa
1042 996 1136 1042 nuce.
1194 973 1256 1040 Sed

67 1101 135 1151 unu
157 1082 288 1150 literula
311 1092 344 1148 et
368 1103 426 1149 nos
451 1093 484 1151 et
510 1085 720 1170 Hermippum
742 1084 897 1170 expediet.
945 1084 1012 1149 Non
1037 1082 1123 1148 enim
1147 1081 1255 1145 Socra·

68 1199 133 1257 tam
157 1188 214 1256 aad
236 1188 407 1255 Isocratem
441 1189 500 1256 hoc
526 1189 638 1256 iecisse
661 1191 852 1276 scripserat,
885 1189 915 1254 id
942 1188 1025 1274 quod
1057 1206 1113 1273 per
1138 1195 1259 1272 tempo·

10 1380 15 1389 ¹
66 1312 145 1363 rum
180 1296 321 1362 rationes
357 1296 470 1382 utique
514 1295 583 1361 lieri
625 1295 756 1380 potuit,
794 1314 990 1380 quamquam
1027 1292 1147 1359 iactum
1184 1310 1254 1357 esse

10 1412 15 1465 ε
67 1398 153 1467 mibi
181 1398 313 1486 quidem
347 1420 408 1465 non
447 1398 575 1466 ridetur
615 1401 720 1466 simile
756 1401 836 1465 reri.
897 1401 996 1466 Recte
1031 1418 1117 1464 nunc
1149 1397 1258 1464 editur

10 1494 156 1595 itpttd
185 1503 359 1590 Diogenem
394 1504 498 1572 baert.
520 1505 559 1570 ll.
585 1510 638 1570 bb
683 1505 860 1587 Ἕρμνππος
887 1508 917 1571 ἕν
943 1507 985 1588 τῷ
1017 1505 1084 1586 περ)
1114 1501 1256 1585 Θεοφρά·

10 1626 124 1681 ‘e'ttt
152 1609 219 1677 atati
248 1610 486 1692 Ἰσοκράτην
517 1611 595 1693 φησὶ
621 1611 759 1693 Γρύλλου
784 1612 935 1690 ἐγκώμιον
970 1608 1119 1692 recreat
1121 1633 1187 1682 νου,
1218 1627 1257 1673 ex

10 1714 22 1797 ἑ
66 1722 159 1783 narln
186 1715 315 1781 Luaacii
348 1713 571 1781 emendatione
599 1736 656 1802 pro
687 1717 740 1781 κκὶ
772 1716 950 1797 Σωκράτην.
1007 1714 1106 1799 Saepe
1133 1711 1257 1777 librarii

10 1808 22 1899 ὲ
68 1819 230 1903 σωκράτης
254 1828 286 1886 et
319 1820 481 1901 irreptione
513 1821 659 1908 ineptum
693 1822 725 1887 in
754 1821 884 1887 modum
916 1819 1148 1893 contuderunt.
1182 1838 1256 1883 nus·
1330 1813 1357 1868 T

10 1908 21 1987 i
69 1944 170 2015 quam
196 1925 337 2011 ineptius
371 1945 467 2012 quam
505 1925 563 1992 boc
600 1926 688 2003 loco,
725 1924 778 1994 ubi
812 1926 916 2008 εἴρωνος
951 1926 1095 1990 Atticum
1128 1931 1258 2008 repente

10 2052 27 2113 ρ,
69 2037 200 2120 praeter
231 2041 380 2097 naturam
406 2040 438 2097 et
470 2033 671 2119 propositum
701 2033 863 2097 orationes
897 2031 1090 2097 scribentem
1125 2028 1257 2095 induxe-

10 2120 18 2191 -¹'
65 2144 166 2213 root,
189 2134 287 2222 idque
311 2138 343 2201 in
369 2137 495 2203 laudem
522 2138 628 2214 illius,
661 2138 716 2224 qui
739 2145 811 2224 post
833 2137 903 2203 eius
925 2144 1060 2200 mortem
1086 2144 1180 2200 natus
1204 2135 1256 2200 sit.

10 2230 16 2287 i
69 2240 249 2323 Ἰσοκράτης
271 2250 302 2308 et
324 2241 491 2323 Σωκράτης
516 2244 548 2307 in
574 2243 665 2309 libris
690 2243 801 2309 erebro
824 2241 1004 2329 permutari
1034 2239 1159 2306 docebit
1182 2239 1257 2305 Gee-

68 2345 137 2415 llus
173 2348 207 2412 in
239 2345 317 2411 bibl.
353 2348 430 2412 crit.
456 2347 540 2413 Nora
561 2347 585 2413 l.
609 2370 640 2435 p.
667 2352 729 2425 δά,
763 2356 794 2413 et
823 2347 928 2413 Wale.
964 2347 996 2410 in
1024 2345 1118 2411 libet.
1154 2345 1207 2411 Gr.
1232 2345 1256 2410 l.

66 2472 100 2541 p.
122 2455 180 2521 22.
228 2452 298 2517 Noli
329 2451 477 2519 dubitare
513 2453 589 2538 quin
616 2452 700 2519 idem
733 2451 887 2518 mendum
918 2450 1057 2517 insideat
1090 2451 1190 2516 Teleti
1223 2450 1255 2514 in

68 2556 161 2627 Slob,
184 2556 294 2624 Floril.
318 2562 372 2623 40.
400 2562 432 2624 8.
466 2560 533 2623 cai
564 2559 784 2640 Σωκράτην
809 2559 865 2637 μὲν
890 2560 1064 2624 ἐτουνοῦσνν
1092 2553 1166 2622 drea
1189 2557 1255 2621 ἕντο·

64 2662 311 2744 λαμβανόμενος
334 2664 500 2738 ’diarriae
521 2663 619 2746 λε’ρη·
645 2667 671 2728 οἱ
695 2665 752 2742 μὲν
775 2663 1010 2744 pererraverat
1035 2663 1088 2745 ἐφ’
1111 2657 1153 2735 οἷς
1177 2676 1254 2727 κοιλ·

64 2767 255 2851 tertianam
281 2769 424 2850 ὑπεράροοο
447 2770 634 2848 τεθαμμένοι
663 2770 745 2848 riri,
775 2769 819 2834 τά
842 2769 868 2833 δ’
900 2768 995 2841 ὀνείδη
1025 2774 1081 2841 τῆς
1104 2766 1254 2848 δημοκροο·

66 2874 142 2949 riae
166 2874 198 2937 ir
219 2881 283 2948 τοῖς
314 2874 466 2953 δημοσίοις
491 2874 625 2957 τάφοις,
650 2893 789 2959 namque
812 2871 916 2959 palam
939 2879 988 2937 est
1012 2870 1132 2953 corrigi
1163 2889 1254 2956 opor·

67 2986 142 3049 iero
167 2978 230 3045 ital
259 2979 483 3060 Ἰσοκράτην
516 2982 573 3060 μὲν
605 2982 777 3045 ἐποιονοῦσνν
801 2980 866 3044 reri.
914 2974 1051 3043 loculari
1076 2973 1191 3040 mendo
1214 2974 1257 3041 le·

69 3082 212 3175 gebatur
229 3084 312 3171 apud
326 3082 535 3150 Menandrum
562 3084 655 3151 rhet.
670 3085 709 3150 ll.
728 3091 757 3150 t.
782 3086 808 3150 ci
832 3084 888 3164 μὲν
911 3081 1149 3164 τυραννουμένην
1171 3082 1260 3147 ἕπου·

10 3226 12 3231 ·
67 3192 152 3268 κοίης
175 3190 266 3256 πάλιν
285 3192 333 3256 δεῖ
351 3193 390 3264 ὡς
411 3190 659 3269 βασιλευομένην
684 3193 840 3267 tarteria.
863 3193 902 3263 ὡς
926 3191 957 3253 ἐν
979 3196 1067 3262 τοῖς
1094 3187 1258 3253 Kratei-

69 3322 132 3374 οος
160 3298 176 3364 l
202 3296 361 3377 Κράτης
393 3298 568 3370 τετοίηκεν.
619 3295 733 3361 Veram
759 3295 930 3362 lectionem
963 3295 1088 3380 primus
1112 3293 1257 3357 omnium

66 3404 217 3475 restituit
242 3402 402 3468 lleursius
427 3402 459 3465 in
483 3401 572 3467 blisc.
604 3399 717 3467 Lacon.
754 3422 783 3488 p.
807 3405 894 3484 rae,
925 3403 964 3473 cic
995 3401 1026 3467 ἐν
1059 3402 1109 3482 τῷ
1141 3408 1259 3465 Νικο-

65 3509 202 3579 erret
237 3506 475 3587 Ἰσοκράτης
502 3507 678 3581 τετοίηκεν.
736 3506 797 3573 Sed
829 3505 907 3572 baec
944 3505 1057 3572 obiter.
1094 3503 1258 3572 Bentleius

67 3616 106 3685 iu
130 3612 185 3680 illa
216 3622 308 3699 parte
331 3611 566 3678 dissertationis
598 3610 692 3697 paulo
726 3611 933 3679 festinantius
957 3610 1121 3686 scribens,
1156 3631 1259 3696 quum

67 3738 232 3791 mmmam
265 3719 312 3783 rei
336 3717 498 3803 praeclare
522 3720 766 3797 constituisset,
797 3720 827 3783 ἐν
860 3727 924 3792 τοῖς
949 3717 1034 3783 carri
1061 3717 1150 3798 μέρος
1184 3719 1259 3783 sub·

67 3823 150 3894 inde
180 3825 322 3901 errarit,
357 3831 392 3888 ut
423 3825 532 3890 statim
565 3824 604 3890 de
636 3825 742 3912 Anyto
776 3824 920 3890 scribens
952 3824 984 3887 iu
1017 3842 1135 3888 norum
1170 3842 1256 3888 erro·

66 3948 143 3999 rem
166 3948 201 3996 se
225 3929 407 4016 implicuit,
439 3927 564 4015 dequo
594 3950 666 3994 mox
690 3928 847 3996 dicemus.
898 3927 959 3994 Sed
988 3927 1079 4012 prius
1111 3926 1258 3994 ostende·

65 4054 148 4107 mus
173 4054 255 4121 quac
282 4054 332 4100 res
360 4034 459 4122 Anyti
485 4037 566 4100 iram
598 4037 628 4098 in
655 4034 818 4101 Socratem
846 4033 992 4100 moverit.
1040 4031 1255 4099 Luculentum

64 4140 295 4209 testimonium
317 4140 349 4204 iu
374 4138 457 4205 lrano
480 4161 547 4207 rem
571 4140 745 4226 Xenophon
771 4140 856 4207 dicet
879 4141 910 4205 in
942 4137 1084 4205 Socratis
1105 4135 1257 4221 Apologia

68 4249 171 4334 529.
197 4242 363 4322 Sacrator,
388 4246 514 4331 inquit,
539 4254 608 4333 post
632 4247 932 4315 condemnationem
948 4248 1080 4310 νΑνυτον
1107 4242 1257 4323 repelare

67 4351 143 4422 ibuit
165 4346 271 4419 abrec·
306 4354 381 4418 ritt'
404 4354 419 4416 ὁ
440 4353 497 4432 μὲν
520 4355 594 4435 άνηρ
618 4351 667 4421 ὅδε
692 4356 818 4439 sulpic,
849 4357 888 4430 ὡς
912 4351 1000 4433 μένον
1025 4376 1054 4418 το
1086 4350 1138 4417 reni
1163 4351 1257 4416 κοολὸν
