2940 5010
632 315 682 361 xxt

59 484 175 572 quibus
198 493 230 552 et
258 487 325 572 ipse
356 482 437 549 nihil
466 482 552 550 aliud
584 503 737 571 reponam
760 504 856 570 quam
884 483 968 570 quod
993 483 1235 570 epigrammatis

59 611 190 670 auctor:
1288 672 1302 694 a

1226 700 1267 765 el,
1285 710 1382 757 conr.

237 726 281 789 eoi
305 727 362 804 μὲν
384 730 490 791 ταῦτα
513 725 645 791 δοκοῦντ’
669 725 726 795 deor
740 726 837 825 23³⁰)
863 727 894 792 δὲ
917 725 1003 792 τάδε.

662 811 742 835 μ...

104 841 240 909 Omnino
259 864 322 910 non
347 845 470 913 deesset
493 845 574 912 mibi
596 844 709 932 longae
732 843 937 933 praelationis
967 845 1103 911 materia
1125 845 1153 909 si
1173 842 1238 910 vel-

23 946 24 950 *
60 962 122 1031 lem
147 963 309 1030 nonnullis
333 964 543 1051 respondere,
563 965 680 1052 quibus
700 984 771 1033 mea
788 964 936 1032 vellicare
959 972 992 1032 et
1015 983 1146 1051 carpere
1170 973 1237 1029 stu·

60 1083 111 1152 dio
135 1082 215 1163 luit,
239 1088 358 1172 quique
382 1086 462 1152 mibi
486 1095 647 1172 tamquam
673 1085 791 1152 bellum
815 1086 1011 1153 indixerunt.
1044 1084 1107 1152 Sed
1128 1103 1164 1151 ea
1185 1103 1238 1149 res

60 1224 163 1292 neque
189 1205 269 1271 mibi
290 1205 395 1292 placet
418 1226 521 1293 neque
543 1206 655 1273 utilem
684 1226 753 1273 esse
776 1205 927 1272 arbitror.
975 1206 1110 1292 Pergam
1141 1203 1240 1270 libere

60 1324 166 1393 dicere
189 1325 273 1412 quod
294 1327 453 1393 sentiam:
477 1326 668 1414 obloquatur
689 1336 720 1394 et
738 1327 911 1414 redarguat
931 1327 985 1413 qui
997 1326 1116 1413 poterit
1133 1333 1165 1391 et
1185 1323 1241 1410 qui

60 1444 154 1512 volet.
201 1447 278 1513 Uter
312 1449 435 1513 veriora
459 1445 577 1514 dixerit
603 1454 663 1516 τῶν
685 1448 851 1515 ἐπαϊόντων
874 1447 983 1516 τούτου
1006 1447 1072 1529 πέρι
1097 1445 1238 1531 cognitio

62 1566 283 1655 iudiciumque
309 1577 387 1634 esto.
424 1566 458 1634 Si
482 1569 555 1654 quis
578 1587 683 1635 meam
704 1570 897 1636 sententiam
922 1567 1048 1635 indocte
1073 1575 1106 1632 et
1125 1563 1241 1652 cupide

61 1688 187 1766 reiicit,
211 1685 287 1754 dum
302 1688 395 1755 modo
411 1689 455 1755 sit
477 1707 569 1766 uera,
595 1690 692 1755 etiarn
711 1708 764 1755 me
786 1696 911 1755 tacente
931 1707 993 1753 non
1015 1685 1150 1754 deerunt
1169 1683 1241 1748 vin·
1290 1674 1292 1679 ’

62 1805 150 1874 dices
171 1809 326 1873 veritatis.
375 1801 450 1873 ‘Nisi
480 1815 587 1874 autem
619 1816 726 1874 essent
761 1807 876 1894 quide
899 1807 950 1873 bis
978 1804 1075 1873 rebus
1098 1803 1242 1872 iudicare

62 1935 215 2013 possent,
239 1927 356 2014 quibus
378 1926 530 2006 tandem,
554 1948 694 2015 quaeso,
719 1926 959 1995 scriberemus?
1005 1924 1151 1992 Proiecto
1173 1923 1242 2012 plu-

62 2049 183 2114 rimum
208 2046 297 2114 abest
320 2057 357 2114 ut
379 2067 474 2134 aegre
495 2047 594 2115 leram
619 2068 687 2115 csse
716 2050 772 2135 qui
806 2047 885 2114 milri
909 2048 1029 2113 acriter
1051 2066 1089 2112 ac
1113 2054 1243 2110 strenue

63 2167 295 2235 contradicant.
349 2168 493 2255 Namque
527 2174 559 2233 et
587 2169 655 2254 ipse
689 2165 909 2233 lubentissime
943 2164 1091 2231 omnibus
1126 2182 1243 2251 magna

63 2307 137 2354 cum
160 2287 309 2354 libertate
331 2289 416 2355 soleo
439 2286 660 2354 contradicere
683 2294 715 2353 et
739 2285 834 2351 lalsas
857 2285 1022 2373 opiniones
1052 2302 1243 2370 erroresque

64 2406 257 2494 redarguere
280 2427 391 2474 eornm
415 2407 607 2494 praesertim
629 2427 709 2494 quos
733 2405 848 2473 faciam
883 2405 1026 2472 maximi.
1073 2405 1244 2472 Lubentis·

64 2529 146 2596 sime
169 2548 244 2595 cnm
268 2529 424 2595 llcinelrio
447 2535 479 2596 et
502 2527 674 2595 llindorliis
703 2536 735 2595 et
758 2527 918 2615 Bergida,
948 2535 980 2594 et
1003 2529 1031 2592 si
1054 2528 1128 2614 quis
1158 2527 1243 2594 alius

64 2647 188 2717 estiis
212 2649 350 2729 similis,
374 2649 565 2717 contendere
586 2648 692 2728 soleo,
725 2668 787 2715 non
813 2647 920 2716 hercle
943 2660 981 2714 ut
1003 2648 1179 2737 quidquam
1204 2649 1245 2715 de

65 2769 193 2838 illorum
223 2772 366 2837 virorum
398 2769 492 2837 laude
519 2768 647 2836 invidus
678 2767 844 2836 detraham
878 2767 975 2858 (absit
1005 2787 1025 2834 a
1053 2788 1105 2835 me
1135 2769 1245 2836 istius·

64 2890 150 2958 modi
173 2892 389 2975 caenodoxiae,
415 2888 684 2978 quemadmodum
709 2896 759 2956 sat
782 2890 849 2955 scio
871 2895 904 2954 et
927 2888 996 2956 illos
1018 2888 1100 2954 mibi
1122 2909 1186 2955 non
1206 2909 1244 2955 eo

66 3014 173 3080 animo
201 3032 441 3101 nonnumquam
465 3011 716 3100 contradicere),
747 3009 803 3078 sed
827 3030 866 3076 ne
886 3028 1028 3087 errores,
1057 3029 1138 3096 quos
1162 3009 1246 3076 iorte

66 3133 306 3210 commiserint,
332 3133 446 3200 talium
470 3133 610 3198 virorum
647 3132 840 3198 auctoritate
872 3126 1088 3195 stabiliantur.
1135 3128 1244 3195 Nemi-

66 3274 140 3322 nem
160 3253 289 3320 illornm
311 3274 380 3321 esse
403 3262 492 3319 certo
512 3253 579 3319 scio
602 3252 657 3338 qui
680 3269 741 3314 non
765 3247 877 3336 probet
900 3254 932 3315 et
955 3256 1109 3335 sequatur
1132 3247 1243 3317 Socra·

64 3378 107 3443 tis
130 3376 321 3443 sententiam
346 3377 379 3439 in
402 3373 544 3439 Platonis
576 3370 693 3458 Gorgia
723 3390 753 3457 p.
774 3374 849 3436 458.
874 3370 911 3435 t.
945 3367 996 3434 bis
1018 3368 1124 3435 verbis
1146 3390 1244 3458 expo·

65 3499 178 3563 sitam:
211 3497 272 3574 ἐγὼ
294 3495 325 3560 δὲ
356 3496 443 3560 τίνων
466 3492 531 3575 εἶμί
543 3516 550 3570 ;
583 3499 642 3560 τῶν
662 3492 752 3570 ἡδέως
780 3493 837 3572 μὲν
860 3490 899 3557 ἂν
924 3492 1137 3574 ἐλεγχθέντων
1160 3495 1190 3559 al
1211 3517 1244 3563 τι

64 3618 110 3698 μὴ
134 3618 244 3691 ἀληθὲς
276 3614 381 3695 λέγω,
413 3615 502 3691 ἡδέως
524 3615 551 3679 δ’
573 3613 611 3680 ἂν
642 3612 839 3693 ἐλεγξάντων
866 3612 896 3678 ed
923 3611 971 3687 τίς
994 3636 1024 3678 τι
1055 3615 1100 3693 μὴ
1129 3616 1242 3692 ἀληθὲς

65 3738 174 3818 λέγω,
209 3739 261 3802 οὐκ
292 3735 449 3818 delicere
472 3733 590 3815 μέντᾶν
612 3734 863 3816 ἐλεγχθέντωνῆ
897 3731 1103 3813 ἕλενξνίντννν.
1138 3736 1242 3819 μεῖζον

66 3862 130 3944 γὰρ
150 3859 227 3927 αὐτὸ
246 3859 364 3936 ἀγαθὸν
384 3861 520 3938 ἡγοῦμαι
539 3853 655 3940 ὅσῳπερ
676 3854 781 3938 μεῖζον
800 3853 917 3934 ἀγαθόν
936 3856 999 3925 ε’ςνν
1020 3857 1113 3922 αὐτὸν
1135 3858 1242 3923 daea-

66 3990 204 4063 λοιγῆνννι
228 3981 357 4063 ψευδοῦς
380 3977 468 4056 δόξης
492 3981 509 4057 ἢ
533 3977 629 4045 ἄλλον
653 3976 853 4054 ἀπαλλάξαι.
901 3975 1043 4043 Eandem
1076 3997 1134 4064 ego
1157 3997 1244 4044 scm-

68 4123 125 4192 per
148 4111 180 4169 et
203 4100 333 4191 probavi
358 4109 390 4167 et
418 4106 548 4166 secutus
572 4118 662 4165 sum:
696 4099 802 4185 itaque
826 4096 1051 4165 dissentientes
1075 4106 1106 4165 et
1131 4106 1244 4166 contra

68 4222 210 4293 dicentes
236 4226 289 4293 ubi
319 4232 441 4291 rectrrm
463 4221 572 4291 rident
598 4242 670 4290 amo
693 4229 725 4290 et
753 4220 914 4299 admiror,
948 4219 1003 4287 ubi
1028 4219 1107 4286 nibil
1130 4219 1244 4289 dicunt
