2940 5010
730 297 748 362 tt

142 489 216 538 nam
240 491 376 538 coronae
400 472 521 536 mentio
545 467 666 538 indicat
691 471 737 538 ἐτι
764 471 827 539 ἄνευ
856 472 975 539 δείπνου
1001 471 1094 550 honr,
1123 479 1158 538 ut
1182 477 1213 538 et
1236 471 1330 559 paulo

141 585 217 644 ante
241 597 271 664 p.
293 580 369 643 685.
394 577 427 642 B.
454 575 662 645 Philoxenus:

278 683 363 749 κιιτέε
384 682 486 766 χειρὸς
511 685 596 761 ἤλυθ’
617 682 691 765 ὕδωρ
704 680 818 749 -εἷτ’
842 681 932 766 έφερε
954 683 1100 768 ςέφοινον.

142 787 196 855 Sio
225 796 256 854 et
279 785 451 855 Clearchus
475 787 628 855 Athenaei
656 789 737 856 lllV.
763 808 791 876 p.
817 792 894 855 ola.
915 790 949 855 B.

323 892 403 972 λάβ’
427 892 501 975 ὕδωρ
526 894 611 960 κοντοὶ
634 893 747 977 χειρός.
773 933 816 945 -
843 898 867 971 η.
881 903 974 972 τρεῖς,
998 893 1126 961 ἐτιτέέει

322 999 372 1065 {orl
395 1001 450 1076 την
473 997 632 1082 τράπεζαν
655 999 755 1082 κοέρυκ
776 1000 828 1066 uel
852 1002 1061 1082 τρκγιὶμειτιι.

142 1103 296 1170 Praemisi
321 1102 528 1170 haecomnia
552 1112 588 1170 nt
610 1104 779 1191 Posidippo
799 1104 1013 1192 opem-leram
1037 1102 1153 1172 misere
1171 1101 1329 1169 laboranti

140 1207 224 1296 apud
257 1207 457 1276 Athenaeum
478 1209 533 1279 tx.
557 1214 633 1276 577.
656 1210 697 1288 B,
727 1209 779 1276 uhi
803 1212 1013 1290 εἰσελήλυθεν,
1045 1210 1168 1296 inquit,
1197 1209 1331 1276 conviva

140 1312 308 1381 lamelious

368 1422 402 1486 ἐκ
426 1420 646 1502 πεντεκαίδεχ’
668 1423 784 1503 ἡμερῶν
807 1424 1002 1504 τροηλτικένο

367 1528 402 1594 τὸ
425 1528 561 1604 δεῖπνον,
584 1525 678 1608 έρμιῐς
700 1528 813 1605 μεςὸς,
836 1527 1058 1606 ἐκλελυμένος,

368 1639 463 1715 τηρῶν
485 1631 557 1698 τότ’
580 1631 631 1697 lori
653 1631 714 1706 τὰς
735 1641 846 1715 χεῖρας
866 1632 939 1699 olori
964 1657 1022 1707 τις.

141 1738 233 1806 Satio
257 1746 382 1805 eertum
407 1736 537 1819 videtur
559 1734 778 1823 reponendum
801 1757 871 1804 esse

320 1845 416 1927 τηρῶν
436 1843 530 1909 dodra
550 1843 636 1908 nard
659 1843 762 1924 χειρὸς
784 1842 856 1909 olori
880 1868 944 1918 τις.

140 1947 302 2034 vulgatam
328 1949 523 2034 scripturam
547 1948 671 2034 peperit
693 1947 790 2012 codex
813 1947 971 2025 detritus,
1001 1947 1096 2013 ouius
1118 1944 1251 2012 lacunas
1274 1951 1332 2010 ant

142 2051 294 2121 evanidas
321 2050 445 2118 litteras
475 2051 593 2117 sciolus
624 2059 800 2138 utcumque
826 2052 974 2140 explevit.
1022 2051 1110 2117 ldem
1141 2051 1173 2114 in
1205 2067 1333 2137 praeoe-

141 2159 237 2226 dente
261 2155 419 2224 versiculo
443 2154 563 2222 lactum
586 2176 655 2223 esse
679 2155 767 2223 rides
785 2159 818 2224 in
839 2157 1061 2238 ἐκλελυμένος,
1085 2153 1169 2242 qnod
1190 2163 1332 2222 metrum
1401 2176 1406 2185 ·

141 2265 263 2353 pariter
292 2271 324 2330 et
355 2262 513 2329 sententia
546 2260 606 2327 loci
635 2270 802 2349 respuunt.
851 2262 935 2328 Nihil
966 2263 1044 2341 iste,
1075 2261 1223 2347 quisquis
1252 2258 1331 2335 suit,

142 2371 251 2436 minus
284 2377 353 2436 erat
383 2387 480 2454 quam
511 2367 725 2448 ἐκλελυμένος.
773 2366 863 2450 Quod
895 2367 1073 2442 llleioelrius
1102 2365 1141 2432 de
1164 2363 1333 2431 suodedit

141 2475 369 2554 ἐκλελεγμένος
401 2482 542 2542 metrum
572 2472 682 2552 luloit,
712 2475 890 2541 sententiae
926 2493 989 2538 non
1024 2471 1163 2559 prodest.
1203 2481 1268 2538 ΕΚ.
1292 2481 1330 2538 Ε.

142 2588 373 2656 ΑΤΜΕΝΟΣ,
414 2578 527 2656 eredo,
563 2587 746 2666 supererat,
783 2579 868 2646 node
902 2598 965 2646 nou
999 2585 1333 2645 ΕΚΛΕΑΤΜΕΝΟΣ

142 2695 211 2754 erat
227 2684 405 2753 eruendum
427 2685 482 2752 sed
499 2694 868 2769 ΕΚΚΕΚΑΤΜΕΝΟΣ,
892 2693 1026 2772 eratque
1043 2683 1096 2750 ille
1112 2685 1205 2766 ὁρμῆς
1225 2683 1332 2764 nesle,

139 2790 375 2871 ἐκκεκαυμένος.

186 2897 315 2964 haouna
338 2896 454 2984 duplex
482 2905 515 2964 et
536 2896 632 2964 rerba
653 2904 857 2984 praepostere
878 2897 965 2963 inter
992 2914 1046 2962 eos
1069 2895 1125 2981 qui
1146 2893 1333 2982 colloquun-

140 3011 196 3069 tur
218 3001 321 3069 dirisa
343 3001 537 3090 Antiphauis
558 3000 756 3089 perfacetum
780 3010 813 3070 et
829 3000 970 3090 lepidum
988 2999 1093 3067 looum
1112 2998 1198 3086 apud
1215 2999 1331 3067 Athen.

141 3108 179 3174 X.
208 3112 284 3175 llio.
308 3108 345 3174 E.
381 3107 475 3195 plane
498 3106 797 3196 pesstimdederunt.
845 3107 943 3173 lloota
967 3105 1073 3192 puella
1098 3104 1224 3192 Sappho
1245 3094 1348 3192 patri

141 3215 288 3302 aenigma
302 3213 370 3281 -hoo
391 3215 496 3302 ponit:

320 3319 366 3390 ἔτι
385 3320 481 3404 φύσις
505 3321 614 3397 θήλειαι
632 3317 737 3400 βρέφη
761 3316 886 3399 τώζουτ’
905 3316 965 3384 ὑπὸ
988 3314 1114 3392 κε’λτοις

321 3427 438 3503 αὐτῆς,
461 3423 534 3491 ὅκτοι
558 3426 585 3490 δ’
607 3422 722 3504 ἄφωνοι
743 3425 820 3504 βοέην
842 3420 924 3499 leret
949 3422 1087 3503 γεγωνόν

320 3531 372 3596 uel
396 3529 447 3596 διέε
473 3528 595 3597 τέντιον
617 3525 712 3609 olona
734 3529 785 3596 κοιὶ
811 3530 932 3612 ητεέρου
957 3529 1008 3594 διὰ
1028 3527 1133 3604 τρίτης

319 3629 362 3708 οἷς
385 3634 482 3702 ἐθέλει
505 3637 634 3716 ένητῶν,
653 3643 717 3711 τοῖς
741 3637 767 3702 δ’
793 3635 859 3702 οὐδὲ
882 3639 1030 3716 τοιροῦσιν
1050 3636 1172 3701 ἀκούειν

320 3737 434 3818 έξεςιν,
460 3742 567 3827 κωφὴν
588 3742 616 3807 δ’
636 3743 730 3819 εἰκοῦς
750 3741 889 3818 atarneo
908 3740 1043 3822 ἔχουσιν.

139 3848 236 3914 Pater
258 3865 370 3914 scurra
396 3847 500 3934 magis
522 3867 618 3934 quam
641 3846 848 3935 philosophus
870 3847 940 3912 sine
964 3865 1053 3912 mora
1079 3846 1123 3912 ita
1147 3844 1259 3913 solvit:

321 3955 339 4030 η
364 3953 422 4034 μέν
444 3954 539 4036 φύσις
562 3954 626 4034 γὰρ
647 3951 681 4029 ἣν
703 3953 809 4032 λέγεις
832 3953 896 4023 ἔςέν
920 3951 1027 4029 τέλις,

320 4058 424 4142 βρέφη
448 4059 474 4124 δ’
496 4060 528 4125 έν
548 4061 629 4143 αὐτῇ
649 4058 808 4142 δικτρέφει
831 4059 902 4133 τοὺς
922 4061 1066 4141 insopor.

321 4160 402 4232 οὗτοι
425 4163 613 4246 κεκραγότες
638 4165 669 4232 δέ
688 4165 731 4232 rol
753 4164 917 4231 δικτέντικ

323 4273 386 4337 κοξκ
409 4278 465 4347 τῆς
487 4271 597 4346 Ἀσέοις
619 4272 671 4338 roal
692 4273 777 4339 τοὶτέ
801 4272 925 4356 Θρᾴκης
942 4269 1102 4351 λιὶμμιοτοι

324 4373 446 4444 ἕλκουσι
469 4376 568 4458 δεῦρο.
593 4376 764 4460 νεμομένων
783 4377 814 4444 δέ
837 4375 965 4454 τληοέον
