2940 5010
632 299 697 361 tta

72 462 114 535 II.
138 466 246 537 duim.
269 466 309 537 11.
334 472 387 535 38.
418 473 473 537 οὐκ
504 468 542 536 διν
573 472 670 546 αὐτὴν
697 471 809 537 ίῖιττον
832 468 850 545 ἢ
872 468 975 549 βιίδνν
1002 474 1163 554 προϊοῦσαν
1188 472 1259 538 όειί·

70 572 167 641 σαντό
195 598 265 653 τις,
296 572 469 661 adscripsit
495 573 670 642 Iaeobsius.
717 576 753 641 In
787 573 890 663 §aa
926 593 1044 662 repono
1078 578 1109 643 ἑν
1136 586 1176 660 τῇ
1203 578 1259 658 όδῷ

70 692 133 763 pro
152 678 204 745 tut
225 688 265 765 τῇ
288 680 361 762 tart,
385 679 470 766 quod
493 700 530 747 eo
554 700 651 747 sensu
670 700 734 747 non
754 688 803 747 est
826 678 995 746 Graecum.

116 781 156 849 Iu
179 782 235 853 IV.
260 805 313 851 νιι.
339 789 371 851 3.
400 795 441 870 att
464 786 528 868 γόιρ
551 794 664 871 ςρατιᾷ
688 789 742 853 οὐκ
763 783 809 855 ἔτι
832 786 1020 862 τόπιτνίδεια
1044 788 1070 853 εί
1094 788 1139 867 μὲν
1160 786 1260 868 ληψό-

71 890 157 969 mro
177 890 213 955 τό
235 891 366 972 χορίον,
390 889 483 958 tacite
512 890 594 957 mihi
614 890 706 958 dabIs
734 894 788 959 οὐκ
810 890 879 961 ἔται
910 891 1044 978 requiri.
1091 890 1160 957 Non
1191 911 1262 978 pee-

70 998 152 1061 oant
181 994 216 1060 in
247 993 367 1061 talibus
399 997 508 1063 Attiei.
564 995 626 1077 Qui
657 996 824 1084 sequentia
854 995 1027 1082 diligenter
1056 996 1263 1083 perpenderit

72 1098 191 1165 vitium
216 1100 322 1167 inesse
348 1100 464 1168 sentiet
496 1103 529 1167 in
559 1100 584 1192 S
609 1106 641 1169 8.
665 1102 755 1171 ἄλλα
782 1104 926 1182 ποταμός
950 1098 984 1176 ἦν
1007 1101 1110 1183 κύκλῳ
1132 1110 1165 1168 et
1187 1122 1262 1190 pro

72 1202 190 1271 baisiIIo
207 1202 381 1271 admodum
405 1204 568 1273 videbitur
587 1207 747 1275 sententia
770 1227 904 1286 eorum,
928 1207 984 1295 qui
1006 1208 1083 1273 αλλ’
1104 1206 1262 1289 ἀπότομον

73 1306 111 1388 In
133 1308 238 1393 κόκλρν
261 1308 477 1395 corrigebant.

119 1413 159 1481 Io
182 1412 208 1503 S
232 1418 265 1483 8.
298 1434 355 1501 pro
378 1418 515 1492 απῆλόον
538 1417 596 1483 ὑπό
618 1418 662 1483 τόν
689 1418 795 1501 δένδρα
823 1418 991 1505 scripsisse
1021 1417 1263 1505 Xenophontem

72 1520 228 1589 oximimo
250 1521 400 1597 ὑπῆλόνν,
423 1520 508 1607 quod
531 1520 663 1588 verbum
690 1524 723 1589 in
747 1542 784 1589 ea
808 1542 844 1590 re
868 1531 933 1591 tem
958 1524 1122 1611 proprium
1147 1532 1196 1591 est
1215 1532 1264 1590 at-

73 1644 140 1713 que
162 1624 288 1693 όπιίναι
310 1634 361 1694 est
387 1626 539 1694 altanum.
586 1628 717 1714 Corrige
740 1637 910 1695 aoeentum
944 1630 977 1695 io
1006 1627 1030 1718 S
1058 1634 1109 1695 15.
1143 1630 1264 1712 ῥίπτου·

72 1754 129 1799 σαι
163 1732 209 1798 τὶ
243 1732 354 1798 παιδία
388 1732 506 1805 ἑαυτὰς
545 1732 838 1815 ἐπικατερρίπτουν,
874 1734 940 1799 imo
974 1753 1049 1800 vero
1090 1738 1263 1820 ριπποῦσαι.

72 1832 198 1903 uadem
220 1854 317 1923 opera
339 1837 449 1920 μνζεῑν
471 1836 613 1905 rescribe
636 1837 689 1906 IV.
713 1859 742 1905 v.
764 1843 817 1906 27.
847 1858 905 1925 pro
924 1838 1049 1921 μύζειν,
1072 1837 1128 1905 sed
1152 1846 1265 1905 contra

72 1938 161 2011 mala
182 1942 353 2008 ιιυλινδοῦσι
376 1941 476 2016 λίίονο
501 1950 550 2009 est
574 1942 628 2008 lv.
653 1964 708 2011 ιιι.
735 1949 766 2009 t.
799 1964 857 2030 pro
880 1944 1061 2011 κυλίνδουσι.
1108 1944 1263 2029 Iteprensi

72 2052 156 2113 suot
178 2044 305 2113 sorihae
328 2047 362 2113 in
387 2045 563 2114 Simonidis
587 2049 732 2115 carmine
755 2047 840 2134 apud
871 2047 958 2116 Stob.
992 2048 1101 2117 Floril.
1124 2047 1262 2116 txxltt.

71 2154 131 2219 or.
163 2168 210 2217 vs.
235 2155 267 2217 t.
297 2150 354 2217 ubi
375 2160 463 2219 reete
485 2152 665 2220 IIeiueIius
689 2152 813 2221 edidit:

257 2265 297 2340 τῇ
321 2255 416 2323 πάντ’
438 2259 487 2323 αι’
511 2254 589 2323 οἷκον
610 2257 747 2341 βορβόρῳ
771 2259 956 2341 πεφυρμένα

256 2358 384 2441 torpe
407 2370 508 2429 κεῖται
533 2362 585 2429 καί
610 2365 853 2431 κυλίνδεται
875 2366 1007 2447 χαμαί,

71 2484 135 2555 pro
168 2464 297 2553 vulgata
331 2469 529 2533 κυλινδεῖται.
585 2467 699 2535 Confer
729 2467 849 2536 scholia
881 2469 1002 2537 Veneta
1033 2468 1073 2535 ad
1102 2468 1193 2537 Iliad.
1229 2482 1261 2539 Ρ.

71 2576 154 2641 688.
188 2569 381 2659 Nieophonti
411 2571 540 2639 Comioo
563 2573 648 2659 apud
672 2565 788 2641 Athen.
813 2596 843 2661 p.
866 2580 930 2641 669
955 2576 991 2643 u.
1017 2573 1133 2642 redde:
1174 2634 1177 2639 Α

255 2676 355 2759 ζωμός
379 2678 431 2743 διόι
454 2684 513 2744 τῶν
534 2678 605 2745 teoto
629 2680 854 2747 αυλινδέτοι
878 2681 973 2763 κρέα,

70 2802 135 2871 pro
160 2780 318 2849 librorum
347 2784 510 2869 scriptura
534 2784 721 2852 κυλινδείτω.
768 2784 861 2873 Apud
887 2785 1128 2873 Xenophontem
1159 2788 1192 2852 in
1216 2786 1263 2853 vi·

68 2886 160 2955 einia
183 2884 208 2977 S
228 2890 260 2953 6.
284 2886 388 2954 Codex
419 2890 565 2956 omnIum
599 2891 839 2957 vetustissimus
872 2900 980 2959 servat
1003 2892 1137 2977 vestigia
1167 2912 1261 2960 veruo

71 2992 222 3061 teationIs
245 2992 463 3072 κυλινδομένων
489 3014 545 3080 pro
569 2996 814 3073 κυλινδουμένων.

118 3095 210 3179 Quod
234 3096 420 3165 Itindortius
442 3098 494 3164 tv.
520 3118 573 3164 νιι.
600 3105 630 3166 t.
665 3119 703 3165 er
728 3100 859 3185 optimis
890 3097 981 3166 libris
1006 3101 1128 3187 recepit
1150 3094 1193 3175 είς
1224 3104 1260 3169 τό

68 3204 154 3273 δασὺ
175 3202 387 3284 προσιέναι
414 3224 472 3291 pro
494 3206 653 3287 παριέναι,
678 3203 812 3271 debebat
835 3224 873 3271 ex
902 3226 939 3271 ea
968 3205 1104 3274 lectione
1137 3206 1261 3293 pervul-

68 3314 188 3397 gatum
215 3307 370 3376 mendum
394 3309 535 3377 eximere
559 3319 591 3377 et
614 3311 745 3391 προϊέναι
770 3308 921 3377 scrihere.

117 3412 156 3479 Io
180 3410 205 3503 S
226 3415 280 3477 22.
305 3413 445 3479 muttum
467 3413 590 3481 arridet
612 3415 791 3503 Pluygersii
813 3417 999 3482 coniectore
1024 3419 1056 3482 in
1078 3416 1184 3485 verbis
1206 3417 1259 3483 καί

67 3519 170 3602 γέρρα
191 3516 309 3599 ἔλαβον
333 3520 475 3605 [δασειῶν
498 3519 591 3608 βοῶν]
625 3519 780 3600 ὠμοβόεια
813 3520 900 3602 ἀμφὶ
933 3522 976 3586 τόν
1005 3520 1115 3590 εἴκοσιν
1139 3542 1260 3610 expun-

68 3624 182 3714 gentis
202 3624 330 3691 δασειῶν
349 3626 429 3703 βοῶν
454 3626 779 3711 interpretamentum
804 3624 954 3692 adieetiui
976 3628 1139 3707 ὠμοβόεια.

119 3727 331 3796 'I'ralatioium
355 3728 509 3797 mendum
534 3729 658 3797 obsidet
690 3730 796 3797 Ionum
829 3731 862 3795 in
888 3730 941 3797 IV.
967 3752 1031 3797 vru.
1058 3736 1110 3799 16.
1141 3735 1167 3799 oi
1189 3734 1261 3815 κροό·

66 3858 150 3905 τιτσι
183 3836 268 3913 ἡμῶν
302 3842 453 3916 πρῶτον
483 3836 665 3916 προσίασιν,
700 3836 839 3922 requirit
871 3838 1049 3916 sententia,
1082 3846 1119 3903 ut
1151 3838 1260 3917 vides,

68 3946 195 4025 πρῦτοι.
241 3938 330 4006 Cous.
366 3940 467 4028 §la
500 3941 553 4005 καί
585 3938 664 4007 οὖτοι
696 3943 806 4022 πρῶτον
833 3942 884 4006 ἐπί
915 3944 951 4009 τὸ
982 3942 1043 4023 όροο
1074 3944 1259 4023 ὥναβαίνου·

67 4070 143 4123 σιν,
166 4051 201 4111 et
222 4044 353 4131 passim.
951 4124 956 4132 Ι

119 4148 201 4217 Ibid.
238 4146 263 4239 S
288 4154 342 4217 25.
376 4151 529 4216 οόποόῡσαι
562 4152 604 4231 τῷ
640 4150 691 4215 Διί
726 4152 768 4232 τῷ
800 4160 910 4232 σωτῆρι
946 4151 998 4217 καί
1034 4154 1077 4233 τῷ
1112 4159 1264 4233 Ἠρακλεῖ

69 4256 256 4338 ἡγεμόσυνα
287 4254 340 4322 καί
371 4262 436 4327 τοῖο
470 4253 577 4330 ἄλλοις
609 4257 684 4328 όεοῖς
717 4252 739 4321 ἃ
770 4255 918 4334 εὔξαντο,
951 4256 1187 4325 emendandum
1211 4267 1260 4326 est

64 4364 113 4445 τῷ
137 4362 189 4429 Διί
212 4360 256 4427 τόν
287 4362 419 4442 σωτήρια
444 4361 497 4426 καί
524 4364 567 4443 τῷ
600 4368 750 4442 Ἡρακλεῖ
780 4362 973 4441 ἡγεμόσυνα.
1023 4360 1167 4430 Postulat
1197 4362 1256 4429 Iron

987 4473 1013 4511 88
1029 4470 1042 4497 ⁴
