2940 5010
681 228 721 276 XX

109 393 185 462 hum
214 405 279 463 tam
315 416 389 463 acre
413 416 451 464 ac
474 396 643 464 vehemens
667 407 703 464 ut
729 397 808 465 nihil
844 397 1014 486 superaddi
1050 401 1160 488 possit.
1207 398 1296 467 Anu·

108 515 279 584 xaodricles
301 516 454 584 Athenaei
476 517 528 584 xl.
552 536 624 604 pag.
649 522 724 584 481.

671 639 792 718 μεγάλ’
816 638 885 712 ἴσως
910 641 1039 722 ποτήρια

288 756 438 840 ἐκάρωσεν
461 760 556 837 ὑμᾶς.
581 770 615 824 B.
638 761 880 841 ἀνακεχαίτικεν
904 762 960 840 μὲν
984 758 1044 827 οὖν.

154 877 299 945 Proderit
320 878 414 966 plane
438 877 524 946 idem
548 878 705 946 emblema
730 879 814 967 apud
838 879 1010 947 lsoeratem
1033 897 1107 946 cum
1140 878 1209 944 loco
1229 877 1294 945 He·

105 999 283 1065 mosthenls
317 1000 544 1085 composuisse.
604 997 763 1084 Vulgatur
803 997 887 1084 apud
927 998 1097 1065 Isocratem
1135 999 1168 1063 in
1201 995 1294 1065 Orat.

110 1119 176 1185 vll.
211 1123 228 1204 ξ
256 1122 315 1185 12:
352 1119 458 1186 αθδένα
490 1118 596 1200 χρόνον
628 1118 687 1193 τάς
710 1117 862 1200 εὐτυχίας
892 1127 1070 1200 κατασχεῖν
1105 1118 1296 1198 ἠδυνήθημεν

108 1241 199 1306 άλλά
226 1240 351 1323 ταχέας
385 1242 493 1307 διεσκα
409 1239 694 1350 ριΦκ-σάμεθα
723 1238 788 1327 [καὶ
819 1238 1022 1324 διελύσαμεν]
1059 1238 1172 1312 αὐτάς.
1221 1236 1295 1304 Non

108 1359 330 1446 intelligebant
353 1362 518 1447 sequiores
541 1359 672 1427 verbum
701 1361 845 1447 priscum
874 1369 906 1426 et
929 1360 1132 1426 rarissimum
1161 1360 1294 1425 διασκα·

2 1509 79 1568 ἔς,
106 1482 281 1587 prestolari,
312 1479 397 1566 quod
429 1489 550 1547 temere
580 1482 812 1566 interpretatur
843 1480 1072 1568 Harpocration
1095 1479 1131 1546 σθ
1164 1479 1296 1547 ἔπειθόν

107 1600 147 1666 de
171 1582 260 1667 ruore
282 1601 438 1669 scriheus.
484 1600 582 1668 Paulo
612 1600 728 1668 melius
759 1600 893 1678 Suidas,
925 1603 1046 1687 quiex
1077 1608 1184 1667 vetere
1206 1599 1294 1677 διέξει

107 1723 244 1803 ῥητορικῇ
268 1721 458 1805 exscripsit:
492 1720 873 1804 Διεσκαριφιισάμεθ
881 1747 902 1787 α
858 1721 1003 1787 θάνσὶ
1036 1726 1089 1787 τοῦ
1119 1721 1294 1787 διελάσει·

109 1865 189 1919 μεν.
237 1838 335 1906 Vldes
358 1841 423 1906 iam
453 1859 491 1907 ac
515 1838 663 1908 manihus
687 1850 776 1908 tenes
800 1840 831 1907 id
856 1840 939 1908 unde
962 1839 1113 1907 Codicum
1145 1842 1294 1910 omnium

108 1962 305 2048 scripturam
326 1960 549 2048 interpolatam
571 1981 641 2030 esse
663 1962 896 2030 contendimus.
943 1962 1112 2028 Caeterum
1135 1963 1195 2027 isla
1215 1981 1295 2048 quo·

109 2102 171 2168 que
206 2082 431 2168 interpretatio
462 2101 526 2147 uon
561 2090 611 2149 est
646 2103 731 2150 vera.
788 2083 870 2165 Quid
903 2084 946 2149 sit
982 2081 1293 2164 διεσκαριφνσάμεθα

110 2201 291 2290 Hesychius
312 2200 501 2269 emendatus
524 2203 643 2289 optimc
665 2201 803 2271 docebit.
852 2203 987 2270 Editur:
1012 2209 1294 2286 Διασκαριφῆ-

113 2347 166 2390 σαι
179 2322 231 2389 ἐπὶ
255 2323 358 2404 ὀρνέων
379 2328 438 2389 τῶν
458 2332 521 2398 ταῖς
539 2322 618 2400 θννξι
636 2323 846 2391 σκαλευθνσων
866 2328 922 2400 τὴν
945 2333 1004 2405 γῆν
1023 2325 1127 2406 κυρίως
1140 2324 1294 2403 λέγεται,

111 2454 144 2512 et
176 2443 345 2531 sequitur:
381 2443 680 2510 Διασκεδάσει;
725 2444 931 2525 διασκσρσθσει
968 2447 1060 2531 quasi
1098 2443 1176 2511 haee
1210 2465 1295 2512 nova

110 2565 216 2652 glossa
239 2572 322 2630 esset
342 2583 381 2630 ex
402 2565 535 2651 antiquo
558 2567 716 2653 scriptore
740 2573 859 2632 sumta.
907 2562 969 2630 Sed
993 2565 1124 2631 Veteres
1143 2566 1294 2633 διασκεδῶ

110 2683 261 2752 dicebaut
283 2690 315 2750 et
337 2687 529 2751 seruassent.
577 2682 805 2770 Coniungenda
840 2682 917 2750 haec
951 2685 1090 2751 suntin
1124 2707 1224 2752 unum
1255 2696 1292 2754 ut

109 2808 352 2889 διασκαριφῆσαι
378 2805 506 2873 dicatur
527 2825 598 2872 esse
620 2804 842 2884 διασκεδάσαι,
865 2805 1088 2888 διασκνρσθσαι.
1135 2807 1269 2894 Corrup'

110 2925 291 3015 Hesychius
314 2925 377 2992 elic
406 2924 496 2993 locu:
532 2929 827 3008 Σκαρφάσθαιε
858 2923 1075 2993 σκεδάννυσθαι
1098 2946 1155 3013 pro
1179 2939 1246 2995 Σκα

45 3050 251 3132 «φάσθαι,
286 3046 342 3113 sed
372 3055 459 3113 recte
483 3047 573 3133 ponit
605 3044 834 3113 σκεδάννυσθαι.
881 3047 950 3112 Nou
976 3044 1070 3111 aliter
1096 3050 1182 3113 enim
1206 3048 1246 3114 di·

110 3168 187 3236 bant
210 3169 343 3235 Veteres
367 3186 464 3254 quam
487 3165 693 3245 σκεδάνννμι,
717 3166 975 3247 διασκεδάνννμι,
999 3168 1222 3233 κατασκεδάννι

111 3297 145 3357 et
171 3288 264 3356 nihili
295 3289 416 3383 lhrmae
450 3295 527 3389 suut
558 3287 742 3357 διασκεδάα
752 3297 809 3355 ct
816 3285 1052 3373 διασκεδάζω
1044 3307 1076 3353 ιιι
1101 3285 1209 3353 Graeci

111 3430 222 3497 gazam
250 3376 456 3475 inconsulto
468 3415 624 3493 receptae.
669 3407 731 3474 Sed
765 3407 844 3474 haec
874 3407 988 3474 obiter.
1034 3407 1093 3474 His
1126 3407 1208 3494 igitu

111 3529 280 3618 permultis
304 3528 375 3594 aliis
399 3524 632 3593 eiusdemmodi
656 3526 758 3594 lretus
779 3547 841 3594 uon
864 3527 1001 3596 inultum
1023 3547 1187 3594 morcone

111 3660 143 3718 et
163 3649 302 3737 querelis
334 3666 445 3714 eorum
476 3647 532 3732 qui
561 3647 631 3714 sinc
661 3649 786 3714 ratione
817 3647 896 3713 mihi
926 3646 1151 3734 obloquuntur.

110 3773 296 3840 etiamnunc
329 3766 413 3853 quod
446 3767 478 3833 in
502 3765 622 3835 Graeco
646 3769 876 3854 epigrammate
907 3774 955 3834 est
986 3767 1071 3856 apud
1093 3767 1176 3836 Stoh.

111 3897 175 3973 82,
199 3897 239 3959 5:

247 4017 371 4084 πολλοῖς
396 4010 570 4088 euentum
593 4013 651 4092 μὲν
675 4010 736 4086 ἔθος
760 4011 827 4093 περὶ
852 4011 1120 4090 manichaeica,

293 4133 376 4211 ὀρθῶς
398 4131 425 4197 δ’
449 4132 623 4211 άνσιλέγειν
648 4133 745 4200 οὐκέτι
771 4136 854 4199 τοῦτ’
878 4135 908 4198 ἐν
931 4131 1001 4199 ἔθει.
