2940 5010
698 268 756 329 ill

177 444 288 531 τηθξντν
312 460 369 531 pro
391 444 464 509 κατ’
485 440 535 523 ἀρ’
556 438 640 523 ἕζετο
664 450 697 505 et
719 436 855 515 αὔξοντα
876 435 916 503 ΙΙ.
943 456 1013 522 pag.
1034 440 1109 501 505.
1141 454 1201 523 pru
1225 432 1327 513 λθζον·

176 576 221 633 ιν,
236 548 394 636 multaque
415 546 534 613 similia
558 548 697 633 passim,
722 552 757 610 ut
783 544 816 609 in
838 543 895 609 hae
921 542 990 629 ipsa
1012 540 1177 628 Euripidis
1199 540 1328 620 labula,

176 658 266 745 inqua
285 672 454 723 versamur
477 670 523 718 rs.
548 656 625 719 495.

319 760 390 827 otha
413 758 478 838 γάρ
497 756 593 823 τέκνα
629 755 769 839 ΣΦάζειν
792 751 836 820 θ’θ’
860 756 954 819 αὑτοῦ
977 759 1091 836 Φησιν,

177 863 360 953 reputandum
382 882 453 931 esse
474 860 607 945 σφάξειν
628 859 912 933 mollitionem,
937 856 1076 925 editores
1093 877 1154 923 non
1179 858 1327 925 audiunt.

178 968 235 1037 lhta
250 970 346 1037 etiam
371 969 455 1037 ἔπτά
477 976 510 1035 et
531 965 679 1045 ἑξήκοντα
700 966 806 1032 locum
833 967 917 1031 inter
940 984 973 1029 se
997 972 1124 1029 mutant
1149 964 1188 1052 (ζ
1212 972 1244 1029 et
1266 962 1328 1051 ξ’),

179 1072 288 1163 tltptttl
311 1075 403 1141 Dion.
428 1072 529 1140 Halia.
552 1072 607 1139 ill.
631 1076 684 1138 52.
709 1072 792 1138 ἑπτά
814 1072 866 1137 καὶ
887 1068 996 1135 ἑκατθν
1021 1089 1078 1155 pru
1098 1068 1247 1146 ἑξήκοντα
1274 1072 1326 1137 καὶ

178 1178 272 1259 θνπθι,
302 1188 336 1247 et
366 1178 422 1245 alii
453 1178 548 1245 multi
580 1197 705 1245 errores
737 1178 980 1264 susoipiuutur‚
1013 1195 1051 1240 ex
1082 1175 1199 1260 quibus
1228 1196 1328 1242 unum

178 1284 244 1351 aliam
263 1284 413 1353 adiiciam
436 1282 477 1349 ad
500 1281 746 1370 Aristophanem
775 1301 903 1348 meum.
917 1288 1081 1367 pervetere
1115 1279 1231 1347 mendo
1254 1280 1329 1347 libe·

179 1388 341 1457 miamin
376 1388 636 1455 hoharnensibus
660 1393 724 1455 752
756 1409 847 1475 squ,
884 1386 938 1451 ubi
973 1386 1098 1471 roganti
1131 1388 1164 1452 σι’
1193 1387 1220 1453 θ’
1247 1385 1328 1453 ἀλλο

179 1492 292 1577 νηθιτεθ
313 1496 341 1561 οἱ
363 1501 515 1577 Μεγαρῆς
541 1500 611 1567 νῦνς
634 1494 802 1581 respondet
825 1492 1038 1577 liegareusis:

321 1598 380 1667 θνα
402 1601 460 1679 μὲν
482 1600 561 1678 ἐγὼν
584 1602 710 1674 τηνῶθεν
734 1598 948 1679 ἐμπορευόμαν

322 1704 429 1787 ἀνδρες
451 1705 615 1787 πρόβουλοι
637 1708 722 1770 τοῦτ’
745 1704 895 1787 ἔπραττον
919 1712 958 1784 τήν
979 1703 1087 1778 πθλει,

320 1806 402 1885 ὅπως
426 1810 551 1892 τάχοςοο
574 1810 626 1875 καὶ
650 1810 753 1879 texte*
777 1808 980 1886 ἀπολοίμεθα.

178 1912 213 1977 tui
230 1912 276 1981 ile
297 1914 515 1983 subsannans:

320 2020 425 2087 αὐτίκ’
448 2020 496 2103 ἀρ’
519 2020 747 2099 ἀπαλλάξεσθε
770 2020 987 2103 πραγμάτων,

176 2118 254 2190 iahia
275 2126 303 2193 si
324 2126 398 2213 quis
418 2136 506 2195 rente
528 2130 649 2213 cogitat
677 2125 858 2213 displicebit
880 2123 1126 2201 ἀπαλλάξεσθεε
1151 2129 1329 2214 requiritur

175 2226 235 2295 uhu
254 2231 377 2297 ἀπειθάν
400 2230 492 2309 ἀπαξ
521 2232 680 2308 ἀπθλησθε
700 2230 898 2313 ποαγμάτονν
928 2232 1173 2311 ἀπηλλαγμένοι
1198 2234 1324 2311 ἔσεσθε,

174 2346 217 2397 tta
232 2336 500 2417 ἀπαλλαγήσεσθε
524 2340 592 2404 sive
613 2335 850 2415 ἀταλλάξεσθε.
873 2336 940 2401 lloe
959 2337 1063 2422 ipsum
1086 2339 1238 2405 restitues
1258 2361 1326 2407 mu·

174 2440 220 2505 hta
236 2460 298 2509 una
315 2442 418 2511 tonali
438 2442 570 2529 legendo
586 2442 821 2521 θσηλλθξεσθε.
869 2440 1083 2508 dubitabatur
1106 2442 1181 2508 olim
1205 2457 1327 2513 essent·

174 2543 389 2615 tthuiuamndi
414 2547 535 2616 lormae
557 2550 590 2615 in
623 2569 683 2615 usu
715 2550 748 2614 in
780 2549 886 2615 verbis
908 2568 926 2614 a
950 2547 1050 2614 vocali
1083 2549 1326 2637 incipientibus,

173 2646 212 2715 ιθ
227 2648 343 2721 dudum
366 2652 454 2721 huno
476 2654 663 2741 scrupulum
684 2663 773 2722 certa
792 2652 936 2740 exenrpla
955 2663 1153 2721 exemerunt.
1200 2655 1235 2720 ln
1257 2656 1325 2723 Pla·

174 2752 232 2821 ltt'n
249 2756 420 2845 Protagora
443 2781 473 2847 p.
491 2764 556 2827 338
580 2761 613 2826 C.
644 2780 683 2826 ex
707 2760 837 2847 optimis
857 2757 946 2825 libris
970 2780 1044 2826 vera
1063 2760 1225 2846 scriptura
1247 2761 1325 2830 haec

174 2856 271 2927 fldem
291 2864 427 2949 prodiit:
451 2866 515 2931 εἴτε
537 2868 601 2947 γάρ
623 2867 734 2949 χεθρονν
754 2869 838 2944 ήμῶν
858 2863 927 2934 ἔςαι
949 2866 1108 2947 θαὶρεθεθς
1127 2866 1190 2932 εἴτε
1210 2864 1324 2947 ὅμοιος-

175 2958 357 3049 θιτεμττοθ
390 2972 554 3053 ήρήσεται,
589 2968 725 3036 absurde
760 2968 925 3056 legebatur
957 2980 1051 3038 antea
1086 2974 1259 3054 εἰρήσεται,
1293 2984 1325 3040 et

172 3066 231 3149 lud
249 3070 324 3141 olim
354 3074 536 3163 Stephanus
564 3074 736 3163 reponebat
769 3077 963 3156 αἱρεθήσεται
996 3086 1061 3143 tam
1094 3079 1245 3144 vitiosum
1275 3088 1323 3146 est

174 3176 243 3259 litte
272 3197 360 3246 nunu
395 3191 445 3249 est
479 3180 706 3259 ἀπαλλάξεσθε
737 3179 820 3268 apud
855 3181 1031 3247 Geminum.
1089 3182 1326 3267 Requirebatur

172 3274 284 3359 θηλθνοε
305 3284 376 3355 ἔσαν
405 3295 439 3354 el
463 3286 495 3352 id
528 3289 633 3373 ipsunt
663 3286 799 3355 ἀττικιςὶ
832 3285 955 3353 dictum
982 3296 1031 3353 est
1063 3288 1219 3371 ήρήσεται.
1264 3290 1322 3359 Ile·

170 3386 324 3457 llttlhenes
352 3390 392 3459 de
415 3392 451 3459 F.
474 3392 508 3458 h.
533 3412 563 3479 p.
584 3396 669 3471 432,
695 3397 746 3458 l'l.
778 3390 817 3458 de
849 3392 1021 3458 'limaroho
1044 3392 1178 3479 loquens
1209 3396 1255 3461 ita
1277 3395 1324 3462 di·

167 3484 212 3557 ΰθθτ
234 3496 309 3561 ἀλλ’
335 3497 350 3563 ὃ
373 3500 431 3576 μὲν
453 3499 649 3580 ταλαίπωρος
678 3499 850 3576 ἠτίμωται,
875 3498 973 3579 τούτῳ
995 3500 1022 3564 δ’
1046 3498 1131 3582 ἀθῴῳ
1154 3500 1259 3567 δώσετ’
1280 3498 1322 3566 εἷ-

124 3610 126 3615 ·
163 3614 219 3675 να,
239 3602 284 3667 sio
306 3622 418 3669 omnes
441 3613 568 3690 praeter
590 3624 689 3669 unum
711 3605 865 3669 eximium
892 3603 914 3669 S
935 3606 1135 3682 l'arisiuuur‚
1159 3607 1214 3691 qui
1239 3606 1325 3673 solus

160 3706 359 3773 mnrium
383 3708 515 3795 perlecti
541 3708 688 3775 iuturum
719 3706 810 3774 uobis
833 3711 971 3775 servavit
1000 3713 1208 3789 ἠτιμώσεται,
1239 3712 1325 3797 quod

155 3804 397 3897 dqaisaollerti
417 3814 601 3881 coniectura
626 3814 838 3901 excogitasset
862 3835 995 3899 ecquam
1019 3818 1047 3881 el
1068 3814 1161 3881 iueile
1183 3816 1323 3883 creditu·

151 3932 217 3983 mu
242 3914 343 3985 iuiaae
374 3920 491 4005 putes?
538 3921 574 3986 lu
607 3920 825 4007 Xenophontis
857 3920 1029 3986 Helleuieis
1052 3922 1089 3988 V.
1116 3942 1136 3985 r.
1166 3926 1215 3987 tt.
1247 3919 1322 4005 legi·

147 4028 214 4089 lar:
235 4020 314 4103 θθγε
336 4025 399 4104 μήν
417 4025 528 4107 θύραή
550 4028 610 4106 ἐμή
631 4028 762 4109 ἀνέῳκτο
782 4027 838 4105 μὲν
860 4028 955 4101 δήπου
976 4027 1028 4091 καὶ
1049 4026 1176 4107 πρθοθεν
1198 4028 1321 4095 εἰσιέναι

141 4128 183 4211 τῦ
205 4128 336 4213 δεομένῳ
357 4154 388 4197 τι
411 4132 507 4211 ἐμοῦ,
538 4131 704 4215 ἀνεῴξεται
728 4135 759 4199 δὲ
782 4135 834 4199 καὶ
858 4140 930 4205 νῦν,
961 4132 1015 4198 ubi
1046 4132 1141 4197 multi
1168 4130 1241 4197 libri
1266 4154 1323 4220 pro

138 4236 319 4303 mnia
328 4235 516 4319 ἀνεῴξεται,
530 4238 662 4324 potabit,
686 4238 1007 4319 ονΙιίΙιοπθάνέῳκται.
1034 4236 1323 4324 Depreheuduntur

135 4338 477 4421 antemurales,
509 4346 540 4411 in
566 4344 808 4431 interpolatione
838 4343 1017 4412 rrrauilestu.
1069 4345 1236 4411 Praeterea
1267 4364 1324 4433 pro
