2940 5010
731 290 791 353 721

147 462 271 540 ἄλλαις
298 465 430 537 πόλισι,
455 462 577 545 θόρυβον
601 463 633 529 δὲ
657 464 814 544 παρέσχον
838 465 935 532 πλείω
966 471 1025 532 τῶν
1053 466 1219 547 πολεμίων.
1267 465 1337 533 ntia

147 573 261 638 omnia
283 570 323 638 de
348 572 567 637 Lacaenarum
591 565 665 633 lorti
688 577 718 633 et
746 569 866 635 invicto
889 572 997 636 animo
1019 570 1114 637 multi
1142 572 1263 639 iactare
1286 593 1338 637 so·

147 672 243 752 lent,
278 675 334 744 sed
359 676 413 742 illa
438 683 514 740 sunt
539 674 672 739 veriora.
720 673 855 741 Fatetur
885 674 1079 741 Plutarchus
1102 674 1194 762 lapsu
1217 685 1338 764 tempo·

150 781 201 847 ris
223 782 384 849 Lacaenas
414 778 593 865 impudicas
624 778 726 845 lactas
758 799 827 846 esse
860 781 951 869 (Lyc.
977 779 1042 869 16.)
1076 789 1110 846 et
1133 779 1234 865 Agide
1264 801 1337 868 reg·

151 895 253 955 naute
289 886 459 953 avaritiam
497 894 528 950 et
558 883 719 950 luxuriam
763 884 1022 970 pessumdedisse
1064 887 1167 952 avitas
1202 888 1339 954 virtutes

151 990 245 1081 (hya.
264 991 336 1081 50).
383 992 468 1057 llaec
500 991 608 1055 omnia
641 988 763 1054 dudunt
794 1000 887 1057 erant
918 993 950 1057 in
975 992 1066 1076 peius
1090 1000 1213 1058 mutata
1238 1013 1338 1078 quum

151 1096 329 1184 Xenophon
354 1116 391 1164 ex
417 1096 490 1162 Asia
517 1096 548 1159 in
572 1094 824 1180 Peloponnesum
847 1098 952 1174 venit,
981 1106 1014 1162 et
1036 1115 1054 1161 a
1076 1097 1236 1163 tnaiorum
1260 1099 1339 1164 arti-

150 1200 216 1269 hus
248 1201 460 1289 degenerasse
499 1200 673 1286 Spartanos
704 1199 786 1264 vidit
818 1187 851 1267 et
884 1222 946 1266 nun
978 1203 1082 1288 potuit
1114 1200 1338 1270 dissimulare:

150 1306 210 1375 aad
230 1307 302 1375 vide
322 1307 401 1374 mihi
426 1315 548 1392 quanta
570 1313 681 1370 utatur
703 1304 872 1373 verborum
893 1306 1026 1373 lenitate
1046 1314 1079 1373 et
1097 1327 1195 1394 quam
1218 1307 1338 1374 urbane

151 1411 307 1481 nonnulla
326 1414 489 1496 attingens
513 1411 616 1496 magis
637 1430 735 1498 quarn
758 1412 908 1496 aperiens
929 1419 1036 1479 menen
1061 1410 1100 1478 de
1121 1413 1256 1499 antiqua
1274 1413 1338 1478 vir·

151 1526 225 1587 tute
246 1528 357 1585 aetum
382 1537 451 1585 esse
474 1517 554 1581 satis
577 1514 775 1581 demonstret
805 1516 836 1580 in
866 1537 936 1602 cap.
959 1516 1054 1594 xit,
1077 1516 1171 1604 quale
1203 1517 1264 1585 hoc
1287 1528 1338 1585 est

149 1624 187 1691 in
212 1626 232 1708 §
253 1629 296 1690 li:
329 1621 363 1700 ήν
391 1624 448 1702 μὲν
470 1621 521 1688 ότε
554 1622 763 1699 ἐπεμελοῦντο
786 1619 867 1695 όπως
897 1618 1251 1701 denominarentur·
1287 1628 1339 1690 νῦν

147 1732 185 1799 dd
205 1732 288 1797 πολὺ
309 1734 434 1809 μᾶλλον
453 1728 734 1810 πραγματεύονται
756 1724 837 1800 όπως
857 1725 998 1807 ἄρξουσιν
1020 1730 1037 1805 ή
1061 1727 1143 1804 όπως
1162 1727 1241 1806 ἄξιοι
1269 1730 1338 1796 τού·

147 1860 206 1905 τον
228 1836 367 1903 locarat:
394 1844 539 1921 potestne
568 1835 701 1918 gravius
729 1831 937 1917 opprobrium
962 1833 1098 1918 reperiri
1130 1855 1226 1921 quam
1253 1834 1339 1920 quod

149 1940 218 2009 illis
247 1940 424 2009 lenissimis
456 1938 562 2006 verhis
599 1937 809 2003 continetur?
856 1936 1024 2024 Interponi
1053 1948 1150 2025 caput
1173 1940 1255 2007 XlV.
1291 1941 1337 2006 iu·

148 2045 320 2115 commode
342 2052 375 2113 et
396 2045 501 2111 alieno
525 2043 592 2109 loeo
622 2044 726 2128 palam
749 2051 817 2118 est,
842 2042 898 2109 sed
925 2043 959 2108 in
987 2042 1069 2108 lihro
1098 2053 1164 2112 tam
1188 2044 1339 2112 mutilato

146 2162 183 2223 et
212 2152 346 2221 disiecto
370 2152 443 2237 quis
468 2149 500 2215 id
533 2168 649 2232 magno
678 2169 775 2234 opere
807 2147 1004 2215 mirabitur?
1053 2149 1135 2217 Sunt
1160 2151 1216 2236 qui
1240 2152 1338 2217 inter·

150 2257 294 2347 polatum
328 2277 397 2324 esse
438 2263 571 2342 putent:
609 2274 670 2318 non
704 2253 813 2320 lerunt
847 2256 934 2320 enim
971 2255 1214 2342 Xenophontem
1249 2276 1269 2323 a
1303 2274 1338 2321 se

147 2364 258 2453 ipsum
278 2363 461 2430 dissentire.
508 2361 573 2426 Cur
596 2359 657 2425 sihi
683 2379 744 2425 non
769 2367 895 2426 constet
917 2358 991 2426 dedi
1016 2380 1144 2447 operatu
1174 2369 1210 2427 ut
1232 2369 1337 2426 osten·

145 2468 271 2538 dorem.
319 2468 482 2536 Orationis
509 2465 638 2531 habitus
662 2473 695 2531 et
717 2464 805 2531 color
824 2474 913 2532 certe
943 2485 1004 2531 nou
1030 2464 1175 2533 referunt
1199 2467 1338 2553 interpo-

147 2572 307 2653 latorem,
330 2574 489 2659 habetque
513 2572 541 2636 is
563 2572 632 2656 ipse
651 2570 741 2636 loeus
760 2569 824 2636 duo
846 2590 928 2637 nova
947 2570 1066 2637 indicia
1089 2574 1224 2649 aetatis,
1248 2573 1337 2640 cirea

147 2698 247 2768 quana
270 2678 349 2746 haec
381 2680 501 2764 scripta
525 2696 595 2742 esse
617 2675 764 2760 colligas:
789 2681 840 2742 νῦν
869 2677 895 2742 δ’
914 2678 1089 2757 ε’πίςαααι,
1115 2678 1241 2764 inquit,
1264 2680 1335 2753 τοὺς

144 2786 311 2859 δοκοῦντας
332 2787 466 2865 πρώτους
491 2779 567 2848 εἶναι
591 2781 823 2854 ἐσπουδακότας
849 2785 888 2855 cic
912 2784 1069 2861 μηδέποτε
1096 2785 1258 2850 παύωνται
1283 2786 1335 2865 aip-

143 2890 292 2974 μόζονσες
310 2891 360 2956 ἐπὶ
383 2888 482 2966 ξένιος.
530 2887 613 2954 Nutu
638 2886 715 2953 haec
740 2896 812 2972 post
829 2907 951 2954 antarum
973 2893 1049 2954 371.
1073 2896 1106 2953 et
1127 2891 1334 2956 Leuctricam

143 2995 363 3065 calauritatem
400 2994 498 3060 surihi
530 2992 672 3078 potuisse
707 2991 826 3077 putas?
875 2992 1051 3058 Pausanias
1075 2993 1130 3060 tx.
1163 2999 1194 3060 6.
1228 2999 1259 3059 l.
1294 2996 1332 3082 (oi

145 3102 282 3183 Θηβαῖοι
305 3098 498 3179 νικήσαντες)
524 3100 554 3163 ἐν
579 3097 746 3177 Λεύκτροις
768 3097 1004 3179 ἐπιφανεςοίτήν
1028 3097 1111 3171 νίκην
1132 3099 1250 3173 ὁπόσας
1279 3125 1333 3180 γε·

143 3207 275 3289 νομένας
295 3205 448 3279 Ἕλλησιν
472 3202 561 3282 ίσραεν
581 3204 650 3267 ααό’
671 3204 828 3279 Ἑλλήνων
849 3203 901 3269 καὶ
922 3204 1152 3286 δεκαδαρχίας,
1174 3201 1333 3279 ἃςΛακε·

141 3312 292 3392 δαιμόνιοι
316 3310 496 3384 κατίτιισαν
520 3309 551 3373 ἕν
574 3315 645 3381 ταῖς
675 3308 818 3385 πόλεσιν,
842 3308 982 3374 ἔπαυσαν
1018 3309 1071 3375 καί
1094 3310 1234 3390 οόρριοςοὶς
1261 3313 1332 3386 τοὺς

144 3415 354 3499 Σπαρτιατας
379 3412 612 3494 ἐκβάλλουσιν,
635 3422 667 3479 et
692 3412 907 3479 iteruurvlll.
933 3417 986 3479 aa.
1012 3418 1054 3491 l,
1091 3413 1145 3480 uhi
1168 3415 1228 3482 hoc
1251 3417 1333 3505 Epa·

142 3520 330 3591 minondam
356 3520 471 3586 iecisse
491 3519 614 3585 serihit.
648 3517 776 3604 Scripta
796 3526 846 3584 est
866 3521 883 3595 ή
907 3525 967 3584 τῶν
989 3520 1143 3585 Λακώνων
1163 3525 1330 3600 πολιτεία,

142 3638 182 3695 ut
203 3629 289 3693 inter
309 3624 480 3712 legendum
504 3623 622 3709 ubique
644 3623 786 3700 senties,
810 3622 952 3689 uornluua
974 3622 1075 3690 tracta
1097 3634 1128 3693 et
1154 3627 1273 3694 allliota
1297 3651 1333 3698 re

141 3731 323 3821 Spartana,
347 3751 447 3817 quum
469 3749 563 3795 nemo
586 3736 651 3794 tota
674 3729 808 3796 Graecia
830 3729 916 3794 illam
939 3739 1081 3816 stragem
1100 3739 1130 3797 et
1153 3735 1330 3818 perniciem

139 3836 373 3906 Lacedaemoni
400 3833 585 3921 impendere
609 3836 839 3921 suspicaretur.
888 3834 1073 3902 lletuehant
1098 3846 1212 3903 contra
1235 3838 1330 3907 Grae·

140 3944 213 4012 cine
233 3942 341 4030 populi
374 3962 414 4007 ne
441 3940 556 4025 Sparta
580 3950 673 4006 vetus
698 3939 777 4005 illud
810 3939 983 4025 imperium
1009 3941 1172 4007 inlinitum
1198 3962 1329 4031 recupe-

139 4056 247 4117 raret:
279 4054 330 4114 νῦν
352 4048 384 4115 δὲ
418 4047 527 4112 πολλοὶ
553 4051 787 4126 παρακαλοῦσιν
819 4046 977 4121 ἀλλήλους
1002 4046 1053 4110 ἐπί
1081 4048 1117 4114 πό
1149 4049 1328 4117 διακωλύειν

139 4154 234 4239 ἄρξαι
269 4153 367 4219 πόλιν
401 4153 533 4227 αὐτούς,
569 4151 675 4236 inquit
701 4150 782 4216 xlv.
811 4157 830 4216 4
861 4159 895 4216 et
928 4156 960 4219 6.
1014 4151 1191 4219 verissime
1220 4154 1329 4223 Morus

140 4258 293 4328 admonet
326 4255 558 4325 eiusdemmodi
596 4256 850 4322 cohortationem
877 4256 910 4320 in
943 4257 1094 4324 Isocratis
1129 4260 1329 4348 Panegyrico

142 4367 270 4445 inesse,
293 4385 390 4452 quam
415 4364 591 4430 orationem
625 4382 709 4429 anno
726 4367 814 4439 580,
845 4381 959 4429 navem
982 4373 1058 4430 ante
1081 4383 1223 4451 pugnam
1247 4365 1328 4433 Leu-

1084 4477 1110 4515 tt
