2940 5010
704 272 768 337 att

145 452 290 526 είσιέναι,
315 444 400 536 quod
427 464 559 532 prorsus
581 442 724 513 alienum
748 453 820 524 est,
849 464 911 513 nou
943 445 1035 514 rideo
1056 445 1136 534 quid
1167 446 1289 515 aiiudrt

145 557 219 645 poni
243 554 344 642 possit
370 570 467 639 quam
499 551 552 618 καί
584 551 711 633 πρθσθεν
738 552 798 618 οίσί
830 553 878 635 τῷ
911 551 1039 635 δεομθνςν
1070 576 1102 619 τι
1134 552 1220 632 θμοῦ.
1259 554 1289 621 tt

145 661 264 728 dixerit
286 658 420 745 aliquis,
445 654 530 724 uude
553 656 630 722 seiri
650 664 683 724 et
702 654 917 725 demonstrari
940 666 1044 746 potest
1066 655 1202 725 formam
1226 661 1289 735 σίσνι

143 766 303 846 λοίξομαι,
327 782 424 851 quam
449 771 485 829 tu
507 761 558 828 his
579 770 729 849 quartam
758 763 894 842 adimis,
916 762 1049 831 Graecis
1070 761 1170 832 [uisse
1192 764 1225 830 io
1245 784 1289 831 ost

143 871 348 941 Facillimum
369 876 420 935 est
438 869 469 935 ei
485 866 700 955 respondere,
725 888 840 957 nempe
860 890 900 937 ex
920 868 1101 959 [impedio.
1127 869 1213 957 apud
1233 889 1289 958 poe

30 1051 37 1063 ,
143 978 262 1065 legitur
284 996 370 1043 nunc
398 973 679 1056 Ἀπνλλοίζειςε
708 975 957 1055 ἀπηλλαγμένος
979 974 1034 1059 ἔσῃ
1068 974 1169 1065 (inter
1190 978 1289 1053 Ἀπία

142 1094 176 1150 et
204 1079 456 1168 ’Λπνλνναθτσι)
489 1079 544 1146 sed
568 1079 738 1167 legendum
763 1100 833 1149 esse
864 1080 1063 1159 Ἀπνλλιθξει
1090 1080 1289 1150 nocumenti

143 1188 273 1275 quidem
297 1195 354 1253 out
377 1185 501 1275 Pyrrho
525 1185 730 1253 dubitaverit
778 1185 887 1254 Attica
913 1188 1098 1255 terminatio
1119 1211 1172 1255 ·sr
1195 1185 1289 1255 solet

140 1318 212 1367 -εις
232 1292 418 1380 depravari,
441 1300 477 1357 ut
502 1294 630 1379 saepius
652 1290 853 1359 ostendimus
874 1300 908 1360 et
928 1294 1038 1361 statim
1064 1293 1156 1359 novis
1177 1290 1289 1380 exemp

140 1398 330 1477 ostendam,
353 1406 386 1464 et
406 1416 459 1464 res
481 1406 531 1464 est
549 1405 617 1464 tam
637 1396 768 1465 evidens
790 1405 829 1466 ut
851 1398 985 1467 veroum
1003 1418 1066 1465 roo
1090 1397 1232 1485 amplius
1252 1396 1289 1467 ad

143 1506 186 1571 sit
205 1523 295 1591 opus.
330 1504 442 1590 ltaque
464 1501 580 1569 addam
599 1503 706 1589 potius
724 1502 825 1570 alium
849 1504 1074 1591 Aristophanis
1093 1503 1220 1581 ioeum.
1241 1524 1289 1593 pro

141 1629 199 1675 sus
218 1608 330 1677 eadem
351 1607 510 1676 medicina
534 1609 622 1695 turpi
643 1616 677 1674 et
699 1607 859 1696 flagitioso
882 1629 992 1677 errore
1015 1608 1243 1689 liberandum,
1264 1628 1289 1697 qt

142 1735 206 1781 non
228 1714 323 1781 eredo
346 1712 470 1782 foedius
494 1717 525 1781 in
547 1734 665 1801 genere
689 1714 748 1781 hoo
772 1714 981 1781 commissum
1005 1733 1085 1783 esse.
1132 1715 1193 1783 Est
1217 1713 1289 1780 ini.

142 1822 274 1888 sistrata
297 1819 386 1887 loeus
409 1840 455 1887 vs.
475 1824 554 1888 580.

277 1928 386 2008 σχήσω
408 1931 438 1991 π’
461 1927 523 2004 ἐγὼ
546 1934 602 2003 τῆς
626 1932 678 1993 νῦν
700 1927 794 2006 Botis:
818 1928 893 1991 ἀλλ’
917 1925 1012 1992 οὐκέθ’
1036 1923 1187 2003 ἧλισίξεις.

142 2052 225 2110 our,
249 2051 389 2119 quaeso,
412 2029 559 2098 Batidem
583 2031 728 2099 ridemus
754 2039 789 2098 et
806 2029 931 2098 Datidis
954 2031 1107 2114 χαίρομαι
1129 2049 1231 2118 quum
1251 2029 1290 2097 toi

141 2138 203 2225 ipsi
223 2139 334 2224 aequis
352 2137 471 2204 animis
493 2136 742 2223 eoneoquimust
772 2134 879 2217 Quid?
902 2134 1071 2218 ἡλιιίζομαι
1091 2136 1237 2203 Atticum
1255 2154 1289 2203 es

140 2245 264 2310 seimus
289 2261 424 2321 omnes,
457 2262 520 2309 nou
551 2242 686 2325 ἡλιθζο,
716 2250 781 2308 tam
811 2242 892 2311 bene
913 2251 1011 2330 atque
1039 2242 1140 2324 χαίροι
1168 2240 1233 2311 dei
1261 2260 1289 2307 ιι

139 2350 310 2430 χαίρομαι,
334 2356 367 2414 et
383 2346 531 2414 futurum
553 2347 723 2428 ἡλιοίσομαι
744 2346 877 2426 habere,
901 2349 986 2415 utin
1006 2347 1215 2435 Vespisi'idr
1239 2350 1288 2425 ἡλι

139 2478 185 2521 σαι
209 2456 283 2535 πρὸς
306 2452 409 2530 ἥλιον,
432 2461 465 2519 et
483 2453 640 2519 aoristum
661 2452 870 2530 ἡλιάσασθαι,
896 2461 932 2520 ut
954 2455 988 2518 in
1009 2452 1185 2539 Equitihus
1205 2456 1279 2521 tttt.

228 2563 268 2633 ὡς
286 2565 393 2624 σοῦσον
416 2558 554 2625 δείσατ’
574 2559 606 2623 ἐν
628 2561 777 2644 Ἀρκαδίᾳ
799 2560 995 2640 πεντώβολον
1016 2556 1219 2635 ἡλιάσασθαι.

137 2673 169 2732 et
190 2663 360 2732 credemus
390 2662 635 2751 Aristophanem
660 2664 757 2731 semel
782 2665 897 2749 ἡλιιίζσ
921 2664 1040 2731 dixisse
1062 2670 1095 2729 et
1124 2660 1237 2731 futuro
1262 2662 1289 2731 tt

136 2771 202 2837 σιίο
225 2789 342 2847 usum,
375 2770 402 2833 si
429 2769 531 2835 Musis
553 2767 677 2855 placet,
703 2769 839 2850 ίλιοίξο,
872 2768 1000 2859 (tarsici
1025 2769 1127 2854 igitur
1147 2768 1289 2837 debuero

136 2875 316 2964 seribere)?
353 2873 415 2942 Sed
437 2876 510 2961 quis
533 2872 657 2941 audivit
680 2893 834 2961 umquam
857 2873 1082 2943 mrdierouiam
1104 2874 1248 2943 Attioam
1268 2894 1289 2963 p

136 2982 247 3049 futuro
269 2982 394 3059 sittim,
416 2999 481 3066 quo
498 2978 634 3057 solebat,
656 2981 773 3048 Itorioo
791 3000 990 3058 sorensem,
1015 2979 1111 3066 idque
1132 2999 1199 3047 nou
1218 2980 1289 3048 ioou

136 3096 202 3155 tem
220 3095 279 3154 aut
293 3087 510 3169 παραδοῦσαν,
530 3085 587 3152 sed
610 3088 643 3152 ιιι
666 3086 772 3173 iurgio
795 3087 844 3153 ira
863 3084 1079 3152 oooeitetam?
1103 3085 1214 3172 Apage
1237 3086 1289 3153 in

134 3195 207 3260 tias
255 3196 424 3259 Praeterea
450 3195 610 3260 sententia
634 3194 703 3278 ipsa
730 3211 793 3258 noo
816 3193 926 3258 miuus
950 3190 1074 3258 laborat
1098 3197 1198 3276 atque
1220 3188 1289 3259 ioro

134 3297 282 3366 vocabuli
297 3298 412 3363 vitiosa
436 3306 495 3364 est.
542 3297 604 3365 Sed
630 3297 709 3384 quid
728 3318 818 3365 oesso
842 3317 950 3364 rerem
977 3295 1147 3363 lectionem
1166 3294 1289 3383 patoiao

134 3404 191 3470 re?
239 3402 516 3484 Quemadmodum
537 3404 639 3489 igitur
658 3405 690 3469 in
711 3404 824 3491 vespis
847 3402 973 3469 dixerat
995 3422 1041 3468 rs.
1067 3405 1142 3467 164.

360 3507 564 3591 διατρώξομαι
584 3510 682 3574 τοίνυν
704 3508 781 3586 θδθιξ
798 3512 834 3576 τὸ
856 3510 986 3576 δίκτυον.

169 3652 171 3656 ⁴
281 3626 315 3681 B.
360 3617 438 3680 ἀλλ’
460 3618 514 3683 οὐκ
537 3615 621 3696 ἔχειν
643 3613 779 3689 θδθνσας.

133 3723 181 3790 sio
203 3723 238 3787 in
257 3728 367 3788 nostro
385 3719 454 3786 loeo
477 3722 684 3808 perspiouum
706 3727 756 3787 est
780 3719 916 3788 dixisse:

42 3821 45 3825 ’
270 3829 380 3910 σχήσοι
400 3830 430 3893 σ’
449 3828 511 3906 ἐγὼ
533 3835 590 3902 τῆς
610 3832 662 3893 νῦν
680 3828 768 3907 βοῆς.
792 3838 826 3893 Β.
850 3829 928 3893 ἀλλ’
947 3828 1044 3894 οὐκέθ’
1068 3821 1212 3907 ἡλιάζει,

133 3932 214 4001 nihii
235 3952 350 4000 nocere
373 3934 493 4020 poteris
511 3932 611 4010 mihi,
635 3934 763 4020 inquit,
787 3940 821 3999 et
841 3933 947 3999 minas
973 3931 1052 3999 iaeis
1076 3930 1209 4007 inanes,
1231 3948 1289 3997 oar

132 4060 195 4127 que
228 4042 372 4126 (propter
401 4037 550 4125 aetatem)
581 4061 642 4105 νιονι
674 4038 794 4106 iudicas
821 4039 967 4127 amplios.
1021 4037 1129 4104 Etiam
1161 4034 1224 4103 hoo
1253 4044 1289 4103 te

132 4153 280 4233 apertum
304 4153 353 4212 est
374 4153 412 4212 ut
433 4143 592 4211 indicasse
614 4146 658 4211 sit
680 4146 770 4213 satis.
817 4143 928 4211 Obiter
949 4146 981 4209 in
999 4143 1157 4231 Equitum
1178 4140 1289 4231 locop

132 4254 327 4333 πεντώβολον
362 4249 551 4329 ἢλιοίσασθαι
580 4269 694 4317 revoca
719 4251 874 4339 optimam
902 4250 1034 4317 liusteri
1064 4248 1289 4317 oomeotioneu

133 4377 229 4446 quam
250 4358 406 4445 Bergkius
428 4355 567 4445 expulit,
591 4358 788 4439 πεισοβθλον
812 4355 1019 4435 ίλιιίσασθαι,
1044 4364 1082 4425 ut
1105 4352 1192 4445 apud
1217 4354 1287 4423 Pirr
