2940 5010
711 266 776 331 2⁸0

150 442 274 525 ἀρχῆς,
301 440 337 507 ἵν’
359 438 418 506 όοα
441 441 512 519 ὑμῖν
543 438 727 522 ὑπεσχόμην
750 438 921 521 ἀρχόμενοι
954 443 1009 505 τοῦ
1041 439 1139 519 λόγον
1168 438 1256 521 δεόξιν
1275 470 1315 519 τη

149 547 278 621 ποιηκός
312 544 408 631 idque
431 546 537 632 ipsum
565 543 745 611 luculenter
778 543 907 611 fecisset
937 541 1044 611 iocum
1071 546 1121 613 sic
1148 548 1311 621 concludit

149 656 254 719 οὐκοῦν
276 652 365 717 ταῦθ’
387 649 570 734 ὑπεσχόμην
594 652 625 715 ἕν
649 652 755 733 διχῇ,
779 652 871 716 ταῦτ’
894 646 1048 727 ἐπέδειξα.
1094 650 1250 740 Equidem
1270 660 1315 725 mi·

152 756 187 823 lri
211 757 315 843 ipsum
348 754 592 822 Demosthenem
624 754 737 822 audire
758 753 889 821 videbor
911 753 965 820 utri
994 754 1153 842 scriptum
1176 760 1237 825 erit
1259 758 1314 831 οἷον

151 861 336 943 ὑπεσχόμην
368 862 399 927 ἐν
433 863 517 945 ἀρχῇ
549 863 641 928 ταῦτ’
677 859 797 937 tatuit
822 908 831 925 .
883 859 921 925 lu
955 859 1174 929 Aristocraten
1205 883 1310 954 quoquc

152 988 183 1054 p.
205 970 292 1045 668,
326 963 349 1032 ὦ
378 963 484 1047 ἄνδρες
516 967 689 1045 Ἀόηναῖοι,
721 964 928 1043 ἰξηπσόπηοόε.
960 963 1015 1030 ιιαό
1044 967 1082 1032 δι’
1113 964 1179 1047 atys
1208 969 1308 1045 εόιιόενι

151 1076 240 1139 codro
264 1071 438 1139 πεπόνόαπο
462 1072 522 1151 ἐγὼ
543 1070 674 1154 Φράσον,
698 1072 896 1158 reposuerim
919 1072 956 1139 δι’
979 1070 1053 1139 ἅττ’
1076 1072 1211 1148 εἰκότας.

198 1176 403 1245 Manifestum
427 1175 579 1243 mendum
604 1174 721 1243 insidet
741 1176 775 1241 in
800 1176 1041 1244 Heraclidarum
1067 1197 1113 1243 rs.
1137 1182 1233 1247 105⁷.

511 1288 576 1356 πῶς
598 1278 648 1348 οὖν
670 1284 763 1348 ταῦτ’
786 1281 848 1360 ἐνόν
871 1282 1066 1363 πεπυσμένος

331 1389 410 1470 δεῦρ’
432 1386 519 1465 citior
541 1390 617 1454 αλλ’
639 1390 673 1455 οὒ
695 1387 837 1469 χρησμόν
860 1390 992 1471 ᾐδούμην
1015 1391 1105 1465 trois

155 1493 310 1582 quidquid
333 1494 420 1561 enim
444 1492 624 1559 moliuntur
645 1493 867 1580 Interpretes‚
898 1492 1011 1559 ritiosc
1031 1501 1064 1560 et
1087 1512 1252 1581 perperam
1271 1492 1310 1561 di·

154 1602 241 1667 citur
263 1601 336 1686 quis
365 1600 514 1665 αόδεῑοόαι
537 1599 678 1681 χρησμόν
701 1618 759 1685 pro
780 1596 988 1684 reformidorc
1006 1598 1188 1677 macutum,
1208 1598 1311 1667 οιοονόο

152 1706 311 1771 detmari.
346 1704 453 1789 Longe
474 1704 615 1791 optimus
637 1705 781 1769 omnium
805 1701 996 1769 tttmstcius:
1022 1703 1178 1771 »innotans
1201 1706 1312 1781 locuto.

156 1811 283 1896 inquit,
313 1811 455 1892 χρησμόν
484 1810 634 1875 αἰδεῖσθαι
655 1830 713 1896 pro
732 1812 876 1892 χρησμοῦ
899 1807 1105 1889 ἐντρέπεσθαι.
1152 1809 1204 1877 tta
1231 1820 1315 1877 tumn

155 1915 316 2001 scripsisse
345 1914 467 1980 videtur
496 1913 601 1982 Porto.
625 1913 772 2001 Aescdyi.
803 1915 1013 2001 1191116916.
1043 1918 1089 1993 μη
1120 1940 1172 1983 νον
1205 1918 1255 1985 σόν
1273 1918 1315 1983 όν·

153 2023 292 2101 όρόιπειον
315 2022 455 2103 αόδεοόῇο
477 2022 587 2103 ψόγον.
621 2019 731 2107 Suppi.
754 2023 830 2085 tat.
861 2018 943 2093 ὅπως
971 2018 998 2085 δ’
1021 2019 1147 2100 ἀνάγκη
1171 2024 1261 2097 Ζηνός
1279 2020 1315 2087 ri·

153 2128 268 2194 δεῖσόαι
300 2125 422 2192 κόπον.”
469 2122 559 2206 Quod
584 2124 723 2191 insolens
746 2124 864 2191 tocutio
887 2133 1022 2192 estnon
1046 2128 1236 2211 querimur,
1256 2124 1315 2193 iuni

154 2240 267 2319 poetae
292 2240 338 2298 est
364 2229 518 2317 quaedam
544 2232 707 2316 ingeniose
729 2239 761 2296 et
783 2240 915 2298 venuste
938 2250 1077 2309 novare,
1099 2230 1156 2298 scd
1178 2231 1263 2319 quod
1276 2230 1315 2301 ott

156 2356 232 2403 sona
262 2345 295 2402 et
324 2334 463 2401 absurda
485 2345 532 2402 est
565 2334 788 2421 interpolatam
820 2356 890 2403 csse
922 2338 1136 2424 suspicamur.
1182 2334 1315 2427 tdxetnpit

155 2440 194 2507 ab
225 2440 375 2507 Etmsteio
407 2439 502 2506 allata
533 2440 625 2527 piane
655 2440 782 2507 dircrsa
812 2451 907 2508 sunt:
942 2441 1122 2508 rectissime
1154 2444 1242 2509 enim
1273 2462 1315 2531 prt

153 2545 295 2624 aridiorem
318 2552 426 2626 Τρῶας
449 2546 502 2611 καὶ
528 2546 677 2625 Τρωάδας
703 2544 767 2610 dici
791 2555 894 2634 potest
916 2548 1061 2627 αόδοῦμαι
1082 2548 1182 2631 ψόγον
1205 2549 1308 2632 Τοόοιν

153 2650 209 2717 sed
248 2648 327 2715 nihii
365 2651 412 2717 sic
446 2650 634 2737 proficimus
662 2649 702 2716 ad
734 2651 977 2738 intelligendum
1013 2652 1171 2738 quomodo
1204 2654 1315 2723 tendor

152 2757 294 2839 χρησμόν
313 2757 458 2836 αἰδοῦμαι
482 2758 622 2843 potuerit
645 2755 721 2823 dici.
768 2756 827 2822 Est
852 2765 960 2823 autem
985 2759 1117 2840 ηἰδοόμην
1143 2759 1225 2826 οιίΙοόΙ
1247 2758 1315 2829 aliut

153 2881 249 2948 quam
275 2859 385 2927 intotis
407 2862 579 2948 ttusgrarii
607 2863 814 2929 coniectura:
842 2861 993 2930 incorr.
1018 2864 1168 2932 omnihus
1194 2865 1312 2953 tegitur

152 2968 294 3049 χρησμόν
324 2966 436 3047 ἠρόμην
467 2969 555 3045 troi,
590 2968 622 3033 in
658 2988 721 3054 quo
753 2967 868 3034 orendo
902 2988 976 3035 rara
1009 2970 1172 3057 scriptura
1206 2970 1315 3041 videtu

152 3072 231 3139 traec
251 3072 366 3139 tatere:
389 3074 530 3156 χρησμόν
553 3073 700 3156 ηζόμην
722 3077 798 3140 οεοῦ.
844 3075 901 3141 Est
925 3076 1012 3141 enim
1030 3074 1146 3158 ἅζομαι
1171 3075 1315 3165 idipsum

151 3176 236 3265 quod
263 3177 351 3245 iocus
380 3177 518 3264 postrrtat
539 3180 745 3261 ἐντρέπομαι,
776 3180 985 3259 εὐλαβοῦμαι.
1033 3180 1215 3269 Hesychius
1235 3180 1315 3267 οόχό

151 3284 264 3366 ζομαι;
295 3284 328 3348 οὐ
353 3283 510 3363 σέβομαι,
536 3286 589 3349 οὐκ
612 3286 806 3366 ἐντρέπομαι.
856 3285 954 3352 Recte
985 3289 1046 3369 οὐχ
1076 3284 1193 3368 ἅζομαι
1225 3306 1315 3357 eme!

151 3389 240 3455 davit
265 3386 438 3455 Etmsteius
459 3386 498 3453 ad
531 3388 688 3455 Heraclid.
720 3411 765 3455 rs.
788 3394 876 3466 600,
913 3389 966 3456 uhi
992 3400 1041 3456 est
1065 3393 1244 3477 δυσφημεῖν
1270 3392 1315 3475 rr·

150 3493 266 3577 ἅζομαι
302 3494 392 3572 όεόν,
426 3503 499 3581 apto
522 3513 715 3580 componens
747 3492 849 3561 Orest.
882 3515 928 3560 rs.
949 3501 1045 3562 1116.
1074 3495 1118 3571 δὶς
1152 3500 1254 3566 όανεῖν
1272 3500 1315 3581 ot:

150 3598 285 3682 ἅζομαι,
317 3608 349 3665 et
373 3597 621 3665 tressortem.
656 3600 713 3681 πρό
739 3600 847 3666 codron
871 3601 934 3681 γὰρ
964 3601 1069 3680 λέγειν
1100 3604 1162 3683 οὐχ
1195 3601 1314 3686 ἅζομαι

150 3715 182 3771 ct
210 3702 480 3771 promeriture.
516 3705 564 3777 σός
593 3705 663 3770 πόδ’
695 3702 744 3771 οὖν
775 3708 834 3787 οὐχ
866 3704 1000 3788 ἅζεταις
1037 3705 1161 3787 Quibus
1190 3706 1315 3779 adduc

152 3808 364 3897 'itreognideis
387 3829 433 3876 rs.
457 3813 532 3876 180.

329 3917 484 3994 μηδεμίαν
507 3917 669 3983 cardrici*
692 3917 838 3999 οὶζόμενον
860 3917 992 3997 νέμεσιν.

150 4032 183 4090 et
204 4040 250 4087 rs.
277 4025 352 4088 738.
389 4022 535 4103 Κρονιδη,
570 4022 622 4087 σόν
653 4023 749 4105 χόλον
777 4022 927 4104 ἁζόμενοι.
977 4023 1076 4091 Viden
1110 4023 1229 4107 ἅζομαι

151 4128 182 4194 id
207 4128 310 4214 ipsunt
335 4128 540 4209 ἐντρέπομαι,
565 4126 649 4213 quod
679 4126 851 4194 Etmsteius
880 4128 1086 4214 requirebat,
1109 4140 1140 4198 et
1171 4134 1235 4215 οὐχ
1262 4128 1315 4215 dtr

149 4256 208 4313 μαι
232 4253 301 4300 csse
324 4237 357 4300 οὐ
377 4234 547 4317 Φρονπόζω,
578 4232 625 4297 uit
647 4254 773 4309 ororor,
798 4243 967 4303 contemno.
1014 4235 1149 4303 Fatetur
1171 4254 1207 4303 se
1227 4234 1315 4327 Eury

150 4337 261 4405 sttrous
294 4338 427 4406 iunonis
469 4340 602 4407 nurnine
635 4338 751 4408 trcturu
782 4339 948 4407 oracutum
978 4360 1041 4408 nou
1080 4360 1235 4411 curasse:
1274 4344 1315 4423 cri:
