2940 5010
707 242 772 307 556

138 437 190 487 rna
212 435 287 485 oum
310 433 427 501 magno
450 415 628 482 sententiae
653 414 848 483 detrimento
874 416 908 481 in
933 411 1054 483 Hellen.
1073 415 1100 484 l.
1119 435 1161 483 vr.
1175 422 1230 485 32.
1252 417 1326 489 εἶπε

139 525 211 605 πρός
234 522 328 587 αὐτόν
357 518 403 587 ότι
432 520 478 595 εῖν
502 526 605 595 καλῶς
628 519 702 602 ἔχον
733 523 946 588 ἀποπλεῦσαι.
971 524 1005 589 αῖ
1024 523 1089 606 γὰρ
1112 527 1240 608 τριήρεις
1262 534 1326 593 τῶν

135 627 301 704 Ἀθηναῖοι
324 627 429 708 πολλῷ
452 626 578 700 πλέονες
611 624 699 704 ἦσαν.
747 626 788 693 Ut
810 634 963 714 appareat
989 646 1027 692 en
1057 628 1228 696 Hermonis
1251 650 1326 719 per·

137 752 214 799 sona
248 731 327 797 haee
358 730 424 797 diei
457 730 503 820 (id
535 730 620 818 quod
655 730 862 799 manifestum
895 731 956 820 est)
993 733 1127 801 emendo
1153 734 1261 811 εῖιισαν
1291 744 1325 805 et

137 856 287 925 compara
307 856 347 903 ne
368 835 496 902 dubites
519 835 639 903 Hellen.
661 835 730 903 Vll.
755 858 775 903 1.
800 840 855 904 δῖε.
885 838 986 918 λέγων
1004 842 1043 913 ως
1063 838 1166 919 μόνοις
1185 842 1244 920 μὲν
1265 844 1324 908 ari·

135 952 199 1018 τοῖς
230 942 344 1024 πατρὶς
369 940 413 1032 (ἡ)
438 941 666 1018 Πελοπόννησος
689 942 747 1018 εἴη.
771 941 857 1021 μόνοι
878 944 940 1024 γὰρ
971 944 1157 1027 αὐτόχθονες
1179 947 1212 1011 ἐν
1239 948 1325 1031 αὐτῇ

138 1052 265 1127 οἰκοῖεν,
288 1055 321 1114 et
343 1045 399 1112 lll.
420 1068 452 1113 ιι.
479 1051 532 1113 23.
556 1048 857 1130 exenteratorum
880 1054 938 1113 τοῖν
959 1051 1087 1116 Ἠλείων
1109 1045 1156 1117 ότι
1181 1054 1215 1117 οὐ
1238 1054 1326 1129 ποιιὶ·

135 1178 214 1219 σοιεν
237 1158 353 1219 ταῦτα.
386 1152 550 1227 ε’πιλνΐδας
579 1152 642 1232 peip
666 1151 767 1234 ἔχοιεν
799 1154 859 1227 τοῖς
886 1153 1012 1231 πόλεις,
1050 1153 1104 1220 ubi
1137 1153 1326 1224 Diodorlius

137 1256 230 1325 alleri
254 1256 353 1323 duab.
375 1255 443 1322 vll.
468 1278 513 1323 ιιι.
540 1262 592 1323 15.
624 1255 732 1336 ἔλεγον
754 1254 801 1323 ότι
825 1259 941 1332 παντός
965 1256 1041 1335 ἄξια
1061 1258 1151 1339 λέγει
1169 1264 1324 1347 Ξενοφῶν.

136 1363 254 1443 χειμὼν
278 1363 342 1444 γὰρ
365 1361 430 1438 εῖν,
456 1360 509 1426 ubi
533 1361 620 1441 λόγοι
644 1361 730 1448 quod
753 1362 848 1429 multi
871 1362 946 1429 libri
977 1372 1106 1431 serrant
1129 1365 1229 1432 etiam
1253 1367 1327 1435 sine

140 1468 232 1534 libris
253 1476 341 1534 certa
364 1464 587 1534 emendatione
611 1467 721 1554 reponi
745 1466 917 1535 debuisset.

183 1572 318 1658 Saepius
340 1571 425 1659 apud
447 1569 596 1641 Oratores
615 1573 668 1639 illa
695 1573 850 1640 orationis
870 1572 974 1640 lorma
996 1577 1156 1657 ooourrit,
1180 1574 1235 1643 uhi
1260 1596 1325 1645 non

139 1685 266 1745 tantum
286 1676 368 1759 χοῖρ,
392 1676 448 1743 sed
467 1675 516 1745 οὖν
536 1698 663 1766 quoque
681 1686 714 1745 et
736 1679 768 1746 δέ
787 1680 818 1744 in
842 1678 961 1745 talibus
976 1699 1051 1746 enm
1073 1682 1224 1767 optativis
1248 1702 1324 1749 oon·

138 1786 340 1869 iunguntur,
363 1783 460 1849 etiam
487 1782 543 1849 ubi
566 1784 772 1851 aecusativus
795 1802 871 1849 oum
894 1783 1053 1850 infinitivo
1075 1786 1261 1873 praeeedit,
1288 1796 1326 1856 ut

139 1887 224 1975 apud
257 1888 386 1978 Lysiam
420 1886 507 1955 Orat.
530 1888 613 1956 Xlll.
648 1895 700 1957 78.
731 1888 833 1968 λέγων
860 1926 907 1939 -
933 1894 985 1954 νῦν
1026 1890 1083 1969 μὲν
1113 1892 1175 1959 δεῖν
1209 1894 1326 1969 αὐτοὺς

140 1995 274 2077 ἡσυχίαν
297 1992 393 2074 ἔχειν.
417 1996 443 2059 εἰ
466 1995 498 2060 δι’
522 2019 597 2061 ποτε
628 1995 731 2062 οἴκαδε
762 1994 936 2060 κατὲλόοιεν
968 1994 1040 2061 τότε
1072 1996 1124 2062 καὶ
1153 2001 1327 2082 τιμωριὶ-

140 2124 269 2167 σοιντο
293 2101 365 2172 τοὺς
384 2099 577 2174 ἀδικοῦντας.
626 2099 815 2167 ΑιῖεοιῖΙισιιι
837 2097 944 2164 looum
969 2118 1008 2165 ex
1027 2100 1263 2183 Demosthene,
1288 2113 1329 2171 ut

139 2207 238 2273 alium
271 2206 303 2271 in
340 2206 458 2271 vicinia
490 2205 669 2272 emendem.
715 2205 848 2291 Legitur
871 2205 904 2271 in
941 2202 1028 2272 Orat.
1049 2205 1084 2271 la.
1108 2210 1163 2274 oo.
1198 2210 1329 2291 σῖποκρῖ-

140 2337 225 2378 νεται
259 2313 343 2392 αὐτῷ
369 2308 415 2376 ότι
445 2311 626 2393 τριήραρχός
654 2336 689 2377 τε
717 2312 778 2389 ἐγὼ
802 2318 858 2386 τῆς
889 2311 960 2384 νεὼς
985 2310 1048 2386 einr
1078 2310 1132 2377 καὶ
1160 2314 1327 2390 ὑπεόόιινος

139 2418 266 2483 καὶτὸν
292 2418 398 2495 μισθὸν
425 2421 500 2496 παρ’
519 2417 593 2493 ἐμοῦ
616 2416 789 2496 λαμβάνοι.
822 2414 1025 2481 πλεύσοιτο
1052 2414 1111 2483 οὖν
1134 2414 1166 2483 οἶ
1184 2418 1249 2497 ἐγὼ
1273 2444 1328 2485 κε-

139 2521 230 2588 λεύω.
278 2520 314 2586 ln
347 2519 458 2587 eadem
492 2520 637 2585 oratione
670 2518 768 2608 §tte
806 2520 965 2606 seriptum
993 2529 1060 2587 est:
1090 2522 1170 2606 ᾔδειν
1196 2520 1247 2590 οὖν
1277 2520 1326 2591 ότι

139 2624 224 2701 οὗτος
258 2627 315 2706 μὲν
345 2626 541 2706 παραλαβὼν
574 2625 643 2707 (τὴν
671 2627 758 2709 ναῦν)
793 2631 893 2699 κακῶς
925 2626 1046 2703 ἤμελλε
1076 2628 1326 2711 τριηραρχήσειν.

138 2732 208 2798 οὔτε
232 2732 295 2813 γὰρ
319 2732 360 2813 τῷ
380 2732 629 2813 τριηραρχήματι
653 2728 723 2796 οὕτε
745 2737 808 2803 τοῖς
837 2729 1008 2811 ἐπιβάταις
1032 2732 1085 2800 καὶ
1108 2745 1147 2818 τῇ
1172 2735 1328 2821 ὑπηρεσία

138 2838 342 2919 χρήσοιτο.
378 2834 473 2908 οὐδεὶς
508 2837 571 2917 γὰρ
600 2837 685 2917 αὐτῷ
709 2847 951 2918 παραμενοῖ.
999 2838 1034 2904 ln
1063 2838 1197 2904 hisatio
1219 2837 1327 2907 forma

139 2952 233 3009 vetus
256 2941 363 3007 dttiea
387 2939 523 3007 feliciter
552 2943 672 3018 evasit,
708 2939 768 3006 alia
802 2941 917 3006 vitium
947 2944 1110 3031 concepit:
1142 2944 1246 3027 ᾔδειν
1275 2942 1328 3014 οὖν

140 3068 196 3135 pro
221 3047 336 3113 sciebat
359 3045 502 3134 elapsum
528 3053 596 3122 est,
627 3063 821 3131 quamquam
846 3046 1019 3113 sciolorum
1051 3067 1167 3115 manus
1190 3060 1327 3137 apparet

139 3155 173 3219 in
204 3152 315 3219 multis
344 3151 435 3217 libris
464 3153 527 3236 ἤδει
560 3171 617 3238 pro
650 3152 729 3235 ᾔδειν
765 3149 997 3219 exhibentibus.
1056 3151 1118 3220 Sed
1150 3164 1330 3235 παραμειοῖ

139 3257 241 3324 forma
265 3265 314 3323 est
346 3255 449 3322 nihili.
497 3256 533 3322 ln
557 3254 652 3322 Codd.
676 3253 827 3320 omnihus
847 3266 896 3321 est
924 3258 1117 3338 παραμένει,
1141 3259 1174 3325 in
1198 3279 1267 3327 uno
1290 3262 1323 3329 S.

137 3365 295 3450 seriptum
330 3369 514 3443 repromisi.
569 3358 753 3447 optativum
788 3361 911 3446 requiri
945 3371 1071 3429 eertum
1105 3373 1175 3431 est:
1211 3366 1324 3455 itaque

138 3470 303 3534 Bekkerus
337 3466 377 3533 de
410 3486 468 3533 suo
502 3465 591 3532 dedit
625 3475 818 3549 παραμενοῖ,
852 3467 936 3552 quod
961 3468 1096 3536 retinuit
1124 3468 1321 3539 llindorllus.

137 3573 199 3640 Sed
223 3571 333 3640 lutura
361 3578 528 3637 eontracta
553 3571 585 3636 in
611 3577 646 3635 -ῶ
674 3569 789 3646 habent
814 3574 994 3658 optativum
1020 3574 1051 3639 in
1082 3574 1178 3654 -οῖιιν,
1202 3576 1320 3661 lorino,

137 3679 313 3761 χνωριοόκν,
347 3678 488 3756 sencino,
520 3675 732 3759 διαφόεροόκν,
756 3676 828 3741 alia.
876 3677 987 3764 Itaque
1022 3680 1214 3761 παραμενοόιι
1238 3684 1321 3751 sori·

136 3794 228 3871 ptum
255 3783 398 3868 oportuit
421 3781 597 3868 eademque
631 3779 791 3848 medicina
824 3781 979 3849 utendum
1011 3783 1131 3871 ubique
1161 3794 1235 3867 est,
1264 3786 1321 3855 ubi

136 3909 222 3955 nune
246 3887 427 3967 λοιδοροῖμι,
461 3894 631 3968 μαςιγοῖμι
666 3893 698 3952 et
728 3887 847 3953 similia
880 3888 911 3953 in
945 3886 1117 3956 Oratorum
1146 3890 1321 3961 Godieibue

135 4000 321 4061 oeourrunt.
369 3992 489 4059 Eadem
518 3992 679 4059 medicina
709 3991 843 4058 Isocrati
877 3991 1056 4061 adhibenda
1083 4004 1134 4062 est
1163 3996 1197 4062 in
1228 3994 1319 4065 Orat.

135 4099 235 4171 XVll.
261 4102 313 4163 21.
337 4097 439 4177 λέγων
461 4096 507 4163 ότι
531 4136 576 4148 -·-
599 4099 706 4177 όμοόως
726 4099 830 4164 ἕνόοόδε
845 4100 1067 4178 καταχέλοοςος
1090 4100 1198 4169 ἔσοιτο.
1224 4105 1321 4189 όγιὶρ

24 4256 26 4260 ι
133 4214 229 4281 παῖς,
260 4205 314 4270 εἰὶν
336 4204 574 4287 βασανόζκται,
598 4204 665 4285 περὶ
691 4201 814 4270 πιόντων
843 4206 963 4280 repnte
983 4214 1117 4288 κατερεῖ.
1165 4206 1244 4278 linit
1265 4211 1324 4298 qui

132 4318 258 4393 κατεροῖ
286 4318 476 4397 reponeret,
509 4318 540 4377 at
572 4318 607 4376 tu
639 4310 778 4393 κατεροόν
804 4329 930 4399 repone.
978 4310 1108 4379 Duobus
1131 4311 1212 4383 loeis
1237 4316 1324 4407 apud
