2940 5010
712 304 756 367 39

141 477 264 544 comici
291 472 482 562 ingenio‘et
500 475 680 544 adulatoris
710 495 846 561 persona
867 473 1026 553 alienius,
1056 493 1153 561 quam
1178 475 1237 544 hoc
1260 478 1331 545 esti

141 583 314 649 Praeterea
335 581 444 666 δείπνῳ
468 581 545 649 iecri
569 600 630 647 non
655 588 780 667 potest:
805 600 922 669 repone
945 583 1070 648 δειπνῶν
1090 580 1175 667 quod
1200 582 1333 669 perinde

141 695 194 754 est
217 695 314 774 atque
334 688 421 770 τοοροὶ
440 688 475 754 τό
497 688 627 753 δεῖπνον.
679 685 715 751 Ιι]
743 685 805 751 line
829 686 1001 773 fragmenti
1031 706 1093 753 non
1117 687 1187 754 sine
1209 685 1332 775 duplici

140 793 338 880 gravissimo
358 793 437 859 vitio
462 792 598 880 legitur:

692 896 800 964 τοόιτοι
823 898 887 981 γὰρ
909 898 1037 982 τρότετό
1058 922 1109 978 μοι

325 1001 443 1086 ότοιτερ
467 1003 553 1086 ἔχειν
577 1003 751 1087 τοόλλότριοι
773 1005 826 1070 τὸν
845 1004 1026 1071 δειπνοῦντι
1049 1005 1128 1082 δεῖ,

325 1111 439 1189 λιμὸς,
462 1110 614 1188 οότόνοιοι,
636 1108 763 1190 τόλμιι,
787 1113 912 1192 casir,
934 1111 1011 1191 οόργό
1045 1158 1054 1175 .

120 1213 280 1300 ‚alterum
299 1214 483 1282 Badhamus
513 1214 650 1283 feliciter
680 1218 823 1294 sanavit,
854 1217 909 1304 qui
934 1217 968 1281 in
991 1218 1115 1298 νοιςίιρ,
1143 1209 1243 1296 opple
1261 1222 1332 1300 per·

139 1320 247 1407 spexit
269 1319 369 1387 latere
387 1323 622 1404 νοιςριροοιργόοιε
645 1321 784 1388 alterum
805 1323 889 1388 inest
906 1321 939 1387 in
962 1320 1069 1388 verbis
1087 1320 1262 1402 τάλλότριοι
1277 1319 1331 1386 τὸν

138 1425 337 1502 δειτνοῦντιι,
360 1426 417 1512 qui
441 1426 611 1493 verborum
631 1426 710 1494 ordo
729 1427 874 1495 soloecus
891 1434 955 1502 est,
982 1445 1086 1513 neque
1113 1426 1208 1492 aliter
1230 1443 1329 1512 quam

139 1531 194 1598 τόν
221 1529 602 1612 comarumcomarum
631 1534 682 1598 ius
707 1540 756 1599 cst
785 1532 903 1600 dicere.
956 1532 1069 1619 ltaque
1092 1538 1149 1598 aut
1178 1528 1238 1596 hoc
1266 1528 1330 1595 erit

139 1635 398 1715 restituendum,
421 1645 478 1703 aut
497 1638 672 1720 τοὶλλότριοι
691 1639 892 1716 δειπνήσοντα
909 1637 966 1708 δεῖ.

185 1740 223 1806 ln
244 1740 470 1829 Aristophanis
489 1740 669 1828 fragmento
689 1745 721 1809 in
747 1742 843 1812 Bell.
865 1741 985 1812 Anecd.
1008 1764 1038 1830 p.
1052 1747 1137 1820 454,
1154 1747 1174 1808 c
1193 1739 1329 1827 legitur:

322 1844 398 1913 οὕτω
422 1872 453 1913 τι
476 1848 657 1930 τότόρριρτοο
677 1851 750 1931 δρῖιιι
770 1850 817 1919 ἔτι
836 1849 949 1928 μόλοι.

141 1948 254 2018 infelix
273 1959 322 2017 est
339 1952 467 2037 Bergkii
490 1955 675 2021 coniectura
697 1955 861 2033 truciter:
885 1953 1093 2020 sanissimum
1113 1959 1191 2038 puto
1209 1953 1255 2022 ἔτι
1273 1949 1331 2019 sed

139 2058 232 2139 μόλοι
255 2065 368 2123 natum
389 2066 439 2122 est
457 2058 527 2123 eius
548 2057 712 2135 socordia,
735 2060 790 2145 qui
811 2078 911 2144 quum
935 2057 1113 2143 fugientem
1133 2057 1329 2144 scripturam

140 2163 293 2250 expedire
316 2183 379 2229 non
405 2169 512 2250 posset
529 2161 618 2228 dedit
642 2163 832 2229 vocabulum
855 2161 1029 2248 quodlibet.
1075 2161 1143 2228 Non
1165 2169 1332 2229 estonum

140 2289 199 2334 oro
223 2267 385 2345 similius,
409 2287 505 2355 qnam
531 2267 753 2356 Aristophanis
766 2267 930 2358 ⁸versiculo
953 2275 999 2335 est
1024 2265 1204 2334 versiculus
1227 2266 1331 2335 Alexi·

142 2374 193 2441 dis
216 2372 439 2463 apud'Athen.
459 2373 514 2440 lV.
543 2378 617 2441 165.
640 2374 682 2443 A:

368 2479 446 2546 οὕτω
466 2504 496 2545 τι
520 2479 682 2563 τάλλότρι’
705 2480 813 2547 toliere
836 2480 882 2550 tet
903 2478 1030 2558 γλυκύ.

142 2583 229 2652 unde
248 2585 485 2674 reponendum:

369 2690 446 2759 οὕτω
466 2715 496 2758 τι
516 2689 697 2773 τότόρριντοι
719 2693 792 2773 δρῖιν
809 2693 856 2761 ἔτι
881 2690 997 2771 pavet.

140 2796 212 2865 Non
236 2796 385 2863 dissimili
404 2796 497 2863 modo
516 2795 642 2862 scribae
664 2795 849 2863 afflixerunt
868 2794 1034 2863 llenandri
1058 2795 1200 2884 lepidum
1221 2796 1329 2865 locum

142 2901 228 2990 apud
245 2902 399 2969 clement.
420 2901 591 2968 Alexandr.
616 2901 735 2970 Strcm.
757 2902 828 2973 llll.
853 2923 884 2990 p.
898 2907 974 2969 844.

324 3009 350 3074 ri
374 3006 432 3087 μέν
456 3031 486 3074 τι
509 3009 603 3075 κοοκόν
625 3009 739 3085 οὶλιρόὲς
761 3005 868 3089 εἶχες,
891 3008 1015 3085 detdic,

326 3113 428 3195 ζητεῖν
449 3115 562 3189 olandia
582 3113 751 3197 Φόρμοιιιον
774 3114 883 3179 τούτου
903 3116 933 3177 τ’
956 3112 1031 3178 ἔδει.

324 3224 376 3285 νῦν
393 3220 419 3284 δ’
439 3222 493 3285 οὐκ
514 3218 621 3300 ἔχεις.
647 3220 681 3285 τό
704 3217 873 3302 <puppem
893 3213 1024 3298 εόρηιιοιτ
1047 3217 1132 3283 ιιονόν

324 3325 397 3406 πρός
420 3325 455 3390 τό
480 3323 585 3389 κενόν.
608 3325 721 3400 viridam
742 3324 769 3389 δ’
786 3326 920 3405 ὠφελεῖν
941 3322 975 3388 τό
993 3345 1047 3389 τε.

145 3428 192 3494 ita
209 3425 288 3494 haec
312 3428 491 3494 lleinelius
510 3429 680 3494 constituit
701 3448 741 3495 ex
760 3426 866 3514 aliquo
889 3426 1003 3495 Codice
1019 3429 1180 3496 Parisino:
1206 3430 1238 3496 in
1260 3450 1330 3498 cae·

145 3533 226 3601 teris
253 3541 303 3599 est
324 3534 408 3599 κενόν
436 3531 566 3615 εὕρνκιις
590 3535 626 3598 τὸ
651 3531 841 3617 <palpantem
868 3531 924 3600 sed
954 3553 1058 3621 neque
1082 3533 1143 3601 hoc
1169 3532 1256 3603 ferri.
1276 3556 1331 3623 pn-

143 3646 209 3705 test
229 3658 333 3725 neque
361 3637 457 3718 illud,
485 3657 623 3725 namque
642 3639 678 3706 τὸ
699 3639 867 3723 φόρμοιιον
897 3637 1026 3722 εὕρηκας
1056 3639 1141 3707 κενόν
1167 3639 1336 3708 soloecum.

143 3752 193 3811 est
217 3741 354 3809 articulo
374 3746 486 3811 vitiose
505 3744 703 3823 abundante,
728 3753 760 3811 et
781 3746 900 3832 reperit
917 3746 994 3811 mali
1014 3744 1192 3814 remedium
1213 3747 1241 3812 is
1262 3746 1330 3833 ipse

143 3850 200 3936 qui
227 3848 393 3936 loquitur.
418 3849 514 3938 idque
536 3850 761 3938 superstitioso
784 3850 990 3918 homuncioni
1018 3852 1052 3918 in
1073 3871 1161 3939 seqq.
1182 3850 1332 3919 versibus

143 3953 285 4022 indicat:
409 4015 411 4018 .
462 4004 465 4009 ·

370 4061 636 4144 τεριιοοιξοότωτοόν
657 4066 687 4128 τ’
710 4064 745 4129 ai
763 4070 912 4143 γυναῖκες
935 4063 967 4128 όν
988 4062 1092 4146 ιιόιιλιρ
1124 4107 1127 4111 -

372 4169 424 4234 ιιοιὶ
449 4168 720 4251 τεριόεοιτοότοιτοιν
743 4171 809 4236 ιιτὲ.

143 4273 254 4359 itaque
288 4271 539 4360 corrigendum:
573 4280 623 4342 νῦν
645 4275 672 4341 δ’
692 4278 745 4344 οὐκ
768 4275 876 4357 ἔχειν.
908 4275 992 4342 κενὸν
1020 4272 1083 4358 όροι
1105 4273 1158 4340 ccl
1191 4274 1225 4340 rt
1247 4272 1330 4360 <palp-

141 4403 242 4462 μοιιιον
263 4378 335 4463 apic
358 4380 393 4446 τό
413 4380 518 4450 κενόν.
550 4382 665 4463 nitidam
688 4382 715 4449 δ’
735 4385 869 4467 ὠφελεῖν
891 4382 924 4450 τό
947 4406 1000 4447 τε.
1025 4380 1059 4449 ln
1082 4380 1134 4450 his
1153 4379 1230 4450 olim
1249 4407 1273 4449 οι
1296 4389 1329 4450 et
