2940 5010
205 104 462 197 qualemcientis
483 115 561 174 eunt
581 117 613 175 et
637 109 740 183 irem,
765 109 888 186 mines,
912 106 1081 177 maledicta
1110 107 1355 177 contemnentis.

201 212 249 283 ur
264 220 369 281 autom
397 212 432 279 in
456 212 575 281 talibus
601 213 784 303 imperativi
808 233 887 280 usus
910 212 977 281 lere
1004 212 1205 280 necessarius
1233 211 1359 303 ctlper·

200 326 297 407 plum
321 326 354 385 et
386 320 518 407 requiro
549 321 582 385 in
616 318 795 387 Heraclidis
826 320 1018 387 sententiam
1050 317 1254 385 huiusmodi:
1284 318 1358 401 πρὸς

200 428 284 492 τοῦτο
304 424 320 491 d
344 422 534 505 βοολίροενίς
565 450 607 505 με
629 431 730 499 κακῶς
753 425 899 505 λεγέτω,
922 449 964 505 με
987 424 1171 505 λοιδορείτοι,
1199 423 1281 491 οὐδέν
1308 447 1359 503 μοι

199 528 286 609 μέλοι,
305 528 342 596 τί
363 530 390 597 δ’
407 529 496 613 έργον
517 532 609 598 τοῦτό
631 554 683 610 ριοι
700 528 908 612 πεπράξεται.
955 529 1078 596 Dixerit
1097 528 1214 614 aliquis
1233 537 1359 615 poetam

201 630 339 721 idipsum
364 631 425 702 liae
455 638 633 703 sententiae
657 634 908 703 conformatione
932 635 1140 722 expressisse:
1164 634 1179 698 ὁ
1206 634 1360 713 βουλόμε-

203 736 296 821 Ιίῖμ
321 740 509 823 λοιδορήσει,
533 744 569 808 τὸ
594 743 622 807 δ’
645 741 731 823 ἔργον
756 740 961 823 πεπράξεται.
1007 738 1144 807 Etiamsi
1173 737 1232 804 hoc
1267 737 1359 805 dedc-

118 842 121 847 ’
206 844 267 919 riu.
288 864 483 933 quamquam
501 845 618 912 similis
641 846 880 933 compositionis
902 845 1082 932 exemplum
1104 842 1266 921 desidero,
1288 863 1359 929 gre-

206 948 256 1015 ti!
274 946 446 1017 difficultas
468 960 614 1039 superest
640 954 672 1018 in
696 950 779 1029 λέξει
801 953 857 1027 τὴν
876 953 1018 1032 ίραοεῖαν
1040 951 1092 1017 καί
1116 952 1171 1026 τὴν
1190 954 1359 1032 φρονοῦσαν

131 1056 137 1065 “
208 1052 285 1137 mro
304 1054 323 1133 ἢ
344 1063 484 1135 γυναῖκα
513 1061 586 1141 χρή.
635 1057 715 1125 Nam
744 1058 818 1144 quis
842 1055 973 1123 inducet
1000 1055 1196 1122 inanimum
1219 1054 1360 1132 λέξειεν

132 1156 139 1169 ⁶
209 1174 282 1227 uu
296 1160 361 1227 dici
382 1181 475 1249 posse
496 1172 529 1230 ct
551 1163 704 1230 articulos
732 1163 764 1228 iu
795 1162 850 1237 rico
872 1163 1014 1243 iporeiam
1037 1161 1090 1227 καὶ
1113 1163 1168 1236 rim
1190 1165 1360 1244 Φρονοῦταν

211 1270 274 1333 ποῖοι
289 1263 436 1333 additos?
484 1266 554 1334 illia
582 1268 665 1334 ratio
689 1276 739 1333 est
766 1286 877 1334 eorum
901 1265 1064 1342 locorum,
1087 1265 1142 1333 ubi
1168 1268 1360 1342 ἀποκαλεῖν,

211 1366 369 1450 mro,
393 1370 611 1454 έτονομοίζειν,
634 1373 850 1455 οίναγορειίειν,
875 1380 908 1439 ct
932 1390 1172 1457 nonnumquam
1196 1380 1303 1438 καλεῖν
1328 1381 1360 1440 et

211 1470 351 1559 δείξειν.
370 1478 545 1544 articulum
566 1476 685 1544 hebent
700 1479 822 1544 nomini
846 1475 1010 1553 additum,
1034 1485 1069 1542 ut
1086 1478 1118 1542 in
1131 1479 1360 1553 ἀνακαλοῦντες

210 1578 419 1663 druidae,
449 1584 501 1650 rio
525 1583 688 1664 εὐεργέτην
716 1592 748 1650 et
779 1581 915 1656 similia.
948 1581 1024 1670 (rid.
1049 1581 1124 1649 lntt.
1149 1581 1189 1648 ad
1221 1582 1359 1649 Arabas.

210 1676 248 1749 u
261 1704 297 1761 n.
313 1686 362 1777 7.)
384 1688 492 1767 λίγειν
511 1690 598 1755 enim
620 1708 678 1776 pro
698 1697 806 1755 καλεῖν
827 1686 875 1755 rel
893 1686 1049 1768 διορίζειν
1070 1689 1143 1774 poni
1164 1707 1224 1753 non
1247 1696 1359 1775 polest.

209 1780 293 1877 lhqrc
311 1790 498 1860 dubitanter
524 1794 659 1862 coniicio
685 1794 718 1859 in
739 1792 822 1871 λέξει
846 1794 984 1880 primam
1011 1791 1173 1859 literulem
1196 1792 1360 1860 emendari

207 1904 326 1977 umere
348 1906 383 1965 et
399 1898 488 1981 ψέξει
513 1897 750 1967 restituendum
771 1917 860 1965 csse:
889 1898 1010 1985 optime
1029 1900 1116 1965 enim
1138 1898 1272 1966 habere:
1295 1904 1359 1974 τοῖς

133 1998 141 2027 “’
202 2012 243 2073 ’lt
262 2004 313 2081 τίοι
334 2006 478 2087 θρασεῖαν
508 2004 596 2089 ψέξει
624 2006 677 2071 καὶ
701 2005 757 2079 rim
776 2009 946 2090 φρονοῦσαν
963 2002 1066 2085 μεῖζον
1090 2004 1107 2081 ἢ
1128 2012 1264 2083 γυναῖκα
1286 2008 1360 2087 χρή.

118 2126 120 2156 ³
198 2102 348 2187 1’έγιινιιῖ
369 2110 470 2192 ψόγος
491 2110 637 2197 'dragicis
660 2110 739 2176 satis
762 2111 840 2176 trita
866 2118 964 2185 sunt,
990 2128 1049 2175 nec
1071 2109 1209 2177 multum
1227 2108 1359 2186 dubito,

189 2210 264 2287 ‘tuin
281 2216 399 2283 iterum
420 2215 566 2303 Euripidi
593 2217 634 2281 sit
659 2214 744 2281 idem
775 2214 908 2282 verbnm
931 2214 1168 2283 restituendum
1192 2216 1225 2281 in
1254 2215 1358 2283 Alces·

184 2304 253 2387 ὕοι
270 2338 317 2389 οι
334 2324 412 2389 see.

676 2424 733 2494 εἴπ’
756 2428 832 2507 ἐμὴν
855 2428 1001 2510 ἀψυχίαν

357 2530 480 2612 λέγεις,
502 2534 665 2611 γυναικὸς,
688 2530 711 2599 ὦ
733 2532 871 2609 κείνοισί,
896 2531 1086 2612 ἡττημένοςς

161 2604 249 2701 ih
266 2652 344 2703 veru
361 2636 497 2720 ψέγεις,
521 2636 554 2704 id
577 2646 628 2705 est
649 2635 707 2705 εἶτ’
727 2639 793 2719 ἐμοὶ
824 2640 942 2705 δειλίαν
974 2638 1144 2721 ὀνειδίζεις,
1178 2657 1273 2722 quem
1306 2658 1359 2705 nc·

151 2734 356 2809 &urium
387 2761 518 2809 sensum
548 2762 642 2810 nemo
674 2763 826 2831 umquem
862 2765 880 2810 e
912 2742 1041 2829 vulgata
1075 2742 1210 2809 lectione
1241 2742 1358 2809 eliciat.

158 2832 282 2927 Ἧγιε
299 2844 413 2916 eodem
436 2847 529 2914 modo
557 2848 590 2915 in
611 2850 705 2929 λόγος
732 2849 941 2937 depravatum
965 2856 1014 2914 est
1035 2846 1120 2934 apud
1144 2848 1274 2936 Dionys.
1298 2848 1358 2915 lle·

157 2924 233 3019 Q
256 2952 297 3019 in
319 2952 422 3041 llpist.
446 2952 487 3021 ad
509 2957 721 3034 simmacum,
752 2954 813 3021 vol.
839 2955 892 3021 Vl.
917 2976 948 3042 p.
968 2958 1031 3020 roc
1055 2952 1092 3019 ll.
1126 2954 1255 3032 ἀσεβεῖν
1284 2955 1358 3035 ομο-

160 3060 261 3137 aad
281 3058 311 3125 sl
331 3056 494 3138 βουληθείς
517 3060 668 3140 ε’γκείμιον
690 3066 745 3127 τοῦ
770 3064 936 3135 Πλοίτοονος
967 3057 1102 3142 γροίΦειν
1133 3058 1244 3137 λόγους
1269 3061 1357 3137 τινας

167 3163 434 3241 vermandus
453 3172 517 3239 τοῖς
540 3165 674 3240 ἐπαίνοις
697 3166 816 3246 νόμους.
862 3166 992 3252 Corrige
1015 3165 1133 3247 ψίγονς
1153 3164 1239 3238 τινας
1263 3167 1359 3244 ἐγκα-

172 3266 327 3335 malm
346 3276 380 3336 el
401 3268 510 3349 νίμονς
533 3288 691 3356 expungo.

220 3370 325 3461 Saepe
345 3372 381 3439 in
408 3373 556 3442 versibus
583 3376 717 3443 initialis
748 3375 856 3446 liuere
879 3377 998 3443 omissa
1028 3384 1148 3444 temero
1170 3376 1358 3464 suppletur,

178 3478 271 3547 nius
290 3477 341 3547 rei
361 3478 466 3548 mulla
489 3480 635 3569 exempla
656 3484 688 3548 in
710 3491 841 3569 promtu
860 3490 946 3549 sunt.
993 3481 1030 3547 ln
1054 3480 1158 3548 ereso
1177 3486 1260 3548 974:

357 3585 448 3653 Βαιίν
470 3588 502 3653 δέ
524 3588 630 3659 τένίος
652 3595 708 3662 τοῖς
731 3588 907 3663 θαλαττίας
931 3590 996 3654 ίεοῖι
1016 3586 1022 3677 Ι
1042 3588 1133 3663 otoo,

179 3692 321 3779 speciosa
349 3688 522 3758 admodum
553 3691 772 3759 Valckenaerii
796 3693 981 3761 coniectura
1011 3698 1081 3778 ῥᾷον
1110 3691 1143 3758 δέ
1172 3693 1269 3759 etiam
1298 3694 1357 3763 lroc

180 3803 368 3883 argomento
384 3794 606 3865 confirmetur.
652 3797 816 3884 Scriptum
838 3807 909 3866 eret
931 3806 1038 3865 AloN
1062 3803 1094 3864 et
1118 3808 1141 3861 Β
1164 3805 1284 3865 temere
1304 3800 1358 3866 ad·

180 3894 291 3971 ditum.
339 3900 455 3989 lleperi
477 3903 663 3990 nuperrime
683 3924 831 3982 versum,
854 3905 949 3973 ouius
972 3903 1080 3970 littere
1100 3902 1251 3982 initialis,
1274 3924 1357 3992 quac

186 4006 332 4091 ροτίιιοοο,
356 4008 500 4077 revocari
526 4010 558 4077 in
584 4010 688 4077 lucem
710 4018 812 4097 potest
839 4032 875 4079 eo
901 4008 1039 4084 imlicio,
1065 4008 1149 4094 quod
1175 4020 1224 4079 est
1244 4033 1357 4101 operae
