2940 5010
665 257 729 319 528

114 433 193 500 ilum
217 432 332 498 vitium
362 448 402 496 ex
425 427 608 514 aequalium
632 427 783 495 sordibus
805 435 919 495 natum
948 430 1066 497 πλέετε
1087 449 1148 520 pro
1165 439 1295 511 πλεῖτε,

112 540 152 607 de
173 558 238 624 qno
260 555 378 623 genere
397 533 588 601 mendorum
608 553 710 622 pauca
734 532 892 621 quaedam
915 543 1072 605 annotare
1093 539 1199 607 iurat.
1245 536 1294 607 Sa·

112 646 156 711 tis
185 648 311 711 constat
344 641 539 708 recentiores
565 639 740 707 Graeculos
772 638 942 708 resolvisse
972 640 1094 710 leemas
1121 642 1297 731 quasdem,

111 750 229 836 quibus
252 749 351 815 Attici
375 746 451 812 olim
480 767 653 833 nraechcm
681 747 742 811 nisi
776 746 953 813 cnrrtractis
977 747 1165 816 utebantur.
1212 749 1297 817 llice·

113 855 191 921 baut
215 855 269 921 isti
292 853 446 935 χρύσεος,
469 853 639 934 ἀργύρεος,
673 851 813 937 χοίιικεοο
836 859 898 918 cet.
923 850 1043 940 quihus
1069 852 1186 921 lermis
1213 876 1300 922 ιιιιιιι·

114 981 208 1046 qnam
240 977 437 1045 quemquam
462 957 643 1023 Atticorum
676 977 770 1025 usum
800 955 900 1024 luisse
923 966 1050 1025 certum
1074 967 1137 1027 est.
1184 959 1301 1048 llepre·

114 1062 227 1130 bendit
260 1063 321 1130 boc
351 1063 535 1149 aequalium
564 1063 678 1129 vitium
710 1060 915 1150 Phrynichus
940 1083 970 1149 p.
995 1067 1085 1142 207.
1118 1063 1175 1131 nbi
1204 1062 1301 1132 multa

113 1170 275 1256 congessit
308 1167 433 1235 Lobeclt
465 1187 505 1234 ex
540 1166 756 1254 scriptoribus
782 1187 846 1234 non
878 1168 1033 1256 optimis,
1062 1168 1144 1237 duos
1176 1178 1302 1237 tantula

114 1274 199 1341 lncns
222 1295 262 1341 ex
288 1274 432 1359 antiquis
460 1272 677 1360 probatisque.
725 1273 767 1341 Gt
799 1273 839 1341 de
870 1272 1040 1341 Aeschinis
1070 1273 1206 1362 quidem
1237 1273 1303 1343 loeo

117 1381 150 1445 in
176 1379 400 1467 Ctesiphontea
431 1382 548 1465 5166.
580 1378 704 1466 pridem
729 1377 889 1454 diximus.
914 1378 968 1448 ult
996 1376 1019 1447 d
1042 1382 1159 1465 σιδηροῖ
1179 1400 1242 1469 pro
1262 1404 1304 1449 σι-

115 1486 209 1568 δήρεος
232 1484 468 1570 reponendum.
516 1485 551 1550 ln
575 1483 716 1570 Agesilai
744 1484 921 1562 Encnmin‚
943 1504 1144 1573 quamquem
1168 1506 1237 1555 non
1258 1496 1305 1555 est

116 1589 359 1677 Xenophontis,
394 1597 500 1655 tamen
528 1588 616 1655 nulla
646 1598 696 1656 est
719 1590 938 1657 controuersia
967 1591 1045 1677 quin
1069 1590 1107 1658 v.
1133 1597 1166 1659 a.
1201 1590 1304 1680 legen·

116 1695 195 1763 dum
221 1697 281 1762 sit:
306 1696 324 1772 ἢ
347 1695 456 1762 natm
474 1719 548 1775 μοι,
571 1691 631 1762 ὅσοι
650 1696 722 1777 ὁρῶ,
746 1700 878 1778 χρυσοῖ
900 1697 1064 1776 γενέσθαι,
1087 1715 1153 1764 non
1172 1700 1306 1783 χρύσεοι.

118 1803 268 1869 Alterum
294 1800 525 1868 Graeculorum
554 1801 670 1866 vitium
704 1803 923 1869 committitur
945 1804 978 1868 in
1002 1801 1110 1870 verbis
1140 1802 1308 1893 disyllabis

118 1908 151 1974 in
176 1908 229 1974 -έω
254 1906 466 1981 exeuntibus,
490 1925 628 1991 quorum
654 1905 773 1973 lormas
807 1925 869 1972 non
898 1906 1132 1975 contrahebant
1158 1911 1309 1986 omnino.

119 2033 224 2099 neque
254 2020 381 2079 tantum
406 2013 559 2079 Veterum
584 2010 729 2099 exemplo
759 2012 863 2087 ente,
895 2013 1033 2092 πλέομεν
1053 2022 1088 2080 et
1111 2014 1244 2083 πλέουσι
1263 2014 1309 2082 di·

119 2117 255 2194 cebant,
291 2116 347 2184 sed
382 2118 489 2191 ποιέεις
520 2136 648 2204 quoqne
677 2123 709 2183 et
738 2118 826 2184 ποιέει
858 2126 893 2185 et
930 2118 1058 2185 πλέετε.
1113 2117 1310 2207 Saepissime

120 2222 205 2310 apud
225 2224 392 2309 sequiores
415 2233 447 2289 et
472 2223 581 2289 micros
602 2221 753 2308 probatos
776 2223 952 2308 scriptores
982 2233 1161 2291 occurrunt
1190 2224 1312 2294 lormae

121 2329 205 2411 ζέει,
230 2329 305 2411 ῥέει,
330 2327 432 2406 πνέει,
453 2328 545 2410 χέει,
568 2329 641 2393 sim.
666 2335 698 2394 el
716 2328 793 2400 δέεις
817 2336 850 2393 ct
875 2328 998 2405 δέετοιι,
1024 2329 1146 2406 ἐδέετο,
1171 2331 1312 2410 έδέεοέε,

121 2434 194 2500 alia.
250 2433 444 2517 Perstringit
481 2453 535 2499 eos
572 2432 776 2521 Phrynichus
811 2452 841 2519 p.
872 2439 959 2512 bib,
995 2434 1049 2501 uhi
1082 2435 1173 2523 larga
1215 2457 1314 2505 manu

122 2538 266 2624 exempla
305 2537 401 2604 buius
434 2540 554 2604 erroris
595 2536 760 2623 profundit
798 2537 997 2619 bohemios,
1031 2559 1114 2627 quae
1150 2546 1314 2610 sexcentis

122 2643 195 2711 aliis
229 2645 340 2729 augeri
374 2651 520 2729 possent,
556 2643 612 2708 sen
645 2653 695 2707 est
727 2661 764 2709 ea
801 2643 926 2709 inutilis
959 2644 1138 2731 diligentia.
1196 2647 1315 2715 Utilius

123 2749 226 2816 multo
250 2769 289 2816 ex
313 2748 401 2815 illius
419 2751 464 2814 rei
486 2748 708 2815 obseruatione
733 2750 977 2818 emendabimus
1002 2752 1087 2818 locos
1111 2754 1316 2834 Atticorum,

123 2854 178 2921 uhi
210 2854 324 2921 vitiosa
355 2853 585 2922 Graeculorum
619 2853 760 2929 ουνήθειο
789 2874 864 2922 suas
897 2856 1008 2923 sordes
1037 2856 1185 2925 affricuit
1211 2868 1245 2927 et
1274 2864 1317 2928 si-

123 2960 191 3028 mul
223 2979 315 3027 error
343 2959 597 3047 deprehenditur
629 2978 704 3026 cnm
737 2979 834 3028 causa
861 2963 1003 3029 errandi.
1052 2964 1161 3050 Turpe
1189 2975 1242 3033 est
1275 2968 1315 3036 nd

125 3067 211 3133 hrrnc
235 3066 320 3133 diem
355 3067 387 3131 in
419 3067 569 3133 Isocratis
593 3063 741 3132 Busiride
770 3071 843 3152 §G
873 3066 951 3134 lerri
986 3070 1131 3154 potuisse
1166 3073 1316 3142 τοσούτου

124 3173 230 3246 δέεις
265 3170 342 3238 οὔτοι
374 3176 542 3256 κεχοιῖοέοιι
572 3181 637 3245 τοῖς
669 3171 774 3251 λόγοις
805 3191 862 3259 pro
891 3174 975 3250 δεῖς,
1001 3194 1075 3240 nam
1104 3176 1185 3261 quid
1211 3186 1319 3265 polest

124 3297 196 3342 esse
219 3279 342 3343 certius
367 3299 463 3364 quam
488 3280 550 3352 δεῖς
575 3298 702 3344 summa
732 3281 914 3345 constantia
936 3278 1056 3346 dixisse
1083 3281 1319 3366 Athenienses,

126 3381 182 3447 sed
220 3382 393 3450 Graeculos
426 3405 521 3450 suurn
557 3384 633 3458 δέεις
667 3393 788 3450 terraere
827 3385 1059 3451 substituisset
1108 3384 1249 3456 Omnino
1287 3392 1319 3459 in

126 3487 234 3553 Attica
259 3487 420 3555 locutione
443 3489 589 3556 τοσούτου
619 3491 702 3565 δεῖς,
727 3495 844 3555 πολλοῦ
868 3490 952 3566 δεῖς,
976 3492 1050 3558 sim.
1079 3492 1264 3561 scribarum
1287 3507 1321 3565 et

124 3590 297 3658 sciolorum
332 3596 498 3661 temeritas
533 3593 704 3661 manilcsta
737 3603 797 3661 est.
845 3595 905 3659 Pro
934 3598 1079 3662 cerealem
1111 3598 1321 3668 substituunt

124 3704 272 3771 τοσοῦτο,
296 3705 439 3767 τοσοῦτον
464 3710 496 3767 et
518 3700 666 3781 τοσούτῳ,
691 3719 773 3786 qnae
793 3702 902 3765 omnia
926 3708 1003 3767 sunt
1023 3702 1218 3772 Graecitatis
1241 3728 1321 3774 oon·

123 3805 322 3871 coalescentis
355 3815 387 3870 ct
420 3816 522 3873 ΔΕΙΣ
551 3805 726 3890 depravant
757 3807 790 3871 in
815 3805 909 3882 δέοις,
944 3808 993 3874 δεῖ
1025 3835 1061 3875 οε
1093 3818 1126 3876 et
1158 3811 1235 3878 sim.
1282 3814 1321 3881 ln

124 3909 267 3977 Platonis
297 3910 412 3999 Lyside
448 3933 478 3998 p.
504 3916 567 3977 ⁶204
593 3911 629 3976 Ε.
663 3908 709 3975 ὅτι
746 3918 865 3977 πολλοῦ
897 3913 978 3987 δεῖς
1014 3916 1049 3980 τὸ
1080 3911 1159 3989 εἶδος
1190 3919 1322 3996 ἀγνοεῖν

124 4021 178 4081 τοῦ
202 4017 330 4095 παιδός,
355 4020 495 4103 optimus
518 4018 664 4081 omnium
689 4016 879 4083 llodleianns
902 4018 964 4091 δεῖς
988 4045 1023 4084 οε
1053 4019 1168 4096 διειδεῖ,
1194 4027 1321 4091 caeteri

124 4121 173 4187 δεῖ
192 4147 248 4197 οε,
276 4143 360 4189 unus
385 4132 509 4189 tanturn
537 4121 790 4189 vindobonensis
817 4125 1020 4210 nescioquis
1045 4146 1152 4192 veram
1176 4128 1323 4216 scriptu-

127 4245 196 4297 ram
218 4237 325 4293 servat
353 4228 508 4294 acutioris
531 4227 671 4292 alicuius
700 4230 886 4296 coniectura
918 4240 1099 4317 repertam,
1133 4240 1169 4299 ut
1204 4234 1322 4320 proha·

128 4329 189 4397 bile
221 4342 280 4399 est.
337 4334 431 4419 Apud
468 4334 714 4402 berraostbenern
746 4335 902 4403 XXXVll.
938 4342 992 4403 te.
1029 4340 1128 4406 κοίεοι
1169 4341 1322 4408 τοσούτου
