2940 5010
704 331 767 391 709

146 508 199 571 etii
228 499 314 589 apud
345 502 543 569 Dinarchum
581 506 673 587 §ta
704 504 816 569 εἴπατέ
839 528 910 582 μα,
942 504 1013 586 πρὸς
1039 503 1133 580 Δνθς,
1156 500 1177 568 ὦ
1202 500 1330 584 ἄνδρες,

145 608 263 692 π’ρσῖκα
294 614 399 675 rubros
433 607 527 674 οἴεσθε
557 607 682 691 γράψαι
716 611 841 691 Διφίλῳ
864 611 919 683 τὴν
943 609 974 674 ἐν
1008 606 1182 690 Πρυτανείῳ
1210 608 1330 682 σίτησιν

144 712 201 781 καὶ
224 716 282 790 riu
311 716 353 788 εἷς
376 714 431 789 τὴν
456 715 574 794 αγορὰν
604 714 833 792 ἀναθησομένην
863 712 985 787 sisium
1019 711 1115 779 Vides
1139 711 1252 798 quanli
1285 710 1329 775 l'a·

143 818 213 887 ciat
235 819 409 907 Dionysius
440 819 594 885 Demetrii
624 820 781 885 iudicium
814 819 920 905 paullo
943 829 1018 884 autc
1041 839 1059 883 a
1081 838 1115 885 se
1138 836 1329 883 commemo-

144 932 268 991 ratum.
316 924 546 1011 Harpocration
568 944 694 1012 quoque
719 926 787 991 sine
814 924 877 990 ulla
898 925 1080 1010 suspicione
1103 909 1236 989 eand'em
1262 940 1332 986 ora·

143 1028 268 1097 licncttt
293 1030 455 1097 Dinarchc
480 1030 594 1096 lriltuil
618 1052 647 1096 v.
671 1032 947 1097 Μεσσνανθσασθαν.

192 1132 251 1200 llis
275 1135 377 1220 igitur
405 1135 465 1201 boc
494 1145 582 1201 certe
604 1135 730 1201 vincam
756 1137 854 1202 licere
883 1135 976 1202 nobis
998 1137 1053 1211 ris
1076 1141 1130 1201 τοῦ
1155 1136 1331 1216 Δημητρίου

143 1238 244 1323 spicis
266 1242 437 1323 ἐπικρίνειν.
486 1240 526 1306 Et
559 1239 639 1305 mihi
664 1240 793 1327 quidem
825 1240 881 1306 diu
905 1250 934 1306 ct
965 1241 1105 1306 multum
1133 1250 1271 1325 utroque
1295 1239 1331 1303 li·

144 1342 232 1413 ltello
255 1344 418 1433 explorato
440 1357 473 1413 et
494 1366 645 1423 excusso,
670 1346 830 1432 rebusque
855 1345 1005 1413 otnrribus
1025 1346 1196 1431 diligenter
1218 1364 1332 1430 expen-

145 1448 196 1521 sis
228 1468 331 1537 neque
364 1452 397 1516 in
429 1451 524 1517 rebus
556 1450 731 1538 quidquam
758 1453 862 1519 inesse
892 1451 1041 1526 ridetur,
1073 1450 1202 1537 quoda
1231 1449 1332 1516 Xeno·

142 1552 268 1645 pbcute
292 1555 470 1642 proiectum
496 1575 651 1621 essenon
677 1559 777 1643 possit
801 1578 839 1622 cx
868 1556 1007 1643 Agesilai
1039 1556 1241 1640 aliorumque
1272 1555 1332 1621 Ln-

142 1664 264 1727 cunum
288 1660 492 1729 sermonibus
516 1661 611 1727 laudo
632 1671 818 1747 acceptum,
843 1682 947 1748 neque
973 1663 1077 1727 oratio
1098 1660 1333 1747 verborumque

139 1764 288 1833 delectus
311 1775 343 1832 et
366 1767 555 1852 compositio
578 1766 751 1833 abliorrere
775 1767 815 1832 ab
840 1767 895 1831 illa
921 1775 1026 1833 actatc
1049 1775 1081 1832 et
1106 1786 1124 1831 a
1146 1765 1333 1851 Xenopbon·
1443 1839 1445 1841 ,

145 1870 194 1939 tls
215 1871 321 1938 nitore
344 1880 377 1937 et
400 1880 590 1950 venustate,
614 1873 803 1958 praesertim
829 1873 861 1937 in
893 1870 977 1936 libro
995 1882 1062 1937 tam
1091 1871 1174 1936 male
1205 1870 1336 1949 babito,

144 1976 182 2043 its
215 1974 345 2043 brevius
375 1985 540 2043 contracto
572 1987 604 2042 et
637 1977 749 2043 multis
776 1976 901 2043 mendis
932 1976 1045 2042 obsito.
1094 1975 1202 2062 Spirat
1234 1980 1335 2054 ἡτῶν

142 2083 301 2151 medrus
324 2082 468 2148 σσλνσεθα
490 2080 577 2146 illam
599 2080 739 2170 Lycurgi
764 2091 794 2147 et
815 2081 1047 2168 Spartanorum
1069 2080 1334 2162 admirationem,

145 2206 248 2277 quam
272 2186 379 2275 paullo
404 2186 541 2252 calidius
572 2186 617 2252 illi
640 2185 862 2273 concipiebant
888 2207 967 2273 quos
999 2187 1122 2272 patriae
1154 2187 1278 2253 Atticae
1302 2198 1335 2254 ct

143 2292 293 2361 civitatis
316 2313 394 2359 suae
424 2312 551 2358 morum
583 2294 796 2358 novitiorum
821 2291 969 2358 taedebat
992 2288 1196 2378 pigebatquc.
1241 2292 1336 2360 Nulla

144 2405 227 2467 sunt
245 2398 279 2464 iu
297 2397 357 2464 boc
381 2396 487 2465 libello
507 2397 672 2464 doctrinae
697 2397 802 2485 paullo
824 2397 1049 2464 reconditioris
1069 2397 1223 2482 vestigia,
1247 2398 1336 2466 nulla

144 2502 304 2573 historiae
325 2504 519 2590 antiquioris
544 2505 675 2583 notitia,
701 2504 786 2570 nulla
808 2511 989 2590 temporum
1014 2504 1227 2569 vetustiorum
1248 2505 1337 2590 paul·

143 2600 180 2677 lo
199 2606 343 2677 c'raclior
376 2610 527 2695 cognitio.
575 2613 716 2697 Apparet
747 2609 864 2696 ubique
888 2607 942 2674 illa
976 2610 1139 2676 inerudita
1171 2616 1205 2676 et
1237 2629 1336 2697 paene

143 2712 284 2783 dixerim
308 2712 460 2779 militaris
484 2722 517 2780 et
541 2714 699 2801 Spartana
732 2715 945 2802 simplicitas,
976 2735 1040 2801 qua
1063 2712 1220 2801 quidquid
1250 2725 1335 2783 esset

145 2820 285 2909 Spartae
308 2818 509 2906 praeclarum
542 2829 574 2885 et
602 2820 768 2905 egregium
794 2821 828 2885 in
862 2819 960 2886 rebus
985 2820 1157 2896 omnibus,
1184 2823 1215 2886 in
1239 2820 1337 2900 bello,

145 2928 182 2995 in
207 2946 301 3013 rep„
325 2925 357 2990 iu
382 2926 467 2990 vitae
488 2946 525 2991 ac
556 2945 682 2991 morum
710 2927 942 2992 constitutione
973 2925 1151 2992 relerretur
1175 2925 1213 2990 ad
1240 2928 1336 2995 nnius

145 3030 292 3121 Lycurgi
312 3030 511 3117 singularem
534 3051 571 3096 ac
595 3051 704 3117 paene·
719 3030 861 3096 divinam
883 3031 1097 3117 sapientiam,
1120 3051 1218 3117 quam
1243 3030 1337 3118 Spar.-

146 3136 221 3207 tint
242 3156 354 3202 omues
378 3136 411 3200 in
439 3137 526 3200 omni
551 3154 697 3201 sermone
722 3154 975 3201 commemorare
1005 3146 1037 3202 et
1066 3135 1228 3203 celebrare
1259 3137 1339 3205 sole.-

146 3240 240 3311 hnnt.
287 3240 419 3307 lmbibit
442 3239 575 3306 eandem
602 3238 847 3306 admirationem
874 3240 1047 3327 Xenopbon
1073 3260 1111 3306 cx
1137 3241 1276 3326 Agesilai
1307 3254 1340 3311 ct

144 3346 348 3435 reliquorum
369 3345 602 3432 Spartanorum
623 3344 843 3412 familiaritate
863 3355 896 3412 et
916 3346 1134 3425 sermonibus,
1158 3347 1244 3415 uude
1260 3347 1339 3418 baec

146 3450 249 3521 scrita
272 3453 383 3518 statim
409 3452 442 3516 in
468 3452 561 3516 initio
586 3450 659 3515 libri
693 3453 820 3537 posuit:
853 3458 1030 3533 Λυκοῦργον
1061 3454 1112 3518 τὸν
1142 3453 1233 3519 θέντα
1267 3458 1338 3531 τσὺς

147 3556 261 3639 ripaue
283 3558 391 3624 τούσδε
417 3557 470 3622 καὶ
495 3556 642 3637 θαυμάζω
667 3556 718 3621 καὶ
752 3558 809 3631 εἰς
840 3558 888 3623 roi
917 3558 1070 3640 ἔσχατα
1101 3560 1224 3641 σοφὸν
1248 3563 1340 3640 ἡγοῦ-

147 3686 224 3747 μαι.
271 3660 406 3728 Aiebant
431 3661 514 3726 banc
538 3662 784 3728 admirationem
811 3663 994 3749 principum
1020 3662 1252 3749 Spartanorum
1278 3687 1339 3732 non

146 3766 316 3837 scrmcdes
340 3768 445 3852 magis
469 3786 566 3852 quam
592 3767 747 3853 exeurpla.
796 3767 880 3849 Quid
903 3766 1066 3834 efficerent
1089 3768 1229 3856 Lycurgi
1253 3769 1339 3857 leges

146 3882 182 3943 cl
205 3872 359 3939 instituta
383 3872 416 3936 in
448 3872 587 3957 Agesilai
609 3874 674 3937 vita
699 3882 731 3938 et
752 3874 896 3940 moribus
924 3874 1067 3960 conspici
1092 3874 1265 3961 Xenophon
1292 3878 1339 3944 iu·

145 3974 288 4047 dicabat.
337 3979 443 4059 Quum
468 3997 507 4043 ex
537 3978 595 4044 boc
620 3978 765 4065 exemplo
789 3981 942 4066 antiquae
966 3978 1098 4043 virtutis
1118 3997 1220 4065 remp.
1246 3980 1340 4068 Spar-

146 4094 301 4155 tanorum
325 4093 503 4170 spectaret,
536 4084 609 4170 quis
633 4085 805 4150 mirabitur
839 4084 925 4150 illarn
951 4084 1091 4174 lycurgi
1115 4083 1339 4172 disciplinam,

148 4190 238 4261 uude
262 4190 342 4257 tales
374 4190 435 4254 viri
461 4190 644 4275 prodirent,
679 4192 944 4277 exquisitissimis
976 4188 1125 4255 laudibus
1151 4188 1191 4254 ab
1221 4190 1274 4257 illo
1298 4192 1342 4261 el·

148 4294 231 4366 torri
256 4304 289 4362 et
309 4297 341 4360 in
368 4296 491 4362 coelum
518 4295 610 4361 tolli?
659 4297 828 4363 Caeterum
853 4295 929 4363 olim
954 4301 1095 4361 mutatos
1119 4314 1188 4361 csse
1212 4293 1341 4384 Sparta·

150 4422 269 4473 norum
296 4422 421 4480 moros,
446 4400 657 4488 degenerasse
680 4404 720 4469 ab
744 4404 878 4488 antiqua
903 4404 1024 4468 rirtute
1048 4399 1236 4487 plerosque,
1262 4404 1341 4474 alios
