2940 5010
145 120 212 192 est,
237 120 274 180 ut
291 110 328 178 ἔα
351 110 558 179 Homericum
580 112 614 177 in
633 109 663 189 ἠ.
693 108 787 197 Apud
808 108 982 177 Homerum
1002 105 1115 177 eodem
1137 108 1248 189 modo,
1265 120 1343 199 quo

148 216 385 305 apudhtticos,
404 217 500 284 tertia
522 236 659 304 persona
679 218 711 283 in
738 241 795 283 ειν
817 213 927 282 exibat
949 220 1025 280 anto
1043 210 1203 295 vocalem,
1223 230 1340 301 qnam·

148 341 246 409 quam
274 340 345 388 enm
371 321 568 408 scripturam
593 323 657 388 iam
679 321 755 388 oiim
775 320 896 408 passim
917 316 1143 405 interpolatam
1167 316 1263 386 inimo
1281 318 1338 385 iu-

150 423 296 492 cnlenter
328 444 366 491 ex
398 426 541 512 antiquis
572 426 605 492 in
641 427 817 493 Homerum
849 422 987 490 Scholiis
1022 427 1166 509 apparet.
1223 422 1337 491 Emtat

150 548 237 595 nunc
260 537 353 596 vetus
373 528 469 598 lectio
492 531 618 616 integra
642 529 734 598 iliaci.
759 529 796 596 Ε.
811 532 888 595 661.
908 525 1121 607 Τληπόλεμος
1143 562 1191 579 -
1211 526 1338 609 βεβλή-

150 658 233 711 κειν,
256 636 363 717 αἱκμή
385 634 417 701 δέ
441 637 505 701 uri.
530 643 563 702 et
587 646 619 705 Ξ.
645 640 721 702 412.
752 634 942 715 βεβλήκειν,
966 633 1041 713 cirris
1064 630 1217 713 ὀντνγοε,
1238 640 1271 699 ot
1289 640 1334 699 Η.

149 743 226 804 594.
258 738 311 803 καὶ
334 740 367 804 δέ
392 741 455 807 τύδ’
481 741 607 819 ἠνώγειν
636 743 734 808 simio
754 739 845 818 ἐντος,
873 746 906 805 et
931 735 1043 826 Odyss
1067 748 1103 803 Ρ.
1128 742 1205 805 otu.
1237 734 1336 805 «iit

147 842 367 921 δεδειπνήκειν,
389 847 404 910 ὀ
419 846 445 911 δ’
458 846 612 923 ἐπαύετο,
632 852 665 911 et
684 856 720 911 Χ.
735 848 810 910 27ώ.
835 841 934 917 ἄλλοι
945 844 1003 922 μὲν
1013 880 1059 893 -
1069 843 1259 924 βεβλήιιειν,
1275 840 1337 909 lh·

147 962 199 1019 λοι
229 948 262 1014 δέ
295 951 361 1016 xri.
393 956 426 1015 et
457 949 546 1016 lliad.
578 960 612 1017 Z.
640 952 715 1016 170.
751 947 850 1026 δεῖξαι
875 950 902 1015 δ’
926 948 1052 1026 ἠνώγειν
1079 942 1273 1032 cinctraii,
1298 952 1337 1013 ei

147 1050 260 1140 θύνει.
284 1063 321 1119 Ε.
350 1058 426 1121 rin.
452 1057 503 1121 τόν
519 1060 572 1120 νῦν
591 1059 621 1120 ε’
645 1054 771 1133 ἠνώγειν
790 1053 1042 1133 ώνιοιιεμπέμεν,
1064 1051 1204 1123 etittau.
1227 1062 1271 1121 Ψ.
1290 1052 1337 1117 ri·

148 1159 270 1234 ςήκειν,
305 1161 401 1225 αὐτοῦ
425 1159 489 1241 γύρ
520 1161 585 1225 xri.
619 1156 673 1224 sad
701 1156 841 1224 mulium
870 1157 984 1237 abest,
1011 1165 1049 1223 nt
1075 1174 1134 1222 ouo
1156 1157 1340 1246 scripturae

145 1262 217 1327 sinc
240 1280 357 1347 magno
380 1263 523 1350 periculo
548 1261 588 1330 acl
610 1282 669 1329 nos
691 1262 972 1349 permanaverint,
996 1269 1033 1327 nt
1053 1258 1206 1327 codicum
1227 1259 1341 1329 iectio-

147 1385 206 1432 nes
239 1366 477 1434 excutientibus
509 1367 685 1456 apparebit.
743 1366 791 1433 hd
822 1364 912 1432 iliad.
937 1375 973 1432 z.
1001 1370 1077 1431 170.
1113 1370 1288 1432 annotatur
1319 1382 1345 1431 e

148 1468 305 1560 Didymo:
330 1470 423 1547 ούνοι
450 1474 506 1539 σὺν
521 1475 564 1554 τῷ
600 1496 615 1537 ν
638 1472 797 1549 ἠνώγειν
820 1471 1016 1551 ’Λρύςαρχοα
1042 1472 1176 1549 ἠνώγειν
1195 1469 1277 1554 γάρ,
1301 1476 1346 1537 et

148 1572 189 1640 ad
213 1572 326 1664 Odys&
350 1586 387 1644 E.
415 1582 489 1643 uls.
522 1580 679 1656 ἠνώγειν
703 1576 774 1643 cieri
794 1581 848 1641 τοῦ
873 1575 1024 1652 ἠνώγεεν,
1049 1576 1089 1647 ώς
1115 1576 1172 1641 ri·
1196 1576 1347 1653 ἠσκεεν

147 1678 224 1760 εἴρια
246 1681 332 1747 καλώ
358 1680 460 1771 (Iliad.
484 1691 519 1748 Γ.
545 1680 647 1769 388).
697 1679 793 1747 Vitles
817 1680 924 1757 ἠνώγει
952 1676 1053 1745 fuisse
1075 1679 1109 1744 in
1133 1679 1270 1747 cameris
1294 1678 1349 1745 li·

147 1783 237 1859 bris,
262 1793 294 1852 et
318 1805 356 1851 ex
382 1786 560 1852 Aristarchi
584 1784 724 1853 editione
748 1784 914 1852 meliorem
938 1782 1109 1850 tectionem
1133 1785 1259 1864 ἠνώγειν
1285 1778 1348 1849 ai·

148 1885 236 1954 ierri.
282 1888 319 1955 ln
341 1888 433 1957 iliad.
459 1900 498 1956 Θ.
522 1894 598 1957 269.
623 1910 723 1978 quum
743 1890 818 1957 olim
843 1887 1025 1975 legeretur:

603 1996 674 2061 ἐπεί
693 1994 731 2078 ώρ
754 1998 811 2061 τιν’
833 1993 979 2067 ὀιξεύοας
1003 1994 1035 2058 ἐν
1056 1992 1157 2076 ὀρώλιρ

327 2099 505 2177 βεβλήκει,
531 2102 545 2166 ὀ
564 2101 621 2180 μὲν
641 2096 710 2167 αύύι
730 2098 831 2166 πεσών
853 2099 917 2165 oiri
939 2099 1033 2177 ύνμόν
1050 2095 1188 2164 ὀλεσκεν.

147 2200 330 2267 Aristarchi
360 2201 455 2269 lectio
485 2224 502 2271 e
528 2203 658 2270 scholiis
683 2203 813 2269 Venetis
837 2202 933 2270 aliata
961 2211 1010 2269 est
1035 2201 1240 2286 ’λρόςαρχιε·
1269 2203 1344 2281 βε·

144 2305 316 2382 βλήκοι,
341 2325 440 2392 quarn
465 2308 628 2374 Bckherus
651 2307 832 2375 inconsuito
855 2308 988 2395 recepit.
1035 2305 1232 2395 Recipienda
1261 2304 1339 2375 mi

145 2408 314 2476 emendata
337 2409 432 2478 lectio
452 2414 636 2492 βεβλήκειν.
684 2412 850 2499 Frequens
872 2420 920 2479 est
938 2410 1024 2499 apud
1042 2412 1220 2479 Homerum
1238 2412 1331 2496 raca,

143 2522 195 2579 sat
222 2535 316 2603 saepe
347 2517 433 2599 ἠδεεν
459 2518 623 2593 occurrit,
659 2524 696 2583 ut
719 2515 811 2585 Iliad.
836 2517 870 2583 B.
898 2520 975 2583 852.
1006 2512 1039 2590 δε
1063 2516 1130 2598 περὶ
1155 2514 1281 2584 κύνειον
1302 2512 1311 2603 Ι

143 2620 212 2701 ἠδεε
229 2622 444 2700 μαντοσύνας,
463 2629 496 2688 et
520 2632 557 2687 Σ.
572 2627 649 2697 tot,
673 2622 739 2689 οὐδέ
759 2647 807 2695 τις
828 2620 926 2695 ἄλλος
947 2619 953 2707 Ι
973 2622 1072 2703 ἠδεεν,
1096 2627 1129 2687 et
1148 2617 1265 2711 θύνει.
1286 2626 1320 2687 Ψ.

144 2728 197 2791 29.
231 2726 334 2793 ursiton
361 2724 445 2809 ἠδεεν
467 2725 547 2792 ἔνδον
578 2728 691 2804 ἐόντα,
722 2745 805 2813 quae
832 2722 992 2811 quomodo
1015 2724 1182 2812 potuerint
1209 2725 1245 2793 in
1267 2724 1319 2810 ἠδιι

142 2838 174 2894 ot
201 2830 282 2911 ἠδειι
307 2830 455 2898 contrahi
491 2830 699 2898 manifestum
724 2839 793 2909 est,
828 2828 885 2897 scd
913 2828 1072 2917 quomodo
1100 2829 1155 2913 ἠδη
1188 2846 1230 2896 ex
1262 2832 1320 2915 iter

143 2935 232 2998 nasci
266 2936 409 3021 potuerit
447 2955 540 3003 nemo
574 2955 730 3022 umquam
761 2954 860 3002 sanus
889 2932 1027 3002 docebit.
1083 2931 1192 3016 Quiri?
1227 2952 1321 3021 quun

142 3040 322 3105 sexcenties
350 3041 383 3104 in
404 3040 468 3106 iliis
494 3039 694 3107 carminibus
716 3040 1029 3117 momentariis,
1052 3040 1172 3121 ώρήρει,
1196 3038 1326 3125 ἐώργει,

142 3140 247 3222 ε’ώκει,
272 3144 406 3220 ἐώλπει,
431 3145 551 3226 ὀρώρει,
575 3147 737 3227 τετρήχει,
761 3144 893 3222 ἠνώγει,
918 3145 1056 3223 ὀπώπει,
1077 3146 1208 3224 ὀλώλει,
1231 3144 1327 3229 mpi-

142 3267 211 3321 γει,
234 3246 389 3325 βεβρίύει,
422 3248 567 3326 γεγήύει,
596 3250 747 3328 βεβήκει,
770 3251 948 3329 βεβλήκει,
983 3248 1177 3332 ἐβεβρύχει,
1206 3250 1331 3331 ἐμεμύ-

142 3371 210 3423 κει,
234 3350 407 3428 ἐκεκεύύει,
443 3353 618 3431 ἐμεμύκει,
642 3354 817 3431 ἐνιεπήγει,
844 3353 1020 3431 ε’νιεπόνύει,
1044 3350 1127 3431 aliu,
1158 3352 1333 3427 orodemm

141 3450 277 3517 eundem
310 3461 437 3537 poetam
462 3475 501 3521 ex
534 3457 602 3538 ἠδεε
632 3456 786 3524 formasse
815 3457 869 3540 ἠδη
890 3477 991 3544 quum
1015 3457 1077 3541 ἠδει
1107 3465 1140 3525 at
1162 3469 1274 3547 posset
1298 3472 1335 3535 et

141 3555 288 3634 deberet,
313 3565 345 3623 ct
367 3558 400 3624 in
425 3557 535 3626 eodem
559 3580 655 3628 versu
684 3563 889 3629 coniunxisse
904 3561 996 3631 iliad.
1021 3562 1059 3628 N.
1080 3565 1157 3629 355.
1182 3564 1333 3649 ιερόεερος

140 3660 264 3740 γεγώνει
284 3662 337 3729 καό
360 3663 488 3730 νιλεόονα
509 3665 576 3748 ἠδη.
623 3666 670 3734 Ne
691 3666 752 3754 ipsi
779 3666 909 3754 quidem
941 3665 1131 3734 Aristarcho
1151 3666 1215 3735 hoo
1243 3680 1334 3743 osset

140 3763 354 3846 credentium,
388 3767 446 3835 sed
469 3768 609 3837 muttum
634 3771 739 3850 abest,
764 3779 801 3839 ut
831 3791 868 3839 ca
889 3773 1051 3861 scriptura
1073 3773 1195 3839 summi
1212 3772 1333 3847 uriuet

137 3872 331 3939 auctoritato
354 3870 508 3941 fulciatur
531 3874 697 3962 multoque
714 3879 839 3963 magis,
863 3886 901 3945 ut
921 3880 965 3946 sit
987 3874 1200 3961 ’λριεύρχειον
1219 3878 1332 3965 ὀρειδρ-

136 3996 248 4056 εκμα,
275 3985 312 4044 nt
331 3978 495 4047 contendit
517 3979 596 4047 ieris
619 3982 774 4068 magister
797 3984 830 4049 in
853 3982 990 4073 Etymoi.
1038 3982 1153 4069 Magno
1179 4002 1213 4071 ρ.
1238 3988 1332 4071 tre,
