2940 5010
718 267 757 330 12

321 439 449 523 νιεςοεὺο
471 439 629 506 λεπιοθεὶο
653 440 807 506 οπονσθεὶο
833 440 969 522 crocata
1033 462 1036 468 ¹

138 545 292 631 xpoodrlr
320 547 395 628 θμοῦ
422 571 451 612 τι
473 546 550 628 πρθο
574 545 667 612 πέλοο
694 546 786 627 erpo
810 545 919 626 dripere
943 550 1039 625 περῶν
1070 542 1134 622 ἥξει
1164 548 1339 626 crepereo

138 660 220 718 ποιῑο
244 652 271 719 δ’
294 653 445 736 ἐφέςνκεν
467 654 572 735 pardo
621 651 673 718 Sic
698 671 812 738 nempe
836 650 913 716 lracc
937 671 954 717 e
975 648 1156 717 scribarum
1178 650 1339 719 manibus

139 758 342 845 accepimus,
365 777 447 845 quac
466 757 638 824 emendare
661 764 693 824 et
714 759 746 822 in
771 758 944 843 pristinum
969 756 1106 820 nitorem
1127 756 1173 821 ita
1197 757 1338 823 restitu-

140 883 212 942 ere,
247 871 284 930 ut
314 864 415 951 ipsam
445 863 563 928 Poetae
594 881 727 929 manum
756 881 944 929 revocemus
972 861 1074 927 nostri
1100 867 1149 928 est
1178 860 1338 939 artificii,

140 976 308 1057 potestque
330 968 362 1034 in
387 967 459 1046 his,
482 987 564 1054 quae
580 966 832 1055 adscripsimus,
860 967 1026 1054 praestari.
1073 965 1193 1052 Nempe
1215 985 1278 1053 per
1300 984 1340 1035 ea

140 1074 219 1140 vitia
241 1081 273 1140 et
297 1072 408 1139 sordes
428 1072 506 1139 haec
528 1072 665 1159 pellucet
686 1073 804 1140 vetusti
828 1071 901 1137 libri
923 1074 1105 1159 scriptura:

208 1185 1262 1255 ΚΕΣΤΡΕΤΣΛΕΠΙΣΘΕΙΣΛΛΣΙΠΑΣΘΕΙΣΕΚΣΤΡΑΦΕΙΣ,

142 1284 259 1352 deinde
282 1292 415 1371 apparet
436 1282 529 1350 πέλοο
552 1283 645 1366 piper
666 1284 710 1350 nil
733 1286 796 1350 nisi
820 1282 1070 1370 dittograplriam
1089 1303 1177 1359 esse,
1211 1284 1244 1349 iu
1272 1296 1340 1371 qua

142 1390 236 1458 πέλοο
256 1388 391 1477 probum
416 1396 482 1467 cst,
505 1391 597 1472 μέοοο
618 1391 696 1456 vitio
721 1399 844 1457 nalum.
892 1389 954 1454 Pro
975 1387 1040 1465 ἥξει
1056 1389 1216 1469 κεκραγώς
1236 1387 1338 1457 Grae·

143 1495 238 1562 culus
260 1515 325 1562 non
354 1493 523 1574 indoctus,
559 1497 614 1582 qui
636 1516 674 1562 ex
695 1497 857 1562 llarciano
880 1493 994 1561 Codice
1021 1495 1210 1580 Epitonren‚
1234 1512 1339 1581 quam

144 1599 275 1678 dicunt,
306 1599 463 1679 coniecit,
487 1621 524 1667 ac
550 1603 671 1669 rectius
699 1601 825 1669 dicetur
845 1621 884 1667 ex
911 1599 964 1666 illo
988 1599 1097 1666 codice
1120 1597 1260 1669 fideliter
1284 1598 1339 1666 de·

145 1707 312 1793 scripsisse
329 1707 452 1786 omnia,
475 1729 557 1794 quae
578 1706 759 1792 intelligere
777 1708 881 1793 potuit
901 1706 1035 1771 resectis
1055 1703 1224 1779 omnium,
1251 1722 1339 1791 quae

143 1811 316 1899 depravata
339 1820 431 1877 crant
445 1821 501 1878 aut
523 1814 553 1878 ei
572 1822 659 1880 certe
674 1810 880 1890 ridebantur,
900 1819 932 1877 et
957 1812 989 1877 in
1010 1811 1069 1887 iis,
1092 1829 1174 1896 quae
1192 1807 1339 1897 descrip

143 1919 209 1994 sit,
244 1916 296 1983 hic
321 1916 386 1982 illic
409 1915 549 2003 aliquam
574 1916 865 1985 correctiunculam
889 1936 981 1983 suam
1006 1915 1144 2001 recepit,
1180 1915 1209 1978 is
1232 1915 1339 2001 igitur

144 2022 203 2089 hoc
235 2021 303 2088 loco
328 2022 479 2089 eximiam
506 2023 761 2094 emendationem
790 2025 910 2109 reperit
937 2022 1013 2103 σι’ζει
1039 2040 1096 2107 pro
1119 2018 1202 2099 ἥξει,
1234 2038 1339 2106 quam

144 2128 289 2217 probavit
308 2127 468 2196 omnibus.
515 2128 627 2217 ltaque
650 2132 697 2196 sic
720 2127 918 2214 Antiphanes
941 2128 1131 2213 scripserat:

325 2234 450 2316 κεςρεὺς
467 2235 636 2312 λεπισθεὶο,
662 2235 738 2301 cinci
762 2235 910 2307 παισθεὶς,
934 2233 1120 2315 ἒκςοοιφείς,

325 2339 494 2420 murdris,
521 2342 595 2421 θμοῦ
615 2366 645 2407 rr
669 2342 741 2422 πρὸς
765 2340 855 2413 τέλος
872 2337 980 2418 δρόμον
1000 2345 1095 2419 περῶν

325 2444 402 2525 οθζει
426 2448 602 2527 κεκραγώς,
616 2454 702 2518 -ποοῑς
726 2447 755 2510 π’
779 2443 914 2526 lupiceno
935 2445 1038 2526 ροονῶν.

146 2549 182 2616 ln
207 2550 363 2625 λοπισθείς
392 2548 499 2636 aliqua
528 2557 577 2617 est
612 2550 788 2626 dubitatio,
820 2549 927 2615 sintne
958 2567 1112 2634 umquam
1143 2546 1242 2613 Attici
1270 2546 1340 2619 ‘liae

146 2652 248 2721 forma
272 2656 333 2722 usi.
382 2655 515 2722 Veteres
535 2655 643 2724 λέπειν
663 2655 812 2723 dicebant
833 2662 866 2722 el
884 2654 1043 2732 ἐκλέπειν,
1065 2652 1256 2730 οὶπολέπειν,
1279 2678 1341 2721 πε·

144 2760 297 2843 ριλέπεινε
323 2760 399 2828 hinc
421 2761 538 2840 λέπος,
561 2762 674 2842 λέμμα
695 2770 726 2828 el
750 2760 863 2835 λοπθς,
888 2758 973 2826 undo
994 2759 1129 2842 λοπίζο,
1151 2758 1339 2842 οὶπολοπθζον

146 2866 245 2933 Attici
270 2864 449 2943 dicebant,'
472 2887 535 2934 non
554 2867 690 2950 λεπίζω,
714 2888 777 2953 quo
805 2872 943 2933 utuntur
966 2867 1129 2952 sequiores
1153 2884 1210 2950 pro
1235 2863 1341 2935 atre

146 2973 342 3059 Appositein
367 2971 450 3040 hanc
473 2994 541 3041 rem
556 2973 708 3041 Plotius:
732 2972 878 3054 Λοπίζειν
898 2975 930 3038 οὐ
952 2971 1107 3054 λεπθζειν,
1127 2978 1158 3037 et
1179 2970 1340 3039 οὶπολοπθ·

145 3077 223 3160 ζειν;
253 3077 306 3144 διὰ
330 3084 384 3145 τοῦ
416 3103 431 3144 ο
457 3082 513 3158 τὴν
535 3081 640 3163 ορθπνν
671 3083 705 3147 οὐ
733 3080 784 3146 διὰ
816 3084 869 3145 τοῦ
894 3103 908 3142 ε
937 3078 969 3142 in
1002 3076 1137 3144 Beltkeri
1161 3073 1283 3143 Anecd.
1309 3076 1340 3149 Ι.

144 3203 175 3270 p.
189 3189 248 3263 25,
272 3188 326 3252 λθ.
371 3185 408 3250 In
426 3185 650 3274 Aristophanis
670 3184 852 3272 fragmento
870 3182 945 3249 ibid.
968 3182 992 3248 1.
1019 3203 1047 3270 p.
1063 3187 1146 3260 450,
1174 3186 1213 3248 17

324 3290 385 3368 eye
404 3291 430 3355 δ’
450 3291 649 3374 οὶπολογίζειν
669 3316 704 3357 τε
727 3289 801 3376 κᾷτ’
824 3291 875 3355 ἐπ’
898 3288 1053 3372 οὶνθροὶιιονν

146 3399 233 3460 recle
255 3395 423 3479 corrigunt
446 3397 664 3478 ἄπολοπθζειν,
695 3405 766 3483 posi
796 3395 951 3478 ἀνθράκων
973 3392 1129 3461 excidisse
1153 3395 1256 3461 θπτοῖν
1279 3412 1340 3465 stt·

145 3498 265 3586 spicer:
298 3499 396 3566 verbo
420 3501 557 3582 λεπθζειν
589 3509 729 3568 utuntur
757 3500 904 3568 Graeculi
933 3509 965 3566 et
993 3500 1142 3585 magistri
1170 3499 1211 3566 ad
1239 3509 1339 3571 retus

143 3605 250 3670 λέπειν
262 3603 496 3692 explicandum.
536 3615 705 3684 Λοιπῆνοιι,
722 3607 915 3683 ἕκλοιπῆνοοι,
939 3607 1154 3682 ἕκλοιπιὶοεποιι
1167 3604 1341 3677 Graeculis

144 3710 253 3795 ignota
281 3718 314 3777 et
338 3711 483 3778 inaudita
512 3711 612 3780 luisse
635 3711 712 3778 alibi
736 3708 963 3777 demonstrari.
1010 3709 1101 3797 Apud
1134 3709 1342 3800 Hesychium

144 3822 195 3882 est
218 3814 366 3883 ἐλέποννι
394 3813 451 3885 οἷον
470 3817 628 3900 ἑλέπιζον,
648 3825 680 3884 et
694 3816 852 3883 indracon:
875 3815 1000 3891 ἔπαιον,
1025 3815 1196 3903 utrobique
1215 3836 1342 3904 repone

144 3918 254 3987 ἔλεπον
283 3928 316 3988 et
347 3923 379 3987 in
411 3934 571 3999 λοιπῆνοοιῑ
606 3924 795 3998 λοπιοθῆνοιι
825 3921 965 3988 rescribe
992 3923 1185 3998 λεπιοθῆνοιι.
1240 3920 1341 4013 Ipsae

144 4045 297 4113 squamae
323 4027 486 4095 veteribus
509 4030 591 4106 λέπη
616 4030 730 4113 ἰχθύων
759 4027 934 4107 dicuntur,
962 4048 1043 4114 quas
1072 4028 1181 4094 minus
1204 4028 1338 4115 antiqui

145 4128 255 4199 omnes
273 4132 433 4221 appellant
450 4137 592 4210 λεπιθος.
640 4134 797 4222 Equidem
816 4134 916 4220 igitur
931 4135 1086 4207 λοπισθείς
1105 4131 1339 4220 praetulerim,

147 4244 185 4303 ut
216 4239 362 4305 certioris
389 4239 473 4308 fidei.
522 4242 604 4307 Tum
627 4241 984 4308 insnnmnnreurz
1016 4239 1124 4307 scriba
1154 4237 1340 4308 dormitans

144 4343 233 4409 visus
253 4353 301 4410 est
322 4346 382 4411 sibi
403 4347 552 4422 οιιοιοθεθς
573 4344 699 4425 vidore,
723 4346 936 4434 fugientibus,
960 4347 1155 4423 utvidetur,
1179 4343 1341 4417 litterulis
