2940 5010
702 306 765 367 aaa

122 484 238 545 contra
262 496 308 541 vs.
333 480 395 542 biit
422 476 453 541 in
476 474 625 563 plurimis
649 488 713 544 est:

305 583 395 661 adyti
420 584 450 648 'r'
474 582 512 648 cir
536 581 608 665 ἔζων
631 583 710 667 xiiia
734 590 786 652 τὸν
809 585 915 651 λοιπὸν
937 586 1065 668 χρόνον,

122 690 154 757 in
175 688 289 777 paucis
312 686 505 774 quibusdam
525 687 564 753 ἂν
584 688 663 770 ἔζην.
711 689 842 777 Decepit
865 691 1053 758 l’iersonum
1077 690 1117 758 ad
1138 691 1315 759 Moeridem

122 814 153 883 p.
180 794 392 884 149(Ἔζην;
417 797 584 869 Ἀττικῶς.
609 793 698 877 ἕζωνε
723 795 923 884 Ἑλληνικῶς)
947 795 1037 863 locus
1061 797 1245 887 Etpmoiogi
1269 799 1313 865 bi.

122 904 256 991 p.·tt5.
280 905 313 967 8.
336 898 513 965 adferentis:

302 1002 428 1084 κᾶγωγ’
449 1005 489 1072 ἂν
508 1005 577 1088 ἔζην
601 1008 653 1072 uni
679 1008 717 1072 σὺ
738 1010 791 1074 σὸν
813 1009 918 1074 λοιπὸν
942 1008 1066 1090 χρόνον,

122 1128 158 1179 a:
180 1130 247 1199 qao
277 1110 406 1196 collegit
433 1109 502 1193 ἔζην
536 1110 669 1197 probum
701 1132 771 1180 esse
800 1123 833 1180 ct
866 1113 1015 1200 Euripidi
1046 1112 1245 1180 reddendum
1278 1123 1311 1179 ut

122 1214 193 1283 aliia
215 1234 352 1303 quoque.
400 1216 557 1302 Equidem
582 1236 622 1283 ne
645 1217 817 1285 Mticridem
840 1219 979 1306 quidem·
999 1227 1057 1285 aut
1090 1218 1309 1287 Herodianum

122 1328 188 1389 tam
212 1322 353 1409 turpiter
375 1322 533 1387 erravisse
559 1322 714 1402 arbitror,
738 1323 793 1389 sed
820 1343 931 1391 eorum
961 1327 1184 1392 annotationes
1208 1325 1311 1411 suspi-

122 1446 178 1497 σοι·
200 1428 249 1495 aio
274 1427 350 1494 oiim
374 1428 513 1514 scriptas
537 1425 653 1506 inisse,
679 1439 714 1494 ut
738 1428 811 1511 ἔζων
839 1432 935 1497 unice
967 1429 1156 1517 probarent,
1179 1430 1249 1512 ἔζην
1273 1450 1312 1495 cx

122 1552 232 1601 errore
254 1540 367 1599 natum
392 1533 575 1599 reiicerent
615 1534 795 1624 Etymuiogi
825 1555 953 1621 quoqne
971 1536 1062 1602 iocus
1079 1536 1163 1602 male
1184 1534 1314 1601 bairitus

122 1646 154 1707 et
174 1636 347 1707 mutilatus
373 1645 433 1703 est.
484 1638 674 1705 Rectissime
705 1641 792 1706 enim
822 1639 982 1706 iudicasse
1012 1642 1173 1707 incertum
1201 1640 1313 1708 Gram-

122 1746 276 1813 nraticnm
300 1751 433 1831 apparot
454 1763 493 1808 ox
523 1763 631 1811 errore
656 1754 762 1810 natam
793 1766 863 1811 csse
887 1744 1023 1812 turmam
1048 1746 1135 1828 ἔζην,
1159 1748 1313 1833 quoniam

122 1848 191 1935 Ιζης
212 1858 246 1917 et
270 1848 322 1932 ἔζη
344 1856 435 1914 erant
457 1851 490 1914 iu
521 1869 592 1915 usn.
641 1850 694 1916 Sic
718 1851 804 1915 eninr
828 1851 952 1936 accipio
978 1850 1091 1921 verba:
1116 1853 1238 1928 πλάνης
1261 1851 1311 1920 οὖν

122 1955 288 2036 νοουμένης
307 1956 430 2035 ἐγένετο
453 1961 568 2035 πρῶτον
590 1955 747 2036 πρόσωπον
772 1954 816 2036 ἔζ
821 1980 862 2028 ην
882 1956 1039 2037 προσθέσει
1062 1962 1116 2023 τοῦ
1135 1983 1151 2025 ν
1169 1960 1234 2025 cirri
1255 1964 1311 2025 ποῦ

122 2061 224 2145 qtnoo
246 2061 425 2142 προσώπου,
458 2080 541 2146 quae
572 2063 651 2127 satis
680 2070 774 2138 sunt,
804 2070 840 2126 ut
864 2063 996 2148 opinor,
1023 2063 1201 2150 perspicua.
1249 2063 1312 2130 Sed

122 2174 170 2235 ut
189 2164 245 2233 iiie
267 2184 359 2231 error
386 2164 518 2255 (πλάνη)
547 2167 750 2253 sequiorum,
779 2169 834 2253 qui
868 2166 996 2235 indocte
1019 2178 1050 2234 et
1074 2168 1251 2235 oscitanter
1272 2189 1312 2235 cx

122 2270 174 2357 Ιξη
192 2274 332 2360 primam
351 2291 520 2357 personam
539 2271 608 2354 ἔζην
628 2272 826 2351 elicuerunt,
852 2272 937 2339 urrde
957 2282 1067 2360 postea
1086 2273 1150 2355 ζῆθι
1171 2282 1203 2339 et
1223 2272 1310 2354 ζιῑνιιι

122 2376 391 2467 propatrutarunc
440 2378 552 2465 ltaque
573 2397 676 2465 neque
701 2378 731 2442 iu
757 2378 1003 2445 Derrrostbenenr
1031 2381 1091 2445 ista
1113 2377 1235 2445 cadunt
1259 2399 1311 2445 ne·

122 2492 183 2571 qua
206 2484 242 2550 in
265 2481 472 2569 Euripidem,
499 2483 644 2570 nihilque
666 2491 794 2569 praeter
817 2483 888 2565 ἔζων
910 2485 1054 2570 antiquis
1073 2493 1122 2552 est
1142 2484 1310 2551 usitatum.

122 2589 241 2657 boriali
272 2586 341 2654 ioco
373 2588 546 2654 utebantur
577 2587 678 2654 iorma
706 2590 797 2669 ἕβίων
828 2598 864 2655 ut
887 2588 1019 2677 perfecti
1042 2592 1188 2671 βεβίνκιι
1212 2597 1244 2655 et
1267 2590 1310 2656 σοὶ

122 2692 322 2777 βοβινιμένοι,
348 2701 506 2781 utsupra
533 2693 628 2761 verbo
656 2696 845 2781 attigimus,
877 2696 1090 2783 dicebantque
1118 2697 1216 2763 Attici
1243 2716 1310 2762 om·

122 2818 176 2869 nes
194 2798 250 2883 ζῆν
268 2800 352 2879 βίον,
378 2807 413 2865 ut
432 2800 509 2864 Ξένον
533 2800 607 2867 ὁδόν.
628 2788 632 2795 ’
656 2801 811 2867 Praesens
830 2804 889 2882 βιῶ
918 2823 976 2889 pro
995 2802 1035 2884 ζῶ
1064 2800 1209 2867 lonicum
1242 2811 1309 2879 est,

122 2912 282 2975 etcontra
303 2905 363 2987 ζιννὶ
387 2924 446 2993 pro
468 2907 548 2984 βίος.
592 2905 653 2988 Qui
678 2906 765 2971 aliud
794 2906 969 2973 discrimen
997 2910 1083 2975 inter
1105 2910 1174 2989 Ebc
1197 2915 1230 2974 et
1248 2909 1309 2991 ζωή

122 3012 346 3099 excogitarunt
367 3009 578 3098 perdiderunt
598 3030 746 3097 operam:
765 3009 830 3077 vid.
857 3015 1004 3079 Ammon.
1026 3012 1065 3079 de
1084 3013 1121 3079 E.
1133 3013 1170 3079 V.
1188 3034 1218 3079 v.
1242 3015 1312 3089 Βίος

122 3116 196 3203 [artic
219 3118 374 3202 διαφέρει.
400 3118 465 3182 xri.

122 3222 332 3291 ·-Eaetaram
354 3224 387 3287 in
402 3220 562 3288 Alcestide
586 3220 798 3308 interpolatus
823 3221 902 3287 mihi
924 3242 994 3288 esse
1014 3222 1144 3289 videtur
1162 3243 1209 3291 vs.
1224 3228 1311 3306 295,

122 3346 214 3417 qnam
245 3326 340 3395 facile
364 3334 414 3394 est
447 3326 597 3393 rideree
628 3348 675 3395 rs.
702 3332 764 3394 651
795 3327 993 3413 ineleganter
1022 3350 1092 3395 osse
1120 3331 1308 3417 repetitum.

122 3436 246 3519 Quanto
268 3434 356 3500 enim
383 3431 500 3499 meiius
521 3441 554 3498 et
577 3431 733 3518 Euripide
756 3433 887 3518 dignius
910 3433 1051 3519 legetur:

252 3576 298 3589 —
320 3544 375 3605 σοῖν
398 3536 712 3612 nantuadensium
734 3539 878 3621 φνπύσειν
904 3539 1017 3606 cdxix.

320 3646 393 3710 κούκ
415 3642 454 3710 ἂν
477 3643 619 3723 μονωθεὶς
644 3649 699 3717 σῆς
720 3644 878 3726 δάμαρτος
899 3644 999 3720 issara
1019 3648 1083 3712 κσὲ.

122 3768 218 3839 qaum
241 3749 423 3817 rectissime
448 3748 562 3816 babeat
586 3770 633 3815 vs.
660 3754 746 3815 651:

321 3856 410 3934 κοὶγώ
434 3859 463 3919 π’
485 3856 524 3921 aba
548 3854 620 3936 ἔζων
641 3852 721 3936 xiiis
744 3856 796 3920 τὸν
818 3857 924 3922 λοιπὸν
944 3855 1051 3939 χρόνον

320 3963 395 4027 κούκ
413 3960 452 4027 ἂν
475 3961 616 4040 μονωθεὶς
637 3958 736 4029 ἕςονον
761 3969 867 4035 κοινοῖς
890 3963 987 4039 ἐμοῖς.

122 4064 211 4135 ttnnc
232 4064 273 4133 ad
295 4064 538 4153 Xenophontem
563 4086 614 4132 me
637 4066 769 4152 recipio.

135 4172 199 4241 ·ln
227 4170 367 4239 Anabasi
392 4171 443 4238 vl.
472 4194 494 4238 r.
521 4178 560 4238 17
590 4173 683 4253 εἰσῄει
715 4173 828 4245 αὐτοὺς
858 4169 938 4247 ὅπως
970 4174 1010 4239 ἂν
1040 4173 1092 4239 aab
1123 4170 1249 4254 ἔχοντές
1277 4200 1308 4242 σι

122 4276 220 4347 οἰκοδο
238 4278 435 4362 antinno,
458 4298 517 4365 pro
540 4279 738 4361 νὶφίνωντοι,
764 4277 847 4363 quod
866 4278 1027 4345 soloecum
1047 4287 1111 4356 cst,
1132 4280 1311 4365 requiritur

124 4384 292 4469 δφΙιιοινσο.
349 4382 482 4451 Subibat
514 4383 655 4451 rnilitum
688 4385 812 4449 auinros
845 4385 1013 4469 cogitatio:
1049 4392 1112 4460 πῶς
1144 4384 1182 4452 ἂν
1208 4386 1311 4456 einais
