2940 5010
697 244 762 308 496

137 447 212 499 nam
236 426 316 492 satis
339 428 465 490 constat
487 418 573 501 ξυρόν
596 420 681 507 apud
707 439 819 487 ornnes
847 418 985 488 Graecos
1007 420 1223 510 penultimam
1256 441 1322 511 per·

138 541 235 622 petuo
258 530 429 616 corripere.
478 524 568 607 Quod
598 533 706 593 autem
731 524 877 593 dicebam
909 546 985 594 eum
1015 527 1152 597 eandem
1179 527 1326 596 observa·

138 640 260 707 tionem
292 631 512 722 compluribus
546 630 700 717 exemplis
743 631 882 711 iterare,
917 652 1018 720 quum
1053 642 1192 701 cerum
1218 652 1329 722 perpe·

140 753 296 830 tuamque
324 741 356 805 in
392 737 542 806 omnibns
572 736 752 822 analogiam
788 737 1011 805 demonstrare
1044 738 1234 820 debuisset,
1264 758 1330 807 uun

140 847 284 935 exemplo
308 842 476 930 defungar.
523 842 734 911 Athenienses
759 864 822 910 non
846 852 986 911 utuntur
1005 842 1127 912 tuturis
1149 845 1185 912 in
1204 882 1252 894 —
1271 844 1331 912 lon

139 953 333 1022 exeuntibus
352 959 575 1038 praeterquam
599 951 630 1015 in
644 948 811 1037 disyllabis
829 947 908 1026 ξένω
921 957 954 1016 et
971 950 1094 1031 σβέσει,
1116 949 1331 1031 meridien,

140 1069 197 1128 aut
228 1062 255 1125 si
288 1056 410 1147 syllaba
439 1054 532 1141 longa
567 1053 729 1142 praecedit
758 1055 876 1137 σὶρκέσιι
889 1104 899 1133 ,
934 1055 1066 1132 sistro,
1100 1057 1268 1136 σίδέσιμιιι
1298 1063 1335 1122 et

140 1165 340 1248 ἀχθὲσιρσιιι,
366 1160 560 1227 incaeteris
594 1157 744 1226 omnibns
766 1159 844 1226 elisa
867 1158 1017 1228 sibilante
1047 1158 1170 1228 formas
1201 1168 1335 1229 mutre-

141 1270 222 1336 hunt
244 1275 355 1345 κιιλῶ,
377 1267 476 1343 σελῶ,
499 1267 586 1341 ἁλῶ,
618 1271 733 1344 γαμῶ,
756 1268 834 1341 ὀλῶ,
859 1272 954 1347 nopai,
977 1272 1159 1350 μαχοῦμαι.
1206 1265 1335 1335 Eadem

141 1376 267 1442 ratione
298 1371 447 1439 dicebant
478 1368 590 1436 orrico
619 1378 652 1436 et
682 1368 774 1436 σιὶσω
805 1378 838 1437 et
863 1370 1024 1451 βιιςιὶσω,
1056 1371 1244 1454 &precarem
1275 1370 1337 1440 sed

142 1483 223 1558 ἐλῶ,
246 1481 349 1559 βιβῶ,
371 1476 490 1559 κρεμῶ.
515 1482 620 1554 nerei,
642 1477 807 1553 ιὶνιιιιεσῶ,
830 1482 923 1557 aspri,
948 1477 1116 1556 dcccxciii,
1138 1477 1216 1545 alia.
1261 1476 1337 1545 Nun

144 1584 444 1653 animadverterunt
478 1580 608 1647 Veteres
637 1581 785 1665 magistri
820 1579 902 1647 hanc
933 1581 1113 1668 analogiam
1137 1590 1171 1650 et
1202 1581 1339 1670 singula

144 1689 288 1777 exempla
322 1687 479 1754 atterunt:
512 1685 585 1753 vide
607 1684 780 1752 Moeridem
809 1705 838 1751 v.
873 1688 1001 1766 Ἀλεῑς,
1032 1690 1205 1770 Διηβιβῶ,
1229 1694 1339 1766 Ἑλιῖι,

145 1797 251 1864 Kaloi.

190 1900 293 1982 Quam
322 1898 442 1964 taceret
465 1897 741 1985 operaepretium
764 1897 793 1962 si
820 1897 894 1983 quis
917 1896 1090 1964 Moeridem
1116 1898 1157 1964 ad
1180 1918 1336 1967 severum

145 2005 281 2073 Critioes
300 2002 444 2070 tribunal
464 2013 612 2070 vocatum
634 2003 679 2068 ita
699 2011 828 2087 cogeret
848 2001 1051 2088 singularum
1071 2002 1338 2073 observationum

145 2112 288 2178 rationes
306 2108 458 2187 reddere,
483 2117 520 2175 ut
540 2127 652 2174 omnes
669 2108 782 2193 optimi
801 2107 976 2192 scriptores
996 2107 1054 2174 soli
1078 2111 1266 2177 testimonia
1286 2109 1340 2176 di·

147 2224 272 2292 eerent‚
296 2215 455 2282 recusatis
474 2223 530 2279 ant
552 2215 585 2278 in
607 2211 695 2280 aliud
718 2222 845 2300 tempus
865 2215 995 2281 reiectis
1008 2215 1213 2301 sequioribus
1233 2217 1338 2283 omni·

147 2322 208 2388 bus
229 2319 383 2398 testibus,
406 2320 463 2406 qui
486 2320 609 2384 Atticos
631 2319 751 2384 imitari
771 2326 974 2405 sategerunt,
998 2321 1032 2386 in
1054 2339 1118 2406 quo
1135 2340 1257 2406 genere
1275 2329 1337 2389 et·

148 2426 231 2493 alius
249 2426 311 2492 atio
335 2424 460 2492 felicius
484 2433 632 2490 versatus
655 2431 722 2503 est,
746 2431 853 2490 tamen
875 2425 932 2491 isti
954 2445 1067 2492 omnes
1086 2426 1274 2512 aequalium
1304 2434 1341 2494 et

149 2530 353 2617 popularium
379 2529 488 2596 sordes
519 2536 551 2595 ct
579 2548 706 2595 errores
728 2549 803 2596 cum
831 2530 939 2596 Attica
962 2532 1107 2598 oratione
1135 2531 1338 2619 negligenter

149 2636 422 2721 permiscuerunt.
479 2633 532 2701 Sic
554 2634 639 2700 enim
666 2634 698 2698 in
729 2654 855 2721 quaque
880 2637 1087 2703 annotatione
1111 2638 1256 2725 primum
1286 2634 1338 2706 de·

151 2739 238 2806 finiri
262 2741 379 2826 poterit
408 2760 526 2807 verane
548 2758 589 2805 an
614 2737 693 2805 laisa
716 2740 777 2817 sit,
809 2750 940 2808 certane
960 2750 993 2808 et
1023 2742 1112 2809 utilis
1135 2763 1177 2809 an
1202 2743 1283 2810 levis
1305 2749 1338 2809 et

150 2843 272 2922 futilis,
296 2846 379 2911 sitne
399 2843 550 2932 loquendi
574 2864 652 2910 usus
672 2843 797 2911 stabilis
820 2853 853 2911 et
877 2855 1052 2933 perpetuus
1075 2867 1116 2913 an
1140 2847 1236 2934 lapsu
1259 2858 1339 2916 tem·

150 2952 238 3038 poris
261 2960 407 3018 mutatus
431 2959 639 3037 novatusque.
688 2950 919 3018 Describentur
941 2964 1048 3019 certae
1072 2951 1230 3039 quaedam
1254 2962 1339 3021 aeta·

153 3065 200 3123 tes
220 3066 252 3123 et
274 3057 354 3124 certi
377 3057 515 3144 denique
535 3056 614 3122 fines
638 3057 896 3134 constituentur,
921 3057 1039 3143 quibus
1058 3057 1205 3124 vocabuli
1231 3059 1338 3126 cuius·

152 3183 214 3249 que
249 3163 352 3229 torma
390 3170 423 3229 et
457 3161 652 3248 significatio
684 3168 717 3227 et
752 3181 831 3227 usus
865 3164 1104 3230 contineantur.
1163 3163 1340 3251 Apparebit

152 3267 423 3354 quemadmodum
454 3269 573 3334 sensim
598 3266 748 3354 loquendi
772 3269 856 3333 ratio
879 3269 1043 3355 antiquior
1067 3276 1100 3336 et
1123 3269 1283 3337 sincerior
1306 3270 1340 3336 in

154 3373 419 3459 negligentiorem
444 3382 475 3438 ct
497 3372 731 3439 mendosiorem
757 3372 943 3458 aequiorum
968 3376 1125 3451 coritarum
1149 3375 1286 3453 abierit,
1308 3382 1341 3442 et

151 3477 261 3544 eadem
282 3498 377 3564 opera
397 3486 625 3563 cognoscetur,
648 3478 703 3565 qui
725 3475 846 3542 tactum
865 3480 908 3544 sit
927 3486 964 3544 ut
984 3479 1137 3546 Veterum
1154 3479 1340 3547 litterarum

152 3592 361 3649 monumenta
384 3582 538 3671 paulatim
565 3582 683 3647 intecta
707 3583 751 3648 sit
777 3583 903 3649 mendis
926 3583 1155 3670 erroribusque
1177 3604 1195 3651 e
1217 3585 1340 3652 novitia

154 3687 348 3755 Graecorum
373 3687 483 3774 lingua
510 3690 678 3775 susceptis.
726 3687 763 3753 lu
789 3708 858 3754 eam
896 3708 964 3754 rem
997 3689 1200 3776 praeclarum
1224 3696 1277 3757 est
1309 3690 1342 3756 iu

152 3793 301 3860 ltceridis
323 3796 485 3877 Ἀσιικιςη
508 3792 704 3880 praesidium
729 3801 761 3859 et
785 3793 1028 3872 adiumentum,
1053 3794 1107 3861 ubi
1132 3795 1343 3882 incorruptus

154 3899 309 3966 Veterum
332 3919 438 3966 sermo
465 3920 540 3966 cum
564 3899 678 3965 vitiosa
703 3898 933 3966 Graeculorum
955 3901 1096 3984 συνηθείρι
1119 3901 1341 3987 componitur.

155 4005 385 4085 Ἀσηλιὶθη,
410 4006 533 4092 inquit,
563 4008 733 4084 Ἀττικῶς,
765 4005 986 4082 ιὶσιηλιὶσθη
1015 4011 1214 4081 Ἑλληνικῶς.
1264 4004 1344 4087 Quis

154 4109 315 4177 nesciebat
343 4113 503 4192 ἕληλιιμκι
534 4120 565 4178 et
589 4110 703 4188 ηλάνην
729 4113 836 4178 Attica
864 4131 951 4190 csse,
984 4111 1080 4199 idque
1106 4119 1139 4178 et
1163 4110 1290 4178 ratione
1311 4117 1345 4177 et

154 4213 300 4302 analogia
325 4225 357 4283 ct
381 4237 443 4283 usu
464 4215 671 4283 continuari?
721 4215 783 4283 Sed
806 4217 954 4285 Graeculi
978 4215 1164 4292 ἁπηλιὶσθην
1189 4215 1343 4283 dicebant

156 4320 299 4389 lallacem
327 4322 505 4409 analogiam
531 4321 658 4390 indocte
683 4325 785 4390 secuti
813 4324 845 4389 in
871 4322 1047 4400 ἕσλιέσιην,
1070 4322 1218 4406 ἠράσθην,
1244 4320 1343 4389 iord·
