2940 5010
791 262 855 325 5et

228 442 253 509 εἱ
277 443 323 521 μὴ
345 438 461 515 πλέον,
485 434 574 502 οἱλλδ
597 437 673 517 μὶαν
698 434 836 517 ἡμέραν,
862 434 927 502 ime
956 454 1033 505 vere
1060 438 1151 508 ἀλλὰ
1175 441 1254 520 ριὶαν
1284 444 1319 521 γ’
1344 443 1419 523 ἠριθ-

230 571 296 629 ραν.
342 542 421 611 thiu.
445 540 483 608 ll.
508 562 529 606 t.
550 544 603 607 22.
627 548 770 623 προεῖπεν
792 544 831 615 οἱς
856 542 964 620 ροηδεὶς
988 546 1137 623 κινήσοιτο
1160 546 1289 633 corrige
1317 546 1419 623 ὅπως

228 653 347 733 μηδείς.
392 647 513 734 Nempe
547 665 622 713 eum
657 646 763 713 uerbis
793 646 920 713 ιἰιθοιιύι·
941 656 974 715 et
995 650 1172 737 imperandi
1191 648 1275 727 θπας
1294 652 1420 739 optime

230 758 396 842 iungitur,
419 756 459 827 ύς
486 772 549 818 uon
573 753 683 820 minus
706 763 754 819 est
779 753 931 819 vitiosum
950 774 1047 840 quam
1071 752 1129 822 θ’τι.

275 862 310 929 ln
336 858 461 928 llellen.
484 858 509 925 l.
534 878 588 925 un.
613 862 666 926 m.
699 860 840 925 servavit
870 856 1055 927 llindeulius
1084 860 1241 929 librorum
1275 864 1418 951 seriptu-

230 988 320 1035 mm:
351 966 457 1045 οἱμὲν
488 966 664 1037 ἀδικοῦντες
691 962 853 1041 τεύξονται
879 972 935 1041 τῆς
966 966 1103 1045 utrisne
1130 967 1303 1050 τιμυρὶας.
1338 972 1368 1037 οἱ
1389 970 1420 1039 δ’

228 1074 359 1141 οἱνοιὶτιοι
391 1071 677 1151 ἐλευθερωθήσονται
711 1070 769 1153 ὑφ’
792 1070 874 1149 ὑμῶν
897 1071 950 1136 καὶ
982 1072 1036 1137 ούκ
1065 1071 1242 1149 ἀδικοῦντες
1264 1077 1420 1143 θπολοῦν·

227 1204 300 1255 παι,
323 1185 527 1245 commentus
560 1176 731 1243 mirificam
760 1173 932 1261 quamdam
959 1176 1138 1253 rationem,
1164 1198 1262 1265 quam
1287 1182 1421 1269 aperuit

227 1284 267 1351 etl
292 1284 332 1350 ll.
355 1302 401 1348 m.
430 1286 481 1349 te.
515 1278 568 1346 ulti
592 1279 734 1365 legitur:
765 1280 986 1364 ἱΘηραμένης
1013 1280 1124 1363 έλεχεν
1148 1280 1196 1351 θοι
1220 1282 1340 1353 ἄτοπον
1366 1288 1420 1357 δο-

226 1390 290 1464 κοὶη
317 1389 416 1470 ἑαυτῷ
442 1410 482 1466 γε
510 1381 588 1452 εἶναι
610 1388 646 1452 πθ
678 1393 793 1468 πρῶτον
815 1388 873 1467 μέν
905 1387 1111 1467 βουλομένους
1141 1390 1215 1465 τοὺς
1243 1392 1418 1472 βελτὶςους

224 1504 284 1563 τῶν
307 1500 439 1561 πολιτῶν
462 1492 614 1565 κοινωνοὺς
638 1494 823 1571 ποιήσασθαι
847 1496 1057 1576 τρισχιλίους,
1088 1492 1189 1578 ὥσπερ
1211 1498 1265 1563 τὸν
1285 1500 1419 1581 ἀριθμὸν

224 1606 330 1668 τοῦτον
362 1598 479 1680 έχοντοὶ
513 1621 585 1665 τινα
618 1596 760 1676 evermo
794 1600 909 1671 καλοὺς
939 1600 1096 1679 κοὶραθοὺς
1124 1598 1214 1669 εἱνοοι.
1268 1602 1417 1693 Nempe:

226 1706 342 1773 nsemel
362 1704 496 1792 pesitum
518 1704 671 1776 κοινωνοὺς
701 1706 887 1780 ποιήσασθαι
920 1704 1139 1794 (cogitatione)
1163 1708 1417 1793 repetendum,”

224 1813 352 1898 iniquit,
382 1817 414 1876 et
438 1807 570 1875 adducit
602 1808 642 1873 ad
666 1807 749 1876 liano
781 1810 959 1877 inauditam
989 1820 1023 1878 et
1055 1812 1250 1879 Graecitatis
1281 1814 1421 1903 iugenio

223 1917 445 1983 adversantem
482 1913 616 2001 Ellipsin
640 1915 892 1982 continuandam
930 1917 1015 1984 loeus
1051 1917 1206 2004 quosdam
1242 1930 1421 2010 corruptus

223 2034 280 2091 aut
310 2023 404 2110 plane
434 2019 630 2097 dissimiles,
662 2020 694 2085 in
728 2019 779 2086 luis
804 2020 955 2099 l'intlari,
990 2023 1119 2090 lliotleri
1146 2032 1179 2092 et
1210 2026 1418 2107 Pausaniae,

224 2129 343 2216 quibus
367 2146 428 2192 nou
461 2133 510 2191 est
534 2125 567 2190 in
597 2124 650 2191 tali
676 2145 773 2192 eausa
798 2128 974 2193 testimonii
1005 2128 1114 2195 alietio.
1161 2130 1346 2219 Corruptus
1365 2142 1421 2202 est

223 2232 442 2321 Xenophontis
475 2230 565 2296 loeus
596 2249 692 2315 quaem
735 2232 877 2316 prinlum
909 2232 1019 2299 attulit
1051 2253 1091 2301 eu
1129 2234 1267 2303 Anabasi
1290 2236 1350 2305 111.
1373 2260 1419 2307 m.

226 2344 278 2406 15.
325 2337 543 2419 Τισσαφέρνης
568 2335 712 2418 έπεφοὶνη
733 2334 782 2410 ote
806 2362 841 2403 πε
866 2338 960 2412 αὐτὸς
993 2340 1111 2415 ἱππέας
1141 2338 1230 2417 ἦλθεν
1251 2342 1337 2428 ἔχοιν
1359 2347 1418 2413 ul

223 2447 278 2519 τὴν
302 2442 446 2524 Ὀρόντου
470 2443 619 2519 δύναμινι
653 2438 731 2506 llaec
753 2442 838 2507 enim
868 2443 941 2528 quis
973 2446 1059 2511 serie
1089 2446 1199 2514 eredat
1227 2448 1420 2535 significare

221 2547 271 2623 ούς
295 2573 331 2613 τε
354 2548 448 2619 αύτδς
482 2546 600 2617 ἱππέας
626 2540 714 2619 ἦλθεν
733 2546 815 2628 ἔχων
841 2547 969 2637 (ἔχων),
993 2559 1050 2617 aut
1079 2553 1112 2617 in
1141 2553 1196 2619 tali
1228 2572 1265 2621 re
1283 2554 1417 2645 ellipsin

222 2653 340 2720 ltahem
364 2650 495 2718 locutu?
544 2652 606 2737 Qui
632 2659 734 2717 totum
759 2651 864 2718 loeum
889 2654 1093 2739 perpenderit
1123 2656 1279 2726 fatebitur
1299 2681 1415 2731 verum

223 2779 294 2825 esse
318 2776 408 2843 posse
442 2764 498 2822 eut
530 2757 675 2839 έπεφοὶνη
699 2757 770 2830 πούς
801 2782 836 2823 τε
860 2760 954 2833 αὐτὸς
979 2763 1075 2828 αὑτοῦ
1109 2764 1229 2839 ἱππέας
1252 2765 1338 2849 ἔχων
1360 2770 1417 2837 nl

224 2869 280 2942 την
311 2863 454 2945 ὀρύνπου
480 2861 610 2941 δύναμιν
636 2869 692 2928 aut
716 2862 836 2948 aliquid
871 2861 1079 2945 huiusmodi,
1114 2867 1168 2935 seul
1198 2870 1288 2937 nulle
1323 2884 1419 2961 paeto

227 2970 293 3038 iteri
322 2988 433 3055 pesse,
466 2976 502 3033 ut
537 2967 744 3052 participium
771 2969 802 3032 in
828 2967 933 3034 ueritis
967 2968 1017 3044 οὓς
1047 2976 1141 3049 αύτδς
1173 2974 1263 3053 ἦλθεν
1292 2978 1415 3063 ἔχειν,

226 3077 257 3142 iul
289 3084 339 3141 est
365 3072 416 3149 οὓς
447 3074 542 3147 αὐτὸς
574 3072 718 3151 ἤγαγεν,
755 3071 853 3138 ullam
887 3076 951 3141 vim
985 3088 1114 3144 exserat
1148 3080 1180 3146 in
1210 3086 1415 3155 aeeusatims

225 3183 343 3255 ἱππέας
356 3189 387 3247 et
400 3182 454 3257 τὶην
467 3178 611 3261 Ὀρόντου
634 3178 773 3258 δύναμιν.
806 3178 917 3245 Simile
939 3179 997 3247 ltee
1017 3191 1065 3249 est
1079 3182 1195 3252 Sosiltii
1214 3199 1417 3271 eenttnente,

225 3285 428 3373 quodquam
453 3302 572 3349 vatiaum
597 3291 681 3347 esset
703 3282 901 3369 lepidissimo
926 3286 994 3352 ioeo
1019 3288 1220 3358 Ptolemaeus
1254 3294 1415 3365 l'ltilatlel·

228 3392 312 3478 pluas
347 3389 579 3455 ‹leunenstrauit
615 3386 700 3474 aputl
736 3389 852 3456 Athen.
876 3391 929 3459 xt.
962 3412 992 3478 p.
1015 3398 1079 3459 495
1115 3395 1152 3462 u.
1200 3396 1236 3464 ln
1273 3399 1415 3470 seeundo

226 3495 297 3561 loeo
322 3492 562 3579 Xenophontis,
588 3513 651 3578 qno
675 3493 859 3560 llindmlms
885 3498 1006 3575 utitur,
1030 3499 1212 3569 llttalmseos
1235 3503 1289 3572 tv.
1311 3528 1343 3574 v.
1363 3514 1413 3577 tt.

226 3602 278 3668 διὶο
300 3602 336 3666 τὸ
359 3600 572 3664 ἐκλελοιπέναι
597 3597 701 3664 αύτύθι
726 3600 781 3674 τὴν
815 3600 908 3682 χιύνα
932 3602 1051 3684 εἴκαζον
1075 3607 1259 3689 τετηκέναι,
1291 3612 1414 3698 puerile

228 3716 278 3772 est
301 3702 471 3791 cogitando
504 3701 654 3789 supplere
687 3704 754 3791 (την
788 3706 894 3794 χιύνα)
927 3707 1045 3791 εἱκαζον
1069 3714 1242 3788 τετηκέναι.
1289 3716 1414 3807 linquid

226 3820 335 3879 autem
371 3817 419 3875 est
453 3806 673 3895 pem‘ulgatius
696 3830 794 3895 quam
826 3814 923 3888 αύπύν
947 3814 980 3877 iu
1016 3814 1071 3881 tali
1103 3816 1173 3884 leco
1195 3822 1332 3891 otnittil
1377 3824 1412 3891 lu

226 3916 355 3984 lliealmi
379 3914 449 3981 loeo
472 3914 528 3981 lll.
550 3917 581 3979 8.
607 3912 652 3977 nil
674 3932 744 3980 esse
768 3917 917 4001 paraesttlii
939 3920 1100 4007 intelliges
1123 3922 1219 3991 uerba
1241 3928 1290 3995 sie
1311 3938 1414 3997 tiana·

225 4020 392 4109 ponendo:
415 4023 448 4087 ού
469 4022 686 4101 ουνεχύρησαν
707 4022 742 4085 ἐκ
767 4022 912 4105 διαδοχῆς
932 4028 1200 4106 μεταλαμβάνειν
1219 4041 1277 4109 τῆς
1300 4034 1413 4119 μάχης

224 4130 293 4200 τοὺς
325 4125 477 4199 εἱοθθτας.
527 4122 631 4190 Verba
667 4124 845 4193 Pausaniae
875 4128 914 4194 ll.
943 4135 994 4196 17.
1021 4136 1052 4197 7.
1091 4132 1228 4203 uitlieule
1258 4148 1412 4229 conrupta

223 4240 319 4298 sttnt:
346 4231 533 4321 (κατεκαύθη
557 4233 592 4296 τὸ
615 4232 739 4312 Ἥραιον
761 4234 817 4307 την
845 4234 954 4313 ἱέρειαν
978 4239 1112 4319 Χρυσιδα
1138 4240 1233 4309 ύπνου
1264 4262 1412 4313 καταλα-

220 4335 342 4424 βόντος)
375 4336 463 4402 θτεύ
492 4334 609 4417 λύχνος
633 4338 647 4401 ἱ
675 4338 732 4417 πρὶ
767 4345 824 4404 τῶν
859 4342 1097 4423 ςεφαναμοὶτων
1130 4346 1269 4427 ἥπτετο,
1306 4350 1339 4417 id
1363 4358 1412 4419 ast
