2940 5010
643 298 707 361 489

127 468 297 539 Articulus
327 488 495 558 perperam
520 468 667 537 adhaesit
697 476 789 555 §3⁷-
821 479 860 553 τῇ
884 472 911 537 δ’
937 471 1066 555 despota
1094 472 1137 560 [ό]
1165 481 1270 556 Korna·

19 628 23 633 .
76 574 179 653 τόδης
201 576 282 657 μέν,
307 595 382 642 nam
410 576 457 643 sie
482 576 575 655 ομὲν
607 576 796 658 Respondeas
821 573 927 641 iuerat
951 575 1168 643 scribendum.
1216 577 1258 646 Se

75 680 145 749 mel
167 681 311 749 occurrit
341 682 374 746 in
405 681 600 748 Graecorum
633 681 724 747 libris
758 679 948 747 voeahuiunr
982 681 1174 762 δόσμεοσις,
1207 704 1271 769 quo

75 784 255 874 Xenophon
282 788 316 853 in
344 786 455 854 eudem
480 788 498 869 ἓ
522 788 627 853 ulitur
649 786 858 866 καταθέμενος
889 789 928 861 ὥς
961 786 1012 853 ἐπὶ
1039 786 1271 867 δάσμευσιν.

75 890 263 981 Hesychius
294 891 545 971 Δοόσροεοσιςτ
569 894 730 975 δικόρεσις,
752 892 837 981 quud
860 913 898 961 ex
919 891 977 958 hoe
1003 893 1071 979 ipso
1093 892 1162 959 loco
1181 914 1270 962 sum·

73 1003 160 1065 tum.
207 996 320 1064 Melius
349 1017 408 1084 pro
440 998 583 1080 διαίρεσις
615 997 751 1065 dixisset
785 999 933 1079 διονομή,
967 1017 1106 1085 namque
1142 1000 1269 1079 δκόοροοιι

74 1110 129 1169 est
150 1100 301 1183 διοονὲροιο,
325 1103 512 1185 δικροερόζιο,
537 1103 622 1169 unde
644 1104 680 1169 πδ
704 1103 836 1183 διόσροοο,
863 1102 948 1189 quod
969 1103 1054 1190 apud
1075 1103 1179 1169 solum
1205 1105 1269 1172 He-

71 1206 227 1297 sychium
258 1216 363 1275 exsiai
398 1207 621 1288 Δοόσροοοποιε
658 1209 903 1291 δικμερίσροοιποο.
961 1207 1042 1275 iiiuc
1076 1211 1267 1291 δοισμεόειν,

72 1310 163 1401 quod
186 1332 345 1401 nusquam
378 1322 562 1400 comparet,
594 1322 627 1379 et
650 1312 830 1393 δόσμεοσις.
879 1313 945 1381 Hoo
969 1334 1097 1402 quoque
1127 1314 1265 1381 voeabu-

71 1416 144 1485 lum
168 1418 286 1485 Attieis
316 1420 509 1485 inusitatum
533 1417 573 1485 ab
602 1418 733 1486 lonibtrs
766 1428 823 1485 aut
848 1419 985 1485 [loribus
1017 1420 1136 1486 sumsit
1163 1420 1267 1487 Xeno·

72 1520 173 1611 piton.

120 1625 261 1695 Mende
286 1636 336 1695 est
363 1628 498 1696 molesta
521 1628 635 1717 copula
660 1631 796 1697 minime
817 1630 1041 1717 coniungenda
1064 1631 1264 1717 coniungens

70 1734 110 1799 in
140 1736 233 1821 541.
266 1737 439 1815 οὶνοιλοιβὼν
473 1736 516 1802 rai
540 1738 635 1816 ιἐρεῑοο
667 1737 760 1819 ἀπῄει
785 1736 868 1825 [nai]
897 1739 951 1811 τὴν
975 1737 1150 1818 sparnone
1175 1738 1265 1824 einer·

69 1838 159 1917 τόν,
182 1838 215 1905 id
244 1848 295 1908 est
316 1842 434 1907 οὶπεῒπε
461 1843 516 1917 τὴν
540 1841 715 1922 ςροοπκνίοον
746 1843 798 1907 nni
831 1844 936 1923 ἀπῄει.
985 1839 1061 1907 Sine
1085 1841 1163 1906 viiio
1187 1841 1264 1927 legi·

69 1952 130 2011 tur
151 1943 176 2011 l.
202 1964 224 2011 1.
250 1950 281 2011 7.
312 1946 482 2024 ὑπολοιβόιν
515 1946 586 2021 ποὺς
615 1946 795 2029 Φεύγοντος
825 1945 981 2023 σνλλέξκς
1006 1946 1171 2028 ςροότενροοο
1194 1947 1264 2012 ἕπο·

67 2046 185 2131 λιόρκει
216 2052 380 2129 Μόλκσον,
416 2050 448 2116 id
480 2058 529 2116 esi
560 2053 727 2133 ὑπολαβὼν
758 2050 902 2129 συνέλεξε
926 2090 971 2101 -
991 2052 1044 2118 aad
1083 2051 1262 2132 ε’πολιόρκει.

68 2152 275 2246 Saepissime:
306 2154 372 2221 vidi
412 2155 467 2221 κκό
502 2164 630 2243 praeter
664 2157 856 2224 sententiam
889 2177 907 2223 a
938 2156 1054 2223 scribis
1094 2154 1263 2242 interpola·

70 2268 156 2327 tum.

114 2364 280 2453 Nusquam
307 2365 371 2431 vidi
396 2368 451 2433 κοό
477 2365 639 2433 infelicius
662 2377 694 2433 et
718 2388 792 2433 crim
817 2368 938 2433 maiore
962 2366 1139 2432 sententiae
1162 2365 1261 2433 detri-

68 2478 181 2539 mento
212 2468 357 2537 additum
395 2491 491 2557 qnam
526 2472 612 2559 apud
644 2472 816 2540 diodorum
853 2472 997 2540 Siculum
1020 2472 1102 2537 xlv.
1130 2476 1203 2539 101.
1234 2475 1261 2537 oi

65 2578 103 2645 δὲ
127 2576 245 2660 Θούριοι
267 2614 314 2627 -
336 2576 387 2643 aot
419 2602 505 2644 τινοιν
536 2582 628 2648 ςενῶν
659 2579 712 2644 κοιὶ
740 2581 941 2660 οὶποκρήρονοιν
962 2579 1032 2644 tado
1057 2579 1261 2659 ἐπορεόόκσοιν

64 2682 251 2763 βουλόμενοι
281 2686 357 2749 λοιόν
390 2683 475 2769 [nai]
507 2683 597 2749 πόλιν
632 2686 799 2764 εὖδιιίριονκ
835 2693 1045 2767 πολιορκῆσοιι.
1102 2681 1191 2765 Quod
1227 2684 1261 2748 in

63 2806 105 2855 eo
132 2787 202 2855 loeo
232 2797 321 2855 neria
352 2788 577 2855 emendatione
610 2789 828 2876 reponendum
864 2809 933 2857 esse
968 2788 1260 2855 animadverteram

64 2894 272 2963 aliindordn
295 2914 422 2981 quoque
453 2903 619 2983 repertum
653 2916 722 2962 osse
758 2896 870 2971 video,
905 2916 1019 2982 nempe
1051 2899 1136 2961 Λῖοον
1169 2894 1260 2959 πόλιν

62 2999 244 3081 εὖδοοόμονοι.
275 3004 362 3076 Αἶνος
384 2999 537 3088 oppidum
563 3001 594 3065 in
621 3021 656 3067 ea
687 3002 805 3066 vicinia
831 3021 892 3065 non
918 3010 968 3066 est
995 2999 1143 3085 ignobile.
1190 2999 1259 3064 Non

63 3106 176 3173 minus
206 3105 414 3173 manifestum
451 3115 499 3172 est
532 3106 666 3173 eandem
704 3106 850 3172 voculam
887 3107 1071 3192 importune
1104 3106 1260 3168 insertam

61 3230 137 3279 οπο
175 3211 208 3278 in
250 3212 394 3278 oratione
431 3213 537 3300 prima
571 3215 643 3278 κοτ’
682 3213 920 3294 Ἀριςογεότονος
957 3209 981 3300 §
1015 3216 1056 3276 47
1090 3212 1169 3290 βοοῖν
1204 3210 1257 3274 uei

60 3318 221 3401 κεκραγὼς
259 3316 342 3406 [zai]
373 3319 418 3384 tot
454 3319 520 3395 tad,
553 3318 648 3385 πάντ’
679 3317 741 3383 ἄνω
764 3342 800 3383 πε
826 3317 879 3382 uxi
904 3315 989 3382 κοόσιο
1015 3321 1104 3381 ποιῶν
1132 3316 1162 3379 ἕν
1185 3322 1258 3387 ποιός

59 3424 253 3501 ἕκοιλνσόοις.
305 3424 534 3510 coniungenda
573 3444 642 3490 esse
682 3424 841 3505 κεκραγὼς
882 3422 927 3487 iod
962 3422 1029 3497 iod,
1067 3430 1099 3487 et
1132 3440 1187 3507 per
1223 3442 1258 3485 se

59 3528 143 3597 antis
176 3530 385 3617 perspicuum
430 3538 479 3595 est
512 3538 544 3597 et
585 3529 788 3596 eoniirmahit
829 3526 1061 3614 Aristophanes
1105 3528 1137 3591 in
1176 3527 1257 3591 Pace

58 3654 107 3701 νε.
134 3638 212 3702 545.

104 3740 144 3807 ln
164 3738 234 3806 Vll.
256 3760 290 3807 ιι.
314 3746 345 3807 5.
369 3744 395 3808 οἱ
416 3742 475 3822 μὲν
497 3744 539 3808 roi
564 3741 649 3809 όπλκ
671 3740 882 3821 ἀποδιδόμενοι
908 3740 1088 3815 ἀπέπλεον,
1113 3737 1257 3803 rescribe

57 3844 265 3927 ἆποδόριενοι,
288 3846 577 3934 proficiscebantur
600 3849 709 3927 eninr,
734 3855 770 3914 ut
799 3848 932 3935 opinor,
967 3846 1067 3911 armis
1092 3840 1252 3919 venditis,

56 3970 123 4019 non
158 3972 250 4018 ormo
282 3954 456 4019 vendentes.
517 3955 684 4019 Praeterea
720 3954 752 4017 in
794 3954 913 4017 norisio
951 3951 1053 4017 iorma
1093 3946 1253 4025 ἀπεδόμην

55 4064 201 4123 utuntur
223 4055 298 4123 boni
328 4059 524 4146 scriptores,
550 4060 582 4125 in
607 4056 748 4147 perfeeto
779 4057 946 4140 πέπρκκκ,
978 4057 1012 4121 in
1037 4053 1198 4141 praesenti
1220 4061 1253 4117 ot

53 4160 169 4229 tuturo
193 4170 285 4229 πολῶ
307 4172 339 4230 et
359 4167 503 4242 πολόσω.
552 4164 587 4229 ln
612 4164 678 4244 §d
703 4163 825 4250 legitur
856 4163 1015 4233 ἕπιςέλλει
1043 4198 1087 4212 -
1112 4158 1252 4224 οὶποδό-

54 4268 199 4337 σόοιι.ό
229 4268 261 4336 δὲ
289 4269 458 4351 Κλὲοινδρος
482 4269 588 4336 οὐδένοι
622 4268 857 4351 ἐπεπράκει,
891 4278 923 4335 et
947 4268 1014 4333 Vll.
1042 4286 1089 4331 ιιι.
1115 4270 1145 4331 3.
1178 4263 1249 4330 οὔτε

1019 4378 1046 4417 ιο
