2940 5010
648 281 712 342 519

76 460 213 543 petunt.
255 450 361 519 Stulte
386 452 473 517 errim
506 450 625 536 legitur
650 450 688 517 V.
715 472 757 517 tv.
785 458 814 518 l.
860 452 1097 532 Λακεδαιμόνιον
1118 457 1179 523 οὐδ’
1210 459 1266 541 ὑφ’

77 560 166 635 teir
189 562 249 625 τῶν
268 558 393 625 adnm
411 558 572 639 οξνέρώτοον
592 557 811 639 κρατηθέντες,
836 560 927 644 quasi
949 580 1031 625 nous
1054 558 1148 627 lromo
1172 561 1266 650 Spar·

78 672 178 731 tanos
211 662 340 730 sineere
373 664 539 750 potuisset.
594 661 670 728 Sine
701 682 791 728 mora
818 683 934 750 repone
962 683 1001 730 ex
1028 665 1159 734 Photio:
1194 669 1268 735 οὐδ’

78 768 148 851 ὑφ’
169 764 261 833 ἕνον
284 770 345 835 τῶν
365 771 489 835 edrone
512 767 681 850 οὶνέρώτοον.
729 767 787 833 Est
805 786 919 853 operae
939 770 1078 855 pretium
1096 770 1269 857 diligenter

81 872 343 943 animadvertere
366 892 462 959 quam
487 892 581 961 saepe
602 875 635 939 in
661 872 775 960 plurali
803 873 918 947 οὐδένες
949 873 1073 941 scribae
1097 874 1176 963 lapsi
1201 881 1268 946 sint

80 978 136 1047 vel
160 980 268 1067 potius
286 980 407 1064 seripta
428 978 580 1045 Veterum
605 977 810 1065 impudenter
828 978 1085 1064 depravaverint.
1133 983 1178 1049 lle
1200 983 1266 1069 plu·

79 1084 180 1153 rimis
204 1082 305 1161 lonis,
340 1082 393 1149 ulti
422 1083 502 1149 milri
531 1083 608 1149 haee
640 1082 728 1149 iraus
760 1084 981 1151 animadversa
1001 1095 1033 1152 et
1057 1095 1165 1155 notata
1197 1097 1266 1168 est,

79 1208 172 1259 aune
194 1208 313 1277 pauoos
334 1186 489 1255 delibabo.
537 1188 632 1276 Apud
656 1187 901 1256 Demosthenem
928 1190 968 1256 de
987 1191 1110 1259 Corona
1133 1214 1164 1281 p.
1185 1199 1263 1264 set.

77 1294 220 1385 legitur:
251 1296 277 1361 el
305 1293 332 1360 δ’
362 1289 420 1367 οἶος
448 1295 510 1372 ἐγὼ
537 1297 611 1377 παρ’
639 1296 712 1373 ὑμῖν
743 1290 785 1368 εἷς
809 1296 840 1359 έν
870 1294 968 1379 έκοέςη
998 1303 1057 1362 τῶν
1079 1302 1266 1375 Ἐλληνίδων

77 1400 202 1469 σέλινον
223 1402 297 1483 (trip
320 1398 443 1479 ἐγένετο
461 1436 507 1449 -
522 1400 616 1474 οὐδεὶς
635 1399 706 1465 οὔτε
725 1405 783 1465 τῶν
806 1398 864 1476 ἔξω
887 1408 996 1467 Πυλῶν
1020 1404 1177 1479 Ἑλλήνων
1194 1404 1265 1471 οὔτε

78 1508 143 1575 rav
158 1504 230 1574 εἶτον
248 1514 313 1579 τοῖς
338 1510 467 1588 τηροῦσι
489 1514 595 1579 κοινοῖς
613 1506 755 1587 ἐκέχρηντ’
780 1503 837 1580 ἄν,
864 1504 917 1571 ubi
943 1525 1028 1573 tinus
1046 1510 1190 1575 omnium
1211 1530 1264 1598 op·

78 1612 186 1679 timna
203 1612 297 1680 testis
323 1610 488 1677 Parisinus
511 1608 543 1675 S.
568 1611 708 1676 servavit
731 1611 890 1691 ἐκέχρηντ’
914 1607 963 1675 ἄν.
1011 1609 1151 1697 Optime:
1176 1635 1265 1681 nam·

79 1736 148 1805 quo
169 1734 232 1783 nou
255 1715 295 1783 de
315 1714 516 1801 singulorum
537 1713 703 1780 hominum
728 1714 914 1781 infortuniis
931 1714 1010 1781 haee
1034 1716 1188 1785 dicuntur
1210 1721 1267 1789 sed

79 1820 125 1891 tle
141 1820 331 1911 populorum
351 1828 384 1886 et
405 1820 587 1887 eivitatium
600 1818 848 1886 calamitatibus.
884 1819 996 1905 ltaque
1007 1822 1161 1891 emenda:
1185 1827 1266 1894 οὐδέ-

79 1952 134 2005 τις
151 1928 223 1995 οὔτε
245 1929 305 1995 τῶν
328 1924 386 2004 ἔξω
412 1932 522 1993 Πυλῶν
542 1928 698 2002 Ἑλλήνων
723 1964 766 1977 -
787 1925 946 2007 ἐκέχρηντ’
972 1922 1022 1992 ἄν.
1069 1928 1173 1996 Paene
1196 1951 1265 1999 oer-

80 2032 195 2101 aimus
216 2033 320 2101 oeulis
340 2030 449 2099 lrrtiles
471 2029 664 2106 Graecatim,
688 2030 744 2116 qui
770 2030 925 2096 mirantes
944 2029 1022 2115 quid
1043 2042 1127 2099 esset
1149 2037 1265 2113 οὐδένες

81 2136 250 2225 μήπθρῑο
279 2138 375 2212 οὐδείς
401 2136 638 2203 substituerunt
661 2134 715 2201 sed
745 2135 903 2217 ἐκέχρηντ’
928 2133 968 2200 ἴον
995 2135 1196 2224 reliquerunt
1219 2143 1266 2208 in-

79 2250 219 2311 metum.
243 2242 435 2329 Supervenit
451 2240 534 2308 alius
545 2241 601 2328 qui
616 2248 803 2325 corruptum
820 2241 914 2314 οὐδείς
928 2242 1100 2319 retineret,
1121 2246 1266 2316 iuoorru·

79 2355 177 2437 ptam
210 2347 369 2431 έκέχρηντ’
398 2344 436 2413 ἄν
466 2346 551 2412 ultro
582 2354 812 2431 corrumperet.
860 2346 995 2411 Prorsus
1025 2346 1110 2415 idem
1143 2350 1265 2421 lactum

78 2460 133 2521 esi
160 2452 246 2541 apud
282 2450 527 2520 liemosthooem
564 2471 593 2537 p.
621 2455 706 2530 233,
733 2454 774 2525 i,
807 2448 861 2515 ubi
886 2451 920 2514 in
948 2451 1024 2517 Coti.
1056 2452 1088 2519 S.
1121 2454 1264 2541 legitur:

79 2558 239 2641 τμσβεέι
260 2558 334 2640 πρὸς
362 2558 496 2624 οὐδένα
530 2557 736 2634 infrenatam
760 2562 818 2621 τῶν
842 2558 1022 2635 Ἑλλήνων,
1056 2558 1266 2645 ineptissime.

81 2666 147 2733 l’er
178 2662 280 2730 multa
311 2662 438 2729 saeeula
469 2681 530 2727 non
558 2663 667 2727 minus
697 2660 826 2726 evidens
856 2662 970 2729 vitium
1006 2662 1102 2729 elusit
1133 2665 1269 2737 Critioos

80 2766 171 2857 apud
198 2767 361 2837 nemmtn.
391 2788 421 2855 p.
448 2773 511 2845 14,
539 2771 588 2833 t9.
617 2770 771 2848 χρήματα
795 2768 867 2845 ὑμῖν
891 2766 952 2835 έςνν
975 2763 1034 2833 ὅσοι
1059 2771 1177 2854 οὐδενὶ
1208 2781 1268 2840 τῶν

79 2872 209 2953 ἄλλων,
233 2872 288 2939 ubi
312 2874 497 2961 nuperrime
529 2871 692 2938 llindortio
717 2870 805 2936 trans
828 2870 989 2950 saintois,
1021 2876 1076 2958 qui
1102 2878 1268 2947 verissime

79 2978 215 3049 οὐδέσι
236 2984 296 3045 τῶν
317 2976 424 3045 ἄλλον
450 2977 642 3045 emendavit.
693 2977 755 3062 lpsi
782 2975 981 3061 Xenophonti
1017 2978 1113 3044 redde
1146 2980 1266 3049 Hellen.

79 3084 108 3153 Ι.
123 3104 154 3153 v.
180 3088 212 3153 9.
235 3080 317 3158 ὅπως
332 3091 392 3150 τῶν
415 3086 570 3160 Ἑλλήνων
591 3082 759 3161 μηδένες
784 3081 902 3161 ἰσχυροὶ
922 3078 1003 3147 ὦσον.
1049 3082 1136 3149 Goni.
1162 3086 1201 3155 V.
1225 3110 1266 3155 tv.

82 3194 139 3259 2⁰.
186 3188 321 3257 notras
344 3188 384 3255 de
403 3208 439 3255 ea
471 3208 506 3255 re
531 3188 694 3253 annotatio
724 3186 885 3271 adscripta
907 3195 956 3251 est
978 3187 1017 3252 ad
1046 3188 1268 3259 Demosthenis

80 3294 322 3363 ntmoemteam
357 3314 387 3380 p.
409 3298 491 3370 tat,
515 3298 576 3370 25,
601 3292 656 3358 uli
677 3290 845 3357 nortrtullos
865 3291 950 3357 loeos
984 3291 1125 3370 indicat,
1152 3298 1268 3381 quibus

17 3422 23 3431 ·
79 3400 201 3475 οὐδένες
221 3406 309 3467 reete
337 3400 494 3485 seriptum
516 3408 631 3465 exstat.
678 3396 891 3463 Obscuratum
913 3405 962 3462 est
986 3398 1017 3464 in
1042 3398 1157 3485 lapsine
1181 3400 1268 3471 Orat.

81 3504 125 3575 ll.
145 3508 203 3573 26.
225 3505 322 3579 οὐδεὶς
340 3511 400 3571 τῶν
418 3501 524 3571 ἄλλων
543 3504 654 3570 ἔδεισεν
678 3504 751 3583 ὑπὲρ
773 3508 827 3568 τοῦ
852 3504 1019 3581 μέλλοντος
1039 3506 1173 3572 κινδύνου
1193 3511 1269 3576 ἀλλ’

80 3610 276 3685 ἐκκέαντες
299 3611 373 3693 ὑπὲρ
402 3618 458 3685 τῆς
487 3611 587 3675 οοὺτῶν
619 3610 788 3689 ἐλευθερίης
812 3608 956 3686 ἤοέηοοον.
1004 3609 1164 3678 lliouotur
1191 3613 1269 3683 liaeo

81 3714 125 3783 da
144 3714 299 3783 Graeciae
317 3713 461 3802 populis,
485 3715 541 3800 qui
564 3734 689 3801 pugnae
712 3712 929 3779 llaratlrooiae
950 3733 1012 3779 non
1037 3715 1269 3799 interfuerunt,

81 3840 187 3909 quara
209 3819 415 3887 scribendum
448 3820 628 3885 necessario
658 3827 707 3885 est
731 3820 846 3892 οὐδένες
873 3820 932 3884 τῶν
962 3815 1068 3883 ἄλλων
1091 3822 1210 3889 ἔδεισαν
1237 3835 1270 3891 et

80 3930 132 3995 sie
154 3922 289 3994 demum
310 3933 398 3993 rents
421 3933 453 3992 et
476 3925 631 3991 ooneinoe
649 3923 779 3989 additur
801 3927 877 3989 aian·
900 3924 1088 3998 ἀκούσαντος
1111 3964 1157 3975 -
1179 3927 1271 4005 ἥσθη.

80 4054 157 4101 τιν.
204 4028 340 4120 Saepius
362 4030 473 4099 eodem
496 4029 590 4095 modo
614 4037 779 4115 peceatum
801 4028 968 4104 estoldi,
992 4027 1169 4114 dequibus
1193 4034 1271 4101 louis

78 4136 148 4207 aliu
171 4142 317 4224 tempore
348 4135 474 4203 dicam:
508 4135 592 4202 malo
619 4154 705 4200 nuno
729 4152 831 4200 unum
850 4131 956 4198 locum
981 4131 1122 4200 indicare
1144 4136 1199 4203 ubi
1219 4144 1270 4207 οὑ-

77 4242 168 4317 δέκες
197 4260 367 4329 perperam
400 4241 530 4329 legitur.
585 4241 642 4306 Est
674 4238 759 4325 apud
789 4237 984 4304 Herodotum
1021 4236 1268 4314 locustaria.

76 4344 222 4425 διέδεξαν
245 4344 292 4415 i'rt
321 4348 436 4421 οὐδένες
460 4346 522 4429 ἄρον
544 4348 644 4419 ἐόντες
667 4347 697 4410 ἐν
721 4346 879 4423 οὐδαμοῖσι
903 4344 983 4411 trior
1001 4344 1137 4419 Ἕλλησι
1162 4348 1269 4416 ἕνοοντε.
