2940 5010
647 279 711 343 aut

312 457 366 522 orla
389 453 451 525 ἔςον
473 451 536 527 droa
559 452 650 530 ἡδέως
673 452 769 533 ζητῶν
790 450 878 531 βιοῦν

313 562 457 628 είκλενοον
479 560 675 635 eireardccr'
698 558 788 624 οίλλδ
810 559 872 640 χρὴ
895 564 1005 623 πονεῖν.

82 666 253 737 Smtentia
289 666 458 733 verissima
492 673 563 742 cst,
593 663 647 730 sed
680 664 796 730 misere
836 661 996 731 claudicat
1027 663 1139 731 oratio.
1197 663 1266 731 Non

80 780 164 863 puto
194 770 369 839 absurdius
399 770 533 839 verbum
570 769 727 837 Graccum
768 768 846 853 fingi
876 776 934 835 aut
967 770 1142 856 excogitari
1175 789 1267 857 posse

83 898 183 967 quam
202 880 385 947 είσκτῖνσίοοο
408 884 479 954 est,
504 875 566 941 uisi
590 872 671 941 forte
686 874 879 952 ίκκτῖισίον,
902 874 987 961 quod
1005 875 1098 962 plane
1120 875 1266 943 eiusdem

82 990 134 1051 est
157 984 277 1073 pretii,
302 982 405 1051 idest
427 979 559 1047 nullius.
606 978 675 1046 Noli
691 977 823 1047 credere
845 979 1032 1067 Euripidem
1056 1001 1111 1049 eas
1129 981 1267 1068 ineptias

81 1086 230 1157 dedisse:
260 1098 317 1155 ΕΤ
342 1090 356 1119 ⁴
377 1092 391 1121 ⁴
413 1087 431 1117 ⁴
452 1088 468 1119 ⁴
490 1093 696 1153 ΕΚΤΗΣΔΤ
720 1085 898 1173 genuinum
920 1094 991 1165 est,
1014 1085 1099 1173 quod
1122 1086 1154 1152 in
1181 1085 1265 1152 hunc

81 1190 216 1263 notun
239 1202 310 1261 erat
331 1190 565 1280 supplendum:
648 1220 651 1225 ·

263 1296 402 1376 εὐδοξίαν
424 1298 573 1375 ἐκτήσατ’
595 1296 686 1361 ἀλλὰ
708 1298 770 1377 xil
792 1304 905 1365 πονεῖν.

83 1402 246 1477 Similiter
264 1406 299 1471 iu
323 1403 441 1471 ricinia
461 1410 629 1489 peccatum
653 1408 702 1468 est
726 1400 834 1470 ularii.
856 1402 972 1469 xxix.
998 1406 1051 1468 52.

265 1510 362 1583 οὐδείς
385 1508 508 1590 νδρῶν
530 1508 660 1591 faltonae
683 1508 811 1583 εὔκλείος
834 1508 909 1590 ἅννὶρ

266 1617 344 1682 ἀλλ’
365 1616 392 1681 al
414 1612 497 1680 πίνον
521 1613 657 1679 τίκτουσι
681 1615 735 1690 τὴν
759 1614 929 1695 stellatae.

81 1720 221 1789 minime
242 1720 406 1807 gentium:
436 1720 464 1785 ol
485 1717 567 1783 πίνον
587 1716 675 1783 aliud
698 1716 832 1804 quodvis
859 1719 966 1805 potius
995 1738 1109 1805 parere
1133 1728 1267 1807 possunt

83 1844 184 1915 quam
210 1828 267 1903 τίον
287 1825 461 1908 encolpius:
493 1821 572 1890 haec
596 1841 723 1909 quoque
751 1824 918 1911 perinepta
942 1824 1104 1910 scriptura
1131 1822 1266 1892 debetur

85 1930 174 2001 futili
203 1930 400 2006 surrecturi,
432 1930 467 1995 in
495 1928 590 1995 cuius
613 1926 719 1994 lacero
744 1927 853 1995 codice
871 1938 929 1997 ΕΤ
954 1929 969 1961 ⁴
995 1929 1011 1961 ⁴
1034 1939 1110 1996 ΙΑΝ
1138 1950 1267 2017 supern-

86 2046 161 2117 rat,
190 2036 227 2103 in
247 2055 312 2124 quo
341 2032 477 2113 εὐδοξίαν
503 2032 631 2100 latebat.
678 2034 723 2100 Ne
743 2032 892 2101 dubitem
918 2035 1021 2121 possis
1051 2035 1174 2122 inspice
1198 2036 1267 2102 Sto·

83 2140 157 2211 luel
188 2140 300 2211 stant.
320 2140 369 2207 tl.
392 2146 424 2207 l.
475 2140 559 2205 llum
592 2138 747 2206 Stobaeus
776 2141 887 2206 estin
924 2139 1072 2207 manibus
1103 2139 1269 2226 Sophoclis

84 2240 338 2337 fragmentum
329 2266 362 2313 an
383 2244 494 2313 eadem
519 2246 636 2312 vicinia
653 2252 816 2311 seruatum
838 2246 1025 2324 restituam,
1050 2247 1082 2311 in
1103 2264 1167 2332 quo
1189 2246 1269 2311 scri·

83 2352 148 2423 tac
169 2352 334 2441 primum,
360 2349 475 2417 deinde
505 2351 612 2418 critici
635 2370 742 2417 veram
766 2350 934 2416 lectionem
959 2350 1184 2417 obscurarunt.
1231 2350 1268 2417 ln

87 2456 419 2527 accusatura.
454 2456 804 2534 norissimusEditnr,
832 2456 1033 2533 licinelins,
1058 2456 1136 2525 haec
1161 2432 1269 2524 dedit:

315 2562 509 2647 Σοφοκλέους
531 2562 694 2629 Μοίντεων.

315 2668 410 2735 Oafror
433 2671 498 2733 ποθ’
522 2665 598 2748 ίίψεο
621 2664 722 2733 τῶν
702 2690 800 2747 expuo
823 2665 896 2734 ἄνευ
918 2668 1020 2735 πίνον.

84 2772 174 2863 quod
196 2774 230 2841 in
255 2773 348 2840 libris
371 2780 423 2841 est
446 2772 527 2839 odra
551 2775 617 2838 ποθ’
642 2770 706 2849 fier
737 2771 777 2838 de
807 2770 843 2839 0.
865 2773 1052 2839 Sclrueidcri
1084 2774 1269 2841 coniectura

84 2880 135 2949 sic
169 2878 319 2947 refluxit:
355 2876 546 2957 infeliciter,
582 2884 617 2943 ut
651 2876 732 2943 milri
770 2878 899 2964 quidem
931 2878 1078 2945 uidetur:
1113 2876 1268 2944 ἅπτεσθον

84 2992 147 3053 rna
170 2982 269 3067 ἄκρον
291 3003 350 3071 pro
367 2984 410 3049 nd
428 3004 551 3049 marma
570 2984 732 3070 peruenire
753 3003 814 3047 nnn
837 2992 886 3050 est
907 2982 986 3049 bene
1007 2983 1126 3051 Graece
1145 2981 1268 3050 dictum

83 3108 194 3179 neque
215 3088 296 3157 οὗτοι
317 3089 393 3157 ποτέ
417 3108 532 3155 sanum
550 3098 611 3155 est.
658 3088 820 3154 Emenda:

270 3194 408 3263 οὐδέποτ’
431 3192 533 3277 ἕΦίξεν
556 3199 615 3259 τῶν
639 3191 736 3275 alapae
759 3191 833 3259 ἄνευ
850 3192 954 3259 πίνον.

84 3298 154 3371 aed
175 3298 273 3369 redeo
294 3298 336 3367 ad
366 3299 438 3366 illos
470 3298 576 3375 locos,
610 3297 662 3363 ubi
697 3318 758 3363 non
785 3317 885 3384 pauca
910 3297 1066 3383 quaedam
1095 3298 1191 3367 uerba
1215 3321 1270 3369 au·

84 3404 203 3477 dacter
219 3414 253 3475 et
273 3404 477 3492 impudenter
495 3422 570 3469 cum
592 3405 770 3470 sententiae
790 3412 847 3471 aut
868 3404 1060 3471 Graecitatis
1077 3405 1274 3474 detrimento

81 3518 171 3581 suut
196 3510 443 3630 interpolatam
470 3508 598 3576 illorum
622 3508 746 3588 lucum,
781 3529 862 3595 quae
885 3511 917 3574 iu
945 3512 1083 3577 vetustis
1111 3514 1272 3579 membra·

87 3616 144 3685 uls
168 3616 310 3705 perrocio
333 3623 391 3682 aut
413 3614 576 3733 corruptis
598 3634 659 3679 nou
688 3614 827 3701 amplius
854 3614 1070 3701 apparebant,
1093 3617 1150 3683 sed
1171 3619 1272 3685 otiosa

84 3730 123 3791 et
147 3722 256 3809 inepta
286 3718 504 3787 additamenta
521 3705 638 3785 invitis
671 3719 816 3805 Tragicis
846 3719 978 3787 obtrusa
1010 3731 1107 3791 sunt.
1141 3726 1173 3789 iu
1209 3744 1273 3811 quo

87 3844 211 3917 genere
231 3822 307 3891 felix
327 3823 502 3892 multorum
522 3822 723 3910 exsplenduit
746 3828 924 3910 sagacitas,
949 3828 1004 3912 qui
1024 3830 1142 3914 passim
1164 3831 1272 3897 istius·

87 3928 180 4001 modi
199 3928 390 3999 emblemata
412 3938 501 3996 certo
525 3930 645 3995 iudicio
675 3928 872 4017 deprehensa
902 3930 1006 3997 doctis
1034 3935 1145 4020 utiquc
1168 3937 1232 3999 et'
1224 3956 1270 4000 m·

88 4036 235 4127 mincis
261 4032 435 4101 lectoribus
466 4041 532 4101 tam
561 4033 742 4103 luculenter
772 4035 1001 4115 confutarunt,
1035 4048 1072 4103 nt
1095 4045 1181 4105 stare
1204 4038 1272 4106 loco

88 4160 159 4213 nnn
180 4140 346 4229 potuerint
374 4147 407 4207 et
435 4140 468 4207 in
500 4144 678 4228 marginem
713 4141 876 4208 exulatum
908 4141 1056 4209 abierint.
1104 4144 1172 4227 Quo
1205 4166 1272 4213 sae·

87 4248 168 4339 pius
194 4253 304 4313 autem
333 4242 423 4315 fraus
447 4254 569 4315 retecta
589 4256 637 4314 est
660 4267 697 4314 eo
726 4230 853 4313 facilius
882 4256 930 4313 est
959 4249 1080 4316 slmiles
1110 4248 1271 4331 fallacias,

87 4350 199 4425 cunti
218 4350 324 4423 adhuc
347 4350 487 4434 lateant,
517 4352 706 4441 patefacere.
753 4354 963 4423 Praemittere
983 4355 1070 4421 iurat
1099 4353 1272 4443 deprehen·

1244 4649 1374 4738 Pa
