2940 5010
700 284 765 347 ⁶48

146 465 303 527 emtorem
325 456 463 544 quaerit,
495 455 690 523 ἀποδίδοσθαι
711 458 769 543 qni
788 455 923 543 reperit,
955 464 992 523 ut
1018 454 1136 527 Latina
1170 456 1317 527 venditore

144 573 176 632 et
206 561 348 628 vendere.
396 560 478 627 Hinc
511 560 705 647 intelligitur
725 559 884 650 quomodo
916 561 1105 648 accipienda
1134 562 1205 629 sint
1229 562 1317 633 ιεσδι

142 671 176 735 in
201 667 368 757 Symposio
388 665 470 731 vul.
493 669 552 731 st:
576 667 641 732 θθν
662 669 761 753 ἀγορᾷ
781 670 889 733 πωλῶν
912 666 966 733 ιιαδ
988 668 1221 749 ἀποδιδόμενος.
1244 668 1318 737 Hinc

143 776 241 842 etiam
267 771 383 838 melius
408 771 632 838 constituenda
658 782 735 839 sunt
758 792 840 860 quae
864 770 1037 839 deformis
1060 772 1318 843 usitatisvcrto

142 900 215 947 rom
250 888 364 945 πωλεῖν
398 885 431 944 et
465 880 660 945 ἀποδιδοσθαι
693 898 791 965 supra
824 879 1061 945 annotavimus.
1116 879 1316 959 Ἀποδθδοριαι

144 987 229 1053 enim
261 983 357 1049 habet
386 983 583 1063 ἀποδώσομαι
607 992 639 1049 ct
662 984 843 1064 ἀπεδθμην,
867 983 922 1051 sed
950 983 1129 1071 perfectum
1154 984 1319 1065 πέπρακε,

143 1092 232 1159 etin
258 1087 360 1155 forino
385 1090 508 1174 passiva
544 1089 729 1169 πέπραμαι.
762 1090 913 1171 ἐπροθθην,
945 1089 1151 1173 πεπράσοροαι
1176 1097 1211 1156 et
1239 1108 1321 1178 pne·

144 1217 219 1263 sens
241 1194 468 1275 πιπράοιιομαι.
515 1201 634 1261 Πωλεῑν
667 1192 927 1281 frequentissime
954 1215 995 1262 cx
1024 1197 1094 1283 ipsa
1126 1202 1249 1263 natura
1278 1194 1320 1263 nei

144 1303 254 1369 autin
278 1300 435 1387 praesenti
458 1308 600 1385 tempore
620 1306 677 1366 aut
699 1300 731 1365 in
753 1298 941 1387 imperfecto
963 1302 1126 1379 occurrit,
1151 1298 1210 1367 scd
1233 1298 1321 1369 hotot

144 1418 251 1473 tamon
283 1415 315 1471 ct
339 1406 479 1490 reliquas
511 1403 629 1470 formes
661 1424 699 1472 ex
731 1425 765 1471 se
798 1414 907 1485 natas,
939 1415 976 1474 ut
1005 1406 1157 1474 futurum
1189 1406 1320 1485 πωλήσει

143 1511 229 1599 apud
253 1508 498 1595 Aristophanem
526 1508 641 1575 Athen.
667 1529 696 1596 p.
718 1514 794 1575 tit.
819 1512 855 1577 Α.

325 1616 541 1690 ἐπηκολούθουν
564 1614 768 1694 κηντεβθλουν
790 1618 999 1697 προσκείμενοι

326 1719 400 1795 ὅκως
424 1722 504 1803 ἔχων
524 1721 576 1786 τὸν
599 1722 699 1788 παῖδα
723 1722 895 1798 πωλη’σει
919 1724 945 1796 ’ς
967 1723 1067 1800 Χθον,’

145 1826 179 1895 id
208 1835 258 1895 est
280 1827 471 1893 oentdo'tctum
502 1826 580 1905 iret,
610 1835 642 1893 et
673 1826 799 1914 passive
830 1828 1011 1903 πωλήσεται
1042 1825 1130 1914 apud
1161 1825 1318 1895 Eubuli!

145 1932 260 2000 Athen.
284 1952 315 2019 p.
341 1936 417 1998 640.
441 1931 475 1997 B.

326 2038 358 2103 ἐν
381 2039 424 2119 τῷ
451 2037 514 2119 νοὶρ
537 2038 622 2119 αὐτῷ
646 2036 737 2103 πάνθ’
759 2037 835 2117 ὁμοῦ
858 2039 1079 2115 πωλήσεται

329 2144 360 2209 ἐν
382 2152 453 2217 ταῖς
475 2143 618 2219 Ἀθήναις
641 2148 743 2220 σῦκα,
766 2151 938 2223 κλητῆρες,
960 2142 1086 2224 βθτρνς.

148 2249 253 2314 idest
283 2247 406 2313 venolio
437 2258 544 2323 erant,
564 2247 719 2313 venibant.
767 2245 850 2326 Quid
878 2248 921 2312 sit
954 2249 1153 2317 ἀποδίδοσθαι
1180 2256 1254 2319 τοῦ
1276 2252 1322 2319 εὖ·

145 2356 294 2435 ράνποι,
327 2361 359 2419 et
391 2353 475 2439 quod
500 2352 618 2437 iegitur
648 2354 679 2417 in
712 2350 881 2418 Aeschinis
912 2351 1105 2421 Timarchea
1129 2358 1149 2441 ς
1174 2358 1231 2423 96.
1262 2354 1321 2423 ott

145 2470 202 2535 τῆς
224 2459 317 2535 ἀξίας
338 2457 448 2528 ἕκαςον
470 2465 528 2523 τῶν
561 2458 729 2536 νσηροάτων
751 2494 797 2507 ·-
819 2458 910 2522 ἀλλὰ
933 2464 986 2525 τοῦ
1010 2459 1064 2536 ἤδη
1086 2461 1323 2542 εὑρίσκοντος

147 2567 327 2641 ἀπεδιδοπο,
358 2584 418 2629 non
453 2570 555 2648 potest
579 2563 695 2629 metius
719 2563 867 2647 cognosci
896 2582 992 2649 quam
1022 2583 1063 2630 cx
1088 2564 1199 2632 verbis
1230 2564 1324 2633 Thoa-

147 2669 272 2758 plnasti
308 2670 340 2733 in
373 2667 518 2733 Charact.
548 2667 614 2734 XV.
652 2675 680 2734 1.
716 2668 768 2733 καὶ
801 2670 941 2733 πωλῶν
976 2693 1007 2734 πι
1042 2671 1087 2750 μδι
1119 2671 1230 2749 λέγειν
1266 2678 1323 2745 τοῖς

147 2775 322 2854 ὠνουμένοις
359 2774 453 2839 πόσον
488 2772 527 2838 ἂν
562 2774 772 2848 ἀπόδοιτο,
805 2775 881 2837 ἀλλ’
916 2774 1029 2854 ε’ρωτῖιν
1056 2776 1098 2842 πθ
1132 2776 1323 2857 εὑρίσκει.

148 2880 208 2948 Ubi
243 2887 348 2946 emtor
374 2878 440 2963 ipsc
465 2879 510 2943 rei
543 2877 664 2945 venalis
697 2877 835 2964 pretium
869 2896 928 2944 suo
963 2878 1125 2947 artoitratu
1160 2880 1324 2949 constituit

147 2985 373 3074 quodcumque
398 2984 492 3069 pretii
517 2981 669 3050 obtuterit
692 2982 867 3060 venditori,
888 2991 945 3049 aut
968 2985 995 3049 si
1020 2983 1106 3071 quid.
1122 2986 1155 3051 in
1179 2988 1324 3055 auctione

148 3092 325 3180 plurimum
350 3088 487 3153 ticiaanti
512 3088 677 3155 addictum
701 3087 821 3165 suerit,
844 3087 928 3174 qnod
951 3090 1107 3175 pecuniae
1130 3110 1171 3159 ex
1197 3110 1238 3158 ca
1256 3109 1324 3159 ven·

148 3198 270 3264 ditione
295 3194 532 3271 redactumest
558 3192 737 3280 appellatur
764 3194 800 3259 σδ
825 3193 958 3273 εὑρίσκον
986 3192 1036 3261 vel
1057 3197 1093 3262 πθ
1118 3198 1225 3279 εάρθν,
1249 3195 1325 3263 mim

148 3323 214 3369 usu
234 3300 290 3367 scd
318 3299 510 3366 certissimo.
558 3299 674 3364 Mirum
707 3297 791 3364 enim
818 3318 881 3363 non
913 3308 961 3365 est
994 3320 1062 3366 rem
1088 3301 1215 3389 ipsam,
1249 3318 1325 3389 quac

149 3410 197 3474 sic
219 3405 403 3477 ventatur,
426 3403 490 3468 dici
514 3404 659 3485 εὑρθσιιειν
682 3405 775 3483 σιμήν
800 3412 857 3469 aot
889 3404 994 3471 simile
1016 3405 1117 3492 quid,
1140 3406 1197 3474 sed
1218 3410 1257 3475 σδ
1278 3408 1325 3475 εὖ·

148 3513 197 3596 ρθν
231 3511 293 3576 dici
326 3510 485 3597 pretium,
520 3508 604 3595 quod
642 3510 687 3574 rei
723 3510 770 3575 sic
804 3508 952 3576 venditae
987 3510 1134 3577 venditor
1169 3512 1325 3600 accipiat,

149 3637 250 3704 quum
281 3619 316 3681 σδ
349 3615 465 3695 εὑρεθέν
498 3616 604 3701 potins
631 3623 858 3700 exspectasses.
913 3614 974 3681 Sed
1001 3635 1127 3681 omnem
1157 3616 1324 3685 dubitatio·

148 3742 222 3789 nem
247 3721 393 3786 eximunt
419 3728 563 3786 vetustae
591 3719 1031 3807 inscriptiones,inquibus
1060 3730 1268 3789 TOETPON
1289 3740 1324 3791 ον

147 3847 243 3895 sensu
279 3826 492 3892 disertissime
524 3825 762 3910 scriptumest.
812 3826 883 3910 lpse
907 3824 1052 3892 Vcnctiis
1072 3826 1105 3891 in
1136 3826 1248 3894 Mosco
1270 3826 1324 3896 Sc·

147 3934 276 4000 minerii
306 3931 371 3996 vidi
404 3930 646 4016 inscriptionem
682 3927 876 3995 Rhodiacam
908 3929 1027 3996 editam
1059 3951 1078 3997 a
1109 3932 1270 3999 Boeckhio
1292 3934 1322 3999 in

148 4042 182 4107 G.
210 4039 235 4107 1.
265 4038 302 4105 G.
325 4037 364 4104 11.
400 4058 431 4123 p.
461 4026 544 4103 592b
576 4055 665 4121 sqq„
700 4036 731 4100 in
764 4056 828 4122 qne
861 4037 908 4102 sic
948 4037 1105 4124 scriptum
1140 4048 1207 4105 cst:
1242 4034 1264 4105 θ
1290 4062 1324 4107 σι

144 4145 352 4227 ἀρχερανιςοὶς
383 4141 435 4208 καὶ
460 4142 504 4208 τοὶ
535 4142 661 4220 λογιςαθ
687 4140 738 4208 καὶ
761 4143 775 4207 ὁ
800 4140 954 4216 ἐπιςοὶσας
983 4140 1014 4209 οἵ
1031 4167 1073 4209 κα
1101 4142 1151 4209 ἀεὶ
1183 4146 1215 4210 ἕν
1235 4146 1323 4231 ἀρχᾷ

146 4252 230 4318 ἔωνσι
251 4250 303 4316 καὶ
330 4247 482 4332 πριοὶσθων
502 4247 638 4331 ςέΦανον
660 4246 713 4313 καὶ
740 4248 893 4328 διλημνιον
916 4248 968 4316 καὶ
992 4250 1261 4334 ἀναγορεύσαντες
1282 4258 1324 4337 τᾷ

143 4357 277 4439 δεύτερον
