2940 5010
673 249 702 293 Vl

95 435 132 480 su
167 433 278 484 vacua.
337 414 500 482 hobraeus
534 422 567 481 et
601 414 784 483 Badhamus
815 422 1004 503 repererunt
1039 415 1110 481 vitii
1145 413 1279 490 sedem,

94 544 126 601 el
154 536 213 601 τῶν
245 536 427 619 ἀρχαίαν
461 534 642 619 συμμάχων
674 556 731 624 pro
762 542 901 619 Ἀχαιῶν
939 533 1176 615 emendarunt,
1213 553 1280 621 quo

95 653 180 722 lacto
200 657 311 723 statim
335 656 526 743 intelligitur
549 658 802 738 Λακεδαιμονίοις
822 665 894 745 post
916 655 1133 743 corruptelam
1154 675 1173 722 a
1197 656 1279 722 scio·

95 776 126 843 lo
151 785 270 843 temere
293 777 325 843 in
345 778 596 858 Λακεδαιμονίων
618 797 687 846 esse
708 777 868 845 relictum.
914 777 1007 844 lurat
1027 776 1171 844 eiusdem
1191 775 1280 844 lrau·

94 896 145 962 dis
168 896 371 964 simillimum
391 898 573 985 exemplum
595 918 753 986 apponere
777 919 796 966 e
819 898 931 965 Dionis
951 897 1170 987 chrysostomi
1194 904 1278 963 orat.

94 1019 203 1086 LXIV.
228 1039 258 1107 p.
280 1025 357 1086 341.
382 1019 491 1087 Reisk.
517 1019 678 1098 Fortuna,
712 1021 841 1107 inquit,
873 1019 987 1102 Κροίσῳ
1010 1019 1109 1086 δίδωσι
1140 1016 1279 1101 χρυσόν,

94 1140 260 1223 Κανδαύλῃ
282 1146 438 1220 γυναῖκα,
461 1177 507 1190 -
530 1139 687 1223 Σωκρατει
710 1141 874 1223 Φρόνησιν,
897 1139 1048 1224 ’Λριςείδρ
1069 1140 1278 1215 δικαιοσύνην,

95 1260 349 1339 Λακεδαιμονίοις
375 1260 432 1335 τίον
454 1260 620 1334 Ἀθηναίων
646 1260 820 1328 θάλατταν.
867 1259 1066 1347 intelligisne
1099 1258 1178 1346 quid
1210 1260 1278 1325 sil:

94 1385 112 1458 ἢ
146 1381 231 1463 τύχοι
266 1380 366 1447 δίδωσι
399 1381 654 1460 Λακεδαιμονίοις
686 1381 741 1458 τὴν
768 1381 934 1457 ’Λίιιναίοιν
971 1378 1160 1446 θαλαττανί
1197 1377 1280 1445 Cave

93 1499 227 1575 credas,
253 1518 328 1565 nam
352 1497 491 1566 absurda
514 1501 773 1586 scriptumest,
797 1520 880 1588 quae
912 1498 1048 1586 intelligi
1073 1519 1138 1565 nou
1161 1506 1279 1585 potest.

94 1620 214 1687 Verum
251 1618 332 1686 vidit
358 1618 563 1695 Dindorlius,
600 1621 657 1707 qui
691 1622 851 1688 correxit:
886 1621 1141 1700 Λακεδαιμονίοις
1182 1629 1280 1698 νῆν,

94 1741 326 1817 ’Λίνναίοις
367 1739 540 1807 θάλατταν.
599 1739 739 1807 illidens
774 1749 824 1807 est
859 1739 1041 1807 emendatio
1075 1748 1108 1807 et
1142 1737 1280 1806 stultum

94 1868 309 1928 correctorem
347 1870 493 1928 tenemus
525 1859 753 1938 manifestum
787 1862 969 1948 quiquam
1000 1859 1080 1927 alias
1104 1880 1156 1927 res
1180 1881 1280 1947 agens

95 1990 186 2049 ΤΗΝ
218 2001 276 2070 pro
307 1991 394 2048 ΓΗΝ
426 1981 647 2069 descripsisset
681 1985 737 2060 rhu
770 1982 938 2059 ’Λίοναίοις
958 1981 1122 2050 renunes
1160 1983 1193 2048 iu
1224 1983 1280 2058 rhu

95 2104 259 2179 ’Λίνναίιον
282 2101 446 2169 ίοίιιαοοαν
466 2104 624 2182 correxit,
648 2103 676 2170 si
700 2102 801 2169 hlusis
820 2102 936 2190 placet.
983 2102 1107 2169 Passim
1129 2103 1280 2169 incertis

98 2221 374 2291 emendationibus
392 2222 503 2290 eadem
528 2222 780 2289 homuncionum
806 2224 935 2289 minimi
965 2222 1061 2308 pretii
1081 2223 1205 2304 οὶκριοία
1229 2242 1279 2288 ar·

98 2346 231 2431 guitur,
254 2345 310 2431 qui
334 2343 420 2411 ultra
443 2363 544 2432 pauca
569 2341 665 2410 rerba
689 2342 733 2409 nil
754 2345 907 2431 sapiunt,
936 2351 969 2410 et
1000 2341 1055 2410 ubi
1076 2342 1188 2410 leviter
1208 2365 1271 2410 cnr·

97 2466 204 2551 ruptis
227 2463 359 2554 syllabis
383 2471 496 2530 contra
520 2462 581 2529 loci
602 2465 796 2530 sententiam
819 2463 1002 2531 vocobulum
1026 2464 1101 2531 hene
1127 2465 1264 2532 Graccus

95 2584 323 2652 substituerint
347 2584 424 2673 quid
449 2583 578 2652 tandem
602 2583 731 2651 dicatur
753 2604 857 2672 neque
885 2584 1070 2672 intelligunt
1093 2607 1198 2673 neque
1222 2607 1256 2653 cr

94 2713 178 2773 rant.
224 2705 362 2773 Istorum
387 2706 489 2793 igitur
509 2705 692 2772 temeritate
720 2702 841 2771 lactum
865 2715 915 2772 est
934 2715 972 2772 ut
996 2706 1091 2773 multi
1112 2706 1195 2784 loci,
1220 2707 1250 2772 ul

95 2829 247 2916 antiquae
268 2827 448 2912 scripturae
477 2824 630 2912 reliquias
660 2823 896 2911 interpolarent
925 2835 981 2895 aut
1012 2835 1154 2894 veterem
1188 2826 1237 2894 lac

95 2967 171 3019 nam
194 2945 293 3013 stulte
314 2943 545 3032 expleverunt,
578 2944 643 3009 iam
677 2964 780 3031 neque
804 2944 984 3032 intelligia
1015 2967 1175 3034 quoquam
1207 2969 1221 3034 p

97 3069 162 3134 sint
184 3087 289 3155 neque
312 3064 487 3134 emendari.
534 3064 686 3132 Grassata
708 3075 756 3133 est
778 3086 816 3133 ea
837 3065 925 3134 labos
956 3077 989 3135 et
1018 3070 1051 3134 in
1083 3067 1156 3135 aliis
1185 3088 1199 3133 r

96 3189 277 3256 Theocrito.
325 3187 483 3254 hleinelrio
515 3205 647 3274 prorsus
675 3188 833 3254 assentior
865 3187 987 3254 dicenti
1015 3191 1048 3254 in
1079 3188 1177 3255 Praei

96 3309 136 3377 ad
172 3307 401 3374 Theocritum:
438 3336 452 3365 »
469 3327 507 3372 ne
538 3307 641 3394 ipsum
674 3307 799 3394 quidun
834 3306 1093 3374 Volclturoerium
1114 3345 1159 3358 -

96 3432 199 3496 locum
225 3427 434 3516 difficiliorem
465 3428 510 3493 ι’ίο
543 3427 754 3513 expediatne,
785 3439 820 3494 ut
841 3429 1035 3516 acquiescere
1051 3431 1155 3517 possin

96 3572 190 3638 prtum
207 3549 368 3638 proposuit
391 3549 579 3627 sententio?
612 3548 667 3615 sed
689 3550 752 3616 erit
771 3548 943 3635 aliquando
967 3556 1093 3636 tempus
1115 3570 1146 3636 qr

97 3671 246 3738 bleinebii
270 3689 366 3756 opera
389 3671 423 3736 in
456 3669 624 3737 Theocrito
653 3669 852 3737 emendando
887 3667 1039 3736 collocata
1073 3669 1123 3736 ide

65 3795 74 3809 “·
97 3794 186 3860 cium
218 3790 350 3858 leretur.
397 3790 554 3879 Aequales
584 3800 617 3859 et
648 3790 818 3878 populares
848 3809 934 3858 nunc
962 3791 1097 3859 lleinehi

98 3915 240 3980 iecturas
264 3910 461 3991 laudabunt,
486 3921 522 3978 ut
545 3911 621 3979 olim
649 3911 939 3978 Valckenaerianae
960 3910 1090 3980 laudabo

99 4032 168 4100 dies
190 4034 377 4120 opinionum
400 4041 581 4099 commenta
605 4031 700 4099 delet.
746 4031 1022 4114 Quemadmodum
1046 4034 1090 4099 int

97 4163 233 4242 possunt
257 4153 374 4232 rerba,
400 4173 482 4242 quae
511 4152 595 4241 apud
618 4152 825 4221 Theocritum
845 4153 913 4222 XV.
937 4159 991 4223 95.
1028 4153 1069 4227 let

101 4278 205 4356 erton
237 4279 281 4357 uri
311 4300 362 4356 μοι
384 4275 491 4342 κενεὰν
514 4273 701 4360 incastus,
734 4276 779 4343 siu
813 4295 907 4344 nemo
935 4294 1047 4363 umquf
