2940 5010
715 262 777 325 178

334 437 367 502 τί
386 434 605 515 ὑτοτεκμαίρει
627 433 680 498 καὶ
705 441 806 509 κακῶς
828 432 941 516 ἄνδρας
962 436 1076 516 λέγεις’

333 542 566 621 ααλοιιοὶγαίεῒυ
587 540 772 614 ἀσκοῦντας.
802 548 836 605 Β.
856 539 930 622 alp),
955 538 978 609 ὦ
1000 540 1219 626 Θρασύμαχε,

333 649 382 722 τίς
403 651 493 714 τοῦτο
515 653 576 713 τῶν
594 643 765 727 ξυνιργίριυν
786 648 996 728 τερίρεύεταις

152 754 272 840 optime
301 752 357 823 ille
384 752 513 840 quidem
544 753 776 831 ιιιιλοιιιὶραίεῖν
806 754 950 840 reposuit
978 752 1033 820 scd
1063 752 1175 820 minus
1207 752 1303 822 lelicil

151 877 190 925 ex
208 858 348 941 τεριίεται
369 858 418 926 vel
437 860 598 940 τνρεύεται
618 857 730 925 elicuit
747 856 780 923 id
800 857 885 944 quud
906 857 1005 926 videa.
1051 858 1212 946 Equidem
1232 880 1304 927 eme

149 963 293 1030 dandum
313 984 382 1031 esse
399 965 602 1047 τερατεύεται
619 982 748 1041 censeo,
772 960 858 1050 quod
878 964 911 1029 iu
930 984 968 1031 ea
984 982 1021 1031 re
1037 964 1200 1053 imprimis
1215 985 1304 1053 appu

151 1078 222 1135 tum
251 1069 383 1137 verbum
421 1079 471 1137 est
499 1069 539 1136 dc
569 1070 625 1148 iis,
654 1070 710 1157 qui
740 1076 885 1136 monstra
916 1078 950 1136 ct
983 1078 1132 1157 portenta
1169 1070 1304 1138 verboru

149 1174 344 1262 loquuntur,
368 1176 461 1263 quale
484 1185 533 1242 ast
554 1174 614 1242 hoc
635 1176 742 1262 ipsum
766 1176 1009 1254 ιιιιλιιιιίναίετν.

194 1280 285 1362 Quod
303 1280 525 1368 Aristophanis
543 1279 759 1368 fragmentum
778 1278 864 1367 apud
884 1279 1094 1347 Plutarchum
1107 1278 1160 1347 l.l.
1174 1282 1304 1369 sequitu

148 1388 182 1452 τί
202 1386 235 1453 δέ
258 1410 303 1452 σοι
324 1387 423 1468 bodan
450 1386 640 1467 κακόδαιμον
660 1387 821 1470 apponte
844 1383 1066 1467 ίξοςρααιοίείς
1096 1385 1207 1453 miuus
1234 1388 1304 1474 peri

147 1491 306 1579 Berghius
327 1493 374 1559 sic
398 1491 632 1579 redintegravit
653 1500 690 1559 ut
714 1491 884 1559 scriberet:

374 1601 408 1665 τί
427 1599 507 1676 δῆτα
531 1597 631 1681 bonico
655 1600 695 1677 τ’,
717 1596 740 1665 ὦ
763 1595 970 1676 radiatam

149 1720 213 1768 una
237 1710 365 1770 tantum
387 1702 509 1793 syllaba
530 1703 690 1771 tralaticio
716 1722 825 1770 erroro
847 1702 960 1769 vitiata
979 1710 1028 1769 cst
1050 1702 1305 1790 legendumque:

374 1812 409 1878 τί
428 1812 459 1877 δὲ
480 1811 519 1876 σὺ
541 1810 633 1895 δρᾷς,
655 1806 677 1876 ὦ
698 1809 901 1889 ιιακίδαιμονς

194 1912 325 1981 Scribac
344 1916 551 2004 Aristophani
573 1914 710 1982 lormam
729 1915 839 1982 minus
856 1914 997 1980 Atticam
1020 1911 1236 1982 affricuerunt
1251 1932 1305 2003 apr

149 2016 281 2086 Suidam
305 2040 336 2087 v.
358 2021 501 2097 λῦλειορ.

215 2126 288 2207 πρὸς
311 2127 364 2192 τὸν
388 2128 507 2211 ςροφία
528 2136 585 2205 τῆς
606 2126 737 2200 αὐλείας
759 2125 861 2208 ἐχίνου
882 2126 1026 2208 κεφαλὴν
1047 2124 1270 2207 κατορύττειν,

147 2232 303 2299 usitatum
337 2238 386 2298 est
416 2234 502 2298 enim
530 2232 594 2298 illis
624 2241 680 2308 τῆς
707 2233 831 2299 αὐλείου
860 2230 969 2297 dicere
997 2238 1030 2296 et
1057 2232 1076 2308 tl
1101 2231 1227 2305 αὔλειος
1250 2231 1306 2312 tols

145 2333 258 2425 Lysias
281 2335 305 2401 l.
334 2343 372 2402 1⁷
404 2338 518 2420 ἐψόφει
550 2340 567 2414 ἡ
597 2339 755 2417 μέταυλος
786 2336 860 2418 ίιίρα
888 2337 941 2402 καί
975 2338 993 2412 sl
1020 2337 1155 2410 αὔλειος.
1194 2336 1264 2403 llll.
1294 2350 1306 2359 “

144 2440 196 2507 ἐπὶ
220 2451 259 2524 τῇ
277 2444 390 2525 αὐλείῳ
414 2444 497 2528 talpa.
545 2442 635 2508 Plato
656 2441 804 2530 Sympoa.
829 2461 859 2528 p.
878 2444 944 2507 itt
967 2441 1001 2508 G.
1046 2441 1141 2509 Solon
1165 2442 1252 2530 apud
1274 2442 1306 2511 lt

145 2546 263 2613 mosth.
288 2546 327 2614 de
348 2548 384 2614 ll.
409 2547 443 2613 h.
465 2568 495 2633 p.
515 2551 591 2613 tad.

326 2652 443 2721 αὕλειοι
464 2653 492 2718 δ’
515 2653 559 2719 ἔτ’
583 2650 669 2734 ἔχειν
689 2653 745 2717 οὐκ
765 2650 897 2718 ἒίίλουοι
922 2653 1019 2732 ίιίραι.

188 2755 362 2824 Menander
384 2767 459 2824 noto
480 2756 564 2825 loco:

578 2861 726 2945 ὅριαγὰρ
749 2863 872 2936 αὔλειος
895 2864 969 2945 ίύρα

393 2971 535 3055 ἐλευθέρα
558 2969 684 3048 γυναικί
707 2969 840 3048 νενόμις’
863 2968 971 3043 οίιιίας.

143 3080 175 3140 ct
198 3074 263 3140 alii.
311 3072 515 3143 llanilcstum
545 3076 660 3142 vitium
692 3073 796 3157 ἐχίνου
827 3082 912 3140 tenet
944 3073 1043 3141 libros
1071 3092 1200 3141 omnes:
1222 3076 1307 3159 τχίν.

142 3178 348 3247 scribendum
381 3200 451 3249 esse
481 3180 562 3248 vidit
587 3180 664 3247 olinn
692 3177 897 3256 Gaislordus‚
921 3181 974 3247 cui
998 3188 1120 3246 temere
1142 3177 1307 3247 Bernhard

142 3284 327 3372 obloquitur
350 3285 610 3374 Harpocrationis
638 3282 744 3353 locum
774 3283 937 3352 adducens
969 3283 1048 3350 nibil
1075 3284 1139 3351 huc
1167 3287 1307 3372 pertinet

143 3400 220 3459 tem.
258 3390 342 3457 Sunt
372 3399 480 3459 autem
505 3392 537 3457 in
569 3392 713 3478 antiquis
738 3390 831 3457 libris
857 3404 880 3462 c
904 3399 936 3457 et
963 3409 981 3459 ε
1010 3391 1199 3478 permisceri
1217 3390 1307 3459 solita

141 3497 219 3584 quia
241 3494 417 3563 discrimen
438 3495 503 3564 iere
524 3497 626 3564 aciem
652 3495 735 3584 lugit
754 3495 921 3563 oculorum
945 3503 978 3563 et
1001 3494 1080 3563 illud
1104 3500 1170 3572 νοῦς
1191 3496 1245 3580 ὁρῇ
1268 3516 1307 3565 nu

142 3603 176 3668 in
197 3601 277 3668 alios
298 3603 406 3667 minus
425 3622 521 3689 quam
540 3604 574 3668 in
594 3602 717 3669 scribas
734 3600 829 3668 valet.
853 3601 1022 3687 Exquisita
1045 3601 1203 3688 quaedam
1222 3620 1307 3669 excu

141 3706 194 3794 pla
215 3705 304 3774 dedit
324 3706 474 3774 Valcken.
491 3707 531 3774 ad
551 3707 664 3775 Herod.
687 3707 769 3773 vul.
789 3712 826 3782 a,
850 3706 883 3771 in
901 3704 952 3772 bis
970 3705 1110 3773 Critonis
1131 3704 1218 3792 apud
1240 3704 1308 3775 Stoi

140 3811 252 3882 Floril.
283 3813 339 3880 lll.
365 3818 405 3879 tt
431 3812 486 3879 ubl
514 3815 547 3878 in
571 3812 663 3878 libris
684 3821 735 3879 est
756 3812 878 3885 ίτιιὸοίς
902 3811 955 3877 καί
975 3811 1120 3885 παιδείας
1138 3811 1211 3878 ml
1234 3812 1308 3893 λοίγι

139 3920 171 3993 ἐς
202 3920 239 3986 τί
268 3920 347 3986 αὐτὸ
380 3920 626 4001 τυνδραροοίτας,
663 3926 786 4006 partem
817 3918 886 3983 veri
921 3917 1171 3985 Valoltentmritts
1207 3936 1307 4006 repar

136 4024 276 4100 ’στουδιίς
298 4044 473 4111 reponens,
499 4023 633 4112 perfecit
652 4023 909 4090 emendationem
932 4023 1136 4110 llirschigius
1155 4023 1221 4090 sic:
1244 4046 1308 4093 πε

138 4132 196 4205 δῖος
219 4130 272 4197 καί
293 4132 421 4205 ταιδιοῖς
443 4166 488 4180 -—
511 4131 746 4213 ουνὸραροοίοας.
792 4127 890 4194 Plura
920 4127 1010 4195 dabit
1043 4129 1174 4196 Person.
1204 4130 1240 4195 in
1267 4130 1308 4199 ht

139 4256 222 4303 vers.
244 4256 276 4323 p.
302 4240 355 4302 39.
402 4237 541 4324 Apparet
566 4237 599 4301 in
624 4235 676 4302 his
701 4236 906 4323 potissimum
929 4233 1095 4302 erroribus
1122 4254 1221 4322 quam
1247 4235 1308 4305 nih

138 4341 265 4410 scribae
298 4342 440 4429 cogitant
468 4350 500 4411 et
529 4363 625 4429 quam
657 4341 737 4410 nihil
766 4340 957 4429 intelligant.
1007 4338 1099 4431 Apud
1125 4340 1308 4432 llesyohiut
