2940 5010
712 285 775 349 ctu

156 464 310 551 ponitur,
334 458 430 547 inique
449 456 666 545 reponendum
692 466 741 523 est
762 458 794 522 in
819 458 1040 545 Aristophanis
1069 459 1261 553 Thesmoph.
1284 473 1335 537 ῖθ.

157 568 217 637 ubi
239 566 376 655 legitur:

344 671 396 740 καί
421 673 505 750 πῶς,
528 670 594 736 ε’πεί
619 674 670 735 νῦν
691 675 725 748 μ’
746 668 817 735 οὔτε
838 670 882 736 τὰ
905 672 1066 754 δικαςίρια

339 778 452 859 μέλλει
474 775 598 859 δικαίζ
603 800 678 854 ειν,
701 774 771 841 οὔτε
793 776 910 854 βουλῆς
934 777 995 842 ἔσθ’
1016 778 1106 859 ἕδραρ

157 882 215 953 soti
234 886 278 952 τοὶ
306 884 468 965 δικαςιίρια
497 882 608 962 μέλλει
639 880 823 963 καθίζειν
856 880 896 947 ab
931 883 999 968 ipso
1029 894 1122 971 pocta
1156 888 1336 976 proiectum

154 1010 228 1059 esse
251 988 402 1057 arbitror.

203 1096 352 1163 Diximus
376 1096 507 1161 καθεῖσα
529 1101 562 1160 ei
584 1090 714 1159 ἕκνίθισα
736 1113 794 1180 pro
823 1096 938 1161 καθίσα
962 1094 1059 1161 scribi
1086 1096 1207 1166 solere:
1231 1100 1337 1171 ailinis

155 1220 251 1269 error
274 1202 390 1267 misere
411 1200 555 1285 corrupit
584 1198 747 1263 Plutarchi
780 1197 885 1264 locum
908 1202 939 1264 ἑν
961 1210 1024 1274 τοῖς
1046 1214 1234 1279 Λακωνικοῖς
1257 1212 1336 1277 τίπο-

152 1306 322 1391 Φθίγμασι
355 1326 385 1393 p.
408 1308 483 1370 ili.
517 1305 550 1369 B.
583 1303 770 1389 Agesilaue,
807 1306 933 1391 inquit,
970 1306 1073 1373 ἔπεισε
1105 1312 1160 1385 τὴν
1194 1315 1336 1399 αδελφίρν

154 1414 310 1483 Κυνίσκαν
333 1413 376 1485 είς
407 1409 494 1492 σ’ίρμα
529 1410 757 1475 καθίσασαν
788 1411 1003 1489 Ὀλυμπίασιν
1026 1416 1259 1495 ἀγωνίσασθαι,
1282 1421 1336 1490 de·

151 1516 219 1587 leta
239 1518 472 1606 praepositione
493 1514 626 1583 emenda
646 1517 798 1582 Κυνίσκαν
821 1515 909 1598 ίίρμα
932 1522 1136 1586 καθεῖσαν.
1168 1524 1247 1605 Quis
1267 1547 1336 1595 rer·

152 1622 189 1693 lti
204 1623 341 1691 καθιέναι
364 1624 397 1688 in
418 1642 456 1688 ea
476 1640 511 1687 re
537 1641 630 1687 usum
655 1622 778 1687 rrescit?

200 1728 304 1797 Locus
328 1727 547 1815 Xenophontis
570 1726 622 1793 lV.
648 1731 709 1801 65,
740 1726 878 1810 ἔναγχος
902 1729 933 1795 δὲ
953 1730 1049 1807 δήπου
1075 1732 1244 1814 καὶπρὸς
1268 1739 1334 1818 ἐμὲ

154 1836 327 1902 ἐπαινῶν
360 1834 411 1900 τὸν
438 1834 651 1914 Ἡρακλεώτην
675 1831 758 1909 ξένον
780 1834 870 1910 κτέ.,
893 1837 1013 1920 optimo
1036 1836 1234 1903 domonstrat
1256 1863 1334 1929 quo-

152 1938 250 2007 motlo
273 1938 484 2025 corrigendus
508 1940 551 2003 sit
574 1938 662 2003 locus
686 1938 801 2002 incerti
835 1938 1000 2020 ltlretoris‚
1036 1943 1090 2028 qni
1116 1942 1250 2028 Longini
1279 1966 1334 2012 no·

152 2046 244 2113 mine
266 2044 519 2123 circumfertur,
553 2044 619 2123 περί
650 2041 745 2127 ὕψους
776 2063 844 2129 cop.
866 2049 919 2111 ll.
944 2042 1016 2127 ὅπερ
1049 2047 1177 2129 ἕζιίτνρσέ
1205 2074 1252 2124 τις
1275 2059 1334 2119 τῶν

149 2152 333 2237 Φιλοσόφων
366 2149 660 2231 προσίναγχος,
683 2147 857 2215 barbarum
882 2150 940 2215 lroo
970 2150 1099 2237 qnirlern
1126 2162 1174 2218 est
1198 2156 1334 2223 vocaliu-

149 2256 223 2325 lum
246 2256 303 2323 setl
324 2254 551 2340 corrigentium
577 2275 645 2320 esse
675 2262 807 2341 apparet
838 2256 935 2335 πρὸς
967 2256 1036 2335 ἐμὲ
1066 2256 1251 2341 ἔναγχος,
1276 2265 1332 2349 qni

149 2358 243 2429 locus
266 2359 315 2427 vel
344 2359 431 2428 solus
454 2358 595 2425 declarat
621 2357 741 2444 fugisse
772 2360 929 2425 rationem
961 2362 1068 2427 virum
1099 2361 1247 2445 unctum,
1275 2369 1332 2453 qui

150 2487 257 2555 nuper
280 2467 370 2533 iilum
394 2466 536 2531 lilrollunr
563 2485 580 2529 a
607 2463 778 2529 Plutarcho
802 2466 960 2551 seriptum
984 2486 1053 2533 esse
1077 2468 1211 2554 probare
1234 2492 1331 2539 cooa-

148 2582 206 2641 tus
229 2581 288 2639 ost.
336 2570 528 2637 Plutarchus
551 2588 726 2656 numquam
752 2570 892 2636 scribere
915 2572 1040 2657 potuit:
1071 2580 1145 2639 τῶν
1168 2579 1330 2657 Φιλσσθ·

148 2684 234 2763 φοιν
254 2702 313 2751 τις
337 2676 473 2759 ε’ζιίτνσε
499 2676 594 2757 πρὸς
627 2675 716 2753 ε’μέ,
739 2675 830 2760 quasi
856 2696 930 2741 vero
958 2678 1025 2763 ipse
1053 2676 1140 2745 aliutl
1170 2682 1329 2767 quoddam

149 2782 335 2851 studiorum
359 2801 460 2867 gentos
484 2788 674 2867 sequeretur
698 2790 729 2846 ot
753 2782 969 2868 protitoretrrr.

194 2886 230 2955 si
253 2889 286 2954 in
318 2886 429 2975 Symp.
448 2886 483 2951 V.
511 2892 549 2960 7,
576 2888 606 2951 in
631 2885 735 2951 vcrlris
756 2888 835 2952 πολὺ
860 2886 898 2952 ἂν
919 2888 957 2952 σὺ
981 2889 1085 2971 μεῖζον
1109 2890 1127 2966 ἢ
1151 2891 1212 2970 ἐγὼ
1235 2896 1328 2962 doro·

147 2994 304 3072 δοίκσιτ,
329 3012 369 3059 ex
388 2992 496 3077 aliquo
519 2990 601 3056 libro
620 2990 806 3070 doctisono
831 2990 1021 3070 ailerretur,
1044 2992 1268 3080 exploderetur
1289 3001 1329 3067 ab

145 3099 299 3168 omnibus
321 3097 483 3183 scriptura
508 3097 614 3182 inepta
639 3105 670 3161 ot
693 3095 732 3161 alr
756 3095 817 3161 loci
842 3098 1070 3182 corrrpositione
1094 3099 1186 3184 plane
1214 3102 1329 3172 ablior-

145 3224 232 3273 reus.
278 3204 343 3269 Cur
370 3202 470 3289 igitur
491 3201 693 3287 aequissimis
725 3202 842 3266 animis
867 3200 1000 3267 ierimus
1031 3204 1114 3289 apud
1142 3206 1327 3279 Demosthe·

145 3328 221 3377 nem
245 3328 276 3394 p.
300 3310 360 3381 tu,
389 3311 442 3374 19.
467 3308 510 3372 πα
531 3316 587 3382 τῆς
615 3306 735 3387 τύχης,
760 3308 835 3387 ἥπερ
866 3307 914 3371 αἰεί
937 3308 1061 3385 βέλτιον
1085 3312 1102 3387 ἣ
1127 3314 1217 3391 ἡμεῖς
1242 3320 1325 3393 ἡμῶν

143 3416 247 3482 αὐτῶν
277 3412 510 3491 ἐπιμελούμεθα
540 3433 597 3498 pro
629 3415 847 3490 ἐπιμελεῖται,
883 3431 978 3496 quarn
1003 3433 1111 3480 veram
1136 3425 1168 3481 et
1194 3422 1324 3504 proitarn

142 3516 314 3587 lectionem
338 3516 440 3583 futilis
465 3527 627 3583 corrector
651 3519 759 3583 nescio
783 3518 856 3603 quis
885 3519 1062 3601 pronomini
1089 3525 1177 3601 ἡμεῖς
1202 3544 1325 3593 accom-

144 3622 287 3691 notavit
310 3630 344 3690 et
368 3622 407 3687 tle
430 3643 488 3688 suo
511 3624 658 3709 apposuit
687 3623 752 3711 [καί
776 3628 861 3688 τοῦτ’
884 3620 1126 3711 ἕξεργαίσαιτοί,
1150 3630 1233 3716 quod
1258 3653 1323 3700 em.

142 3728 248 3797 ltlema
272 3728 453 3795 rectissime
477 3728 662 3795 Diodortius
686 3728 790 3794 oiooit.

186 3832 391 3903 llanilesturn
418 3842 466 3900 est
491 3834 522 3897 in
548 3833 657 3921 Syrnp.
680 3832 763 3898 vm.
793 3837 843 3897 14.
876 3832 956 3899 bene
980 3834 1166 3905 ornentlasse
1190 3840 1322 3929 Stepha-

141 3958 222 4007 num
245 3938 369 4019 ὅσονπερ
392 3938 498 4020 χρόνον
522 3938 558 4019 ip
582 3938 631 4003 ε’πί
655 3940 691 4003 τὸ
716 3938 935 4019 φρονιμώτερον
960 3958 1017 4024 pro
1040 3937 1068 4021 ᾖ.
1117 3942 1217 4031 Saepe
1243 3948 1321 4019 llaec

140 4044 228 4113 inter
250 4063 285 4110 se
308 4043 441 4110 confusa
465 4054 496 4110 et
523 4053 702 4130 permutata
728 4042 880 4122 luerunt,
912 4045 1040 4129 saepius
1070 4048 1166 4115 etiarn
1192 4053 1268 4119 ίέναι
1288 4068 1320 4124 et

139 4146 242 4229 olnae,
264 4156 298 4215 ct
317 4148 409 4235 longo
434 4149 692 4236 frequentissime
711 4151 749 4217 ι’ίν
772 4158 804 4215 ot
827 4152 897 4224 ίθν,
921 4152 1016 4215 cuius
1036 4152 1082 4216 roi
1105 4163 1137 4219 et
1160 4156 1222 4243 ipsi
1246 4162 1320 4228 sult-

138 4254 216 4321 inda
238 4256 381 4343 eaernpla
405 4256 561 4342 quaedam
582 4255 759 4321 attulimus.
806 4256 942 4321 Cratetis
966 4256 1144 4327 versiculus
1166 4270 1214 4330 est
1234 4268 1319 4354 apud

138 4360 255 4431 Athon.
280 4384 312 4451 p.
333 4365 409 4428 ω467.
434 4360 470 4428 ll.
496 4362 527 4429 in
549 4362 708 4429 llarriano
729 4360 843 4430 Codice
864 4361 910 4427 sic
934 4363 1092 4448 scriptus:
