2940 5010
222 118 274 165 rna
292 106 387 177 sunt,
410 94 465 164 sed
484 105 521 164 ut
539 104 616 164 sunt
634 96 688 163 isti
706 98 906 180 ἀπειρόκαλοι
925 103 958 165 et
979 116 1041 165 non
1059 97 1189 186 penitus
1209 99 1406 188 perspiciunt

226 202 638 281 rocabulorumuatoram,
662 202 695 269 in
709 223 805 269 noros
817 224 944 271 errores
959 223 995 269 ee
1007 202 1175 290 implicent
1191 202 1339 273 dicentes
1358 228 1405 271 τι·

224 312 358 393 ρίκειμαι
375 308 502 384 ίίλοσιν,
527 309 703 391 περίκειμαι
717 311 921 389 ὑποθήματα,
941 318 976 375 ut
993 308 1225 397 lexicographi
1240 308 1403 379 docebunt.

224 415 292 482 Non
322 412 501 480 sentiebant
531 424 689 500 quantum
721 415 892 481 interesset
921 420 1030 481 utrum
1056 412 1180 481 diceres
1211 418 1404 499 sepertinere
1460 410 1462 463 5

224 526 410 598 τελαμῶνας
436 520 504 602 περὶ
536 530 614 587 τοῖσι
646 520 762 604 αὐχέσι
792 518 954 609 (Heroden
981 519 1005 586 Ι.
1033 519 1110 609 171)
1144 540 1184 587 un
1218 524 1275 599 τίρν
1299 520 1404 589 ἅλυσιν

225 626 344 700 ταύτην
367 625 542 708 περίκειμαι
565 650 604 690 =
627 626 691 710 ἔχοι
715 625 935 707 περικειμένην.
985 624 1216 712 Aristophanes
1238 636 1272 695 ei
1294 646 1406 714 nequa·

224 730 289 806 les,
323 732 377 816 qui
417 730 566 798 dicebant
599 733 708 798 κύαθον
739 733 941 813 προστίθεμαι
972 732 1004 796 in
1038 729 1181 816 rorterio
1218 752 1281 799 nun
1315 731 1407 799 aiiter

225 856 324 922 qrrarn
344 837 454 904 κύαθον
474 837 658 918 πρόσκειμαι
681 846 827 924 poterent
849 834 974 914 dicere,
998 844 1033 902 ut
1053 835 1240 918 πρόσκειμαι
1260 836 1407 921 corticeo

227 942 293 1007 iere
316 962 412 1008 sensu
432 941 611 1017 diceretur,
635 963 698 1030 quo
722 942 833 1008 Cicero
857 962 935 1007 usos
954 949 1002 1008 est
1027 963 1144 1028 nquom
1167 941 1335 1009 Lcrrtuionr
1354 963 1404 1029 ρο·

225 1070 335 1113 oerum
359 1069 464 1125 strom,
487 1048 619 1133 εαίριιιια
640 1060 778 1114 staturae
797 1046 971 1123 hominem,
997 1046 1088 1133 θοιιρο
1110 1047 1218 1134 ρίοθίο
1239 1048 1405 1115 accinctum

224 1153 368 1219 sitisset:
391 1154 480 1240 quis,
511 1153 630 1241 inquit,
660 1172 816 1238 generum
845 1173 953 1220 nreurn
982 1152 1022 1219 ad
1051 1152 1194 1239 gladium
1219 1152 1403 1241 alligaviti”

225 1258 311 1344 epod
335 1258 471 1325 Macrob.
495 1258 624 1326 Saturn.
648 1259 688 1324 il.
711 1265 742 1325 5.

271 1364 319 1430 Ex
342 1363 526 1451 insperata
554 1363 712 1431 medicina
743 1373 792 1431 est
822 1364 959 1450 Eonapii
991 1363 1060 1430 ioco
1082 1383 1155 1451 pag.
1179 1368 1224 1431 uo
1251 1360 1404 1448 βαρθςίν

226 1468 280 1545 ἤδη
304 1472 395 1546 ςολιίν
418 1494 455 1536 τε
478 1470 647 1551 οὶβροτίραν
672 1472 689 1548 ἢ
713 1470 799 1537 κατὰ
822 1470 995 1554 φιλόσοφον
1018 1472 1237 1552 περιχεάμενος
1260 1470 1405 1551 καὶπρὸς

225 1574 286 1648 τοὶς
317 1573 467 1652 ἐντεύξεις
497 1576 536 1641 tir
565 1578 796 1659 χαλεπώτερος.
844 1574 945 1657 Quid,
977 1595 1111 1661 quaeso,
1133 1584 1184 1641 cst
1212 1578 1305 1652 ςοθιίςν
1327 1598 1407 1657 περι·

222 1680 370 1761 χεῖσθαιί
418 1681 617 1767 Quamquam
649 1684 777 1768 ineptus
800 1682 938 1766 scriptor
957 1680 1125 1767 [iunapius
1151 1688 1219 1757 est,
1248 1689 1282 1747 et
1306 1698 1405 1768 quum
1455 1742 1462 1773 ·.

224 1796 336 1852 ornate
360 1795 392 1852 ct
415 1787 573 1872 exquisite
603 1786 671 1854 ruit
701 1786 841 1853 scribere
864 1784 1000 1852 ridicule
1020 1806 1056 1851 se
1077 1785 1155 1853 dare
1177 1786 1275 1863 solet,
1299 1795 1403 1854 tamen
1458 1792 1462 1847 ¹.

222 1892 282 1959 hoc
305 1892 382 1958 vitio
406 1890 615 1958 absolvendus
641 1891 770 1958 ridetur
794 1890 1085 1978 corrigendumque
1115 1895 1208 1969 οολίιν
1236 1894 1408 1974 περικείμι·

222 2022 278 2070 1194.

268 2103 396 2178 Restat,
419 2110 453 2165 ut
479 2102 511 2166 in
532 2103 634 2188 poetis
646 2101 833 2169 comoediae
853 2102 1011 2189 Antiquae
1030 2100 1116 2169 iocos
1134 2101 1305 2169 nonnullos
1325 2101 1411 2169 maie

221 2205 347 2272 habitos
370 2206 510 2271 brcritcr
531 2208 701 2291 attingant.

265 2313 301 2377 ln
333 2310 453 2376 Cratini
482 2310 594 2397 iragrn.
627 2311 712 2399 apud
743 2312 887 2399 dnoiion.
920 2314 1017 2401 liysc.
1050 2313 1119 2394 περὶ
1149 2315 1347 2391 οἱντωννμίας
1374 2334 1411 2401 p.

222 2419 276 2481 25.
300 2416 335 2481 B.
364 2415 459 2481 Beck.
484 2415 525 2483 de
546 2414 569 2483 ὦ
591 2414 676 2492 οὗτος
700 2428 867 2503 agentern,
890 2427 1037 2501 Κρατῖνος
1059 2420 1305 2500 deduceremur

447 2546 541 2596 ουτως
561 2524 716 2599 καθεύδεις
739 2527 792 2591 οὐκ
816 2528 1104 2605 αναςνσεισβοτιονς

222 2625 428 2694 scribendum
450 2649 520 2694 esse
537 2648 667 2696 censeo:

446 2731 550 2809 οὗτος,
573 2735 750 2810 καθεύδειςς
773 2739 827 2801 οὐκ
851 2737 1019 2815 οίναςιίσεις
1044 2737 1135 2814 βοῶν.

268 2837 449 2924 Stephanus
472 2840 603 2927 Byzant.
635 2860 663 2906 r.
687 2843 806 2922 Ἰβηρίαν
829 2879 874 2889 -
896 2842 948 2906 καὶ
976 2844 1069 2914 αὐτὸς
1096 2842 1220 2922 Ἴβηρος
1245 2841 1426 2921 τραγοπιί·

224 2969 287 3022 γιον
309 2946 339 3009 ἐν
359 2947 542 3018 Μαλθακοῖς
564 2946 682 3025 είριιπαι
707 2948 864 3028 Κρατίνου.
911 2947 1060 3013 (loduicus
1078 2946 1198 3013 dixisse
1219 2945 1364 3015 videtur:

492 3050 673 3131 αὐτοΐβιιρος
696 3053 926 3133 rumorem,

223 3161 257 3218 ui
283 3154 471 3235 αὐτοβορίας
491 3162 524 3218 et
546 3155 676 3221 similia.

268 3257 304 3322 ln
321 3260 453 3334 Πυτθννς
471 3257 652 3343 fragmento
672 3262 714 3327 Vi
733 3262 816 3347 apud
838 3262 1030 3328 iteineiriurn
1055 3261 1142 3328 solus
1161 3264 1311 3331 senarius
1334 3262 1417 3331 Cre·

224 3364 284 3429 tini
305 3382 374 3429 esse
397 3363 542 3441 ridetur,
566 3386 660 3451 quent
685 3366 729 3432 ita
752 3367 871 3435 dixisse
891 3370 1053 3453 suspicor:

449 3470 522 3550 ὕδωρ
545 3473 577 3538 δὲ
599 3473 690 3538 πίνων
713 3474 796 3540 οὐδὲν
818 3474 856 3541 air
880 3474 977 3547 τέκοις
1001 3474 1115 3556 σοφόν,

222 3596 284 3641 non
302 3574 401 3652 πίνοι,
425 3575 508 3663 qood
530 3575 575 3642 iili
595 3576 746 3656 debetur,
768 3582 825 3666 qui
845 3579 1050 3646 decantatum
1073 3577 1269 3647 versiculum
1286 3576 1408 3647 Comici
1460 3620 1462 3631 ·

222 3680 255 3746 in
280 3698 374 3745 suum
399 3681 598 3766 erdurannna
619 3684 739 3770 recepit
761 3694 794 3752 et
815 3686 953 3752 subiecit
979 3707 1037 3752 suo
1061 3684 1260 3753 hexametro:

446 3782 520 3861 οίνίς
545 3810 590 3853 τοι
613 3791 755 3871 χαρίεντι
778 3792 867 3857 πέλει
891 3794 996 3873 ταχὺς
1019 3789 1112 3865 ἵππος
1135 3790 1244 3873 dorici,

220 3892 275 3975 qni
300 3912 401 3979 neque
420 3892 606 3960 comoediae
629 3898 796 3973 convenit,
821 3918 924 3984 neque
951 3898 1081 3963 Cratino
1110 3896 1228 3981 dignus
1251 3904 1313 3965 est.
1361 3896 1404 3965 uo

217 4006 317 4065 semet
341 3999 411 4086 ipso
432 3996 510 4067 haec
533 3998 649 4069 dixisse
672 4022 820 4071 scurram
844 4010 923 4071 satis
944 4010 1088 4080 constat,
1114 4000 1170 4069 sed
1195 4001 1223 4069 si
1246 4002 1322 4090 quie
1344 4022 1404 4091 pu·
1458 4048 1462 4091 ÷
