2940 5010
699 288 764 350 699

139 483 265 535 omues.
322 462 358 528 lo
391 461 490 527 bione
520 461 629 528 Cassio
661 459 803 542 ἐξέδριοοε
841 479 902 525 non
937 461 1040 546 nragis
1073 457 1240 525 terendum
1278 468 1327 525 est

141 589 240 661 qoam
263 566 495 649 οίποδροίσανπις
521 569 554 632 io
578 565 767 645 Plutarcho,
791 575 848 631 aut
872 567 904 630 in
932 564 1101 632 Aristotele
1122 565 1176 640 ἕως
1200 565 1238 631 ίιν
1263 567 1327 632 δια-

140 675 247 761 nece
295 675 489 741 invexerunt
515 671 591 738 talia
622 672 728 736 onmia
750 671 980 737 homunciones
1006 670 1037 736 id
1065 691 1185 756 genus,
1218 671 1330 757 quales

144 779 306 850 Herodoto
349 779 547 860 διαδρήσονται
589 776 811 843 affricueruot.
874 777 909 842 ln
945 775 1112 862 Euripidis
1154 774 1332 843 Heraclidis

140 926 189 975 m.
215 912 269 974 14.
293 901 458 988 respiro
482 905 628 972 indoctas
652 922 768 970 rncnus
790 901 932 988 effugere
954 921 1017 967 noo
1041 904 1153 988 potuit.
1202 903 1332 971 Scriboe

142 1009 320 1082 dedorunt:

326 1123 442 1200 πρῶτον
467 1119 523 1196 μὲν
548 1119 631 1194 ἡμεῖς
656 1116 738 1191 ἤθελ’
762 1114 932 1196 Εὐρυσθεὺς
958 1122 1093 1181 κτανεῖν.

328 1225 403 1290 ἀλλ’
428 1220 651 1303 ἐξέδραμον.
676 1220 728 1286 καί
754 1220 843 1293 πίλις
867 1222 925 1299 μὲν
948 1219 1090 1302 οἴχεται,

327 1330 419 1411 buxis
442 1330 469 1394 δ’
493 1328 598 1401 teoto.

143 1432 266 1503 contra
294 1442 458 1512 metrum,
493 1441 604 1498 eontra
630 1432 840 1498 sententiam:
860 1444 986 1498 ‘verum
1012 1430 1090 1517 quid
1123 1431 1186 1498 ista
1208 1434 1334 1501 scribae

143 1539 289 1607 durant?
313 1538 350 1607 ln
375 1537 582 1625 Antiphontis
606 1535 694 1603 brar.
715 1537 752 1602 V.
779 1541 832 1604 46.
856 1538 929 1616 μηδ’
948 1539 1014 1617 ἐμοί
1036 1539 1219 1617 ἐγγενέσθαι
1240 1538 1288 1616 οίξ
1295 1566 1332 1607 αι

142 1646 200 1714 τίν
222 1643 318 1729 ἄνδρα
340 1646 392 1712 καί
417 1646 591 1726 βασανίσαι
614 1644 729 1721 αὐτόν,
753 1651 830 1710 sunt
853 1645 908 1730 qui
932 1664 1045 1709 sanum
1069 1653 1182 1730 putent
1207 1655 1335 1732 turpem

143 1748 408 1829 barbarismum,
432 1749 589 1816 bobeehio
613 1749 780 1816 credemus
805 1749 857 1839 (ad
882 1749 1004 1837 Phryn.
1029 1770 1060 1836 p.
1078 1749 1171 1838 ⁶287.)
1198 1753 1336 1817 »Atticos
1429 1824 1432 1828 ,

144 1854 225 1933 ἄξαι
248 1878 309 1923 ooo
329 1857 473 1946 fonditus
496 1856 690 1942 tencrone?
738 1854 901 1921 Dobraeus
924 1874 1032 1920 veram
1050 1854 1219 1921 lectionem
1244 1858 1335 1936 ἐλέγ-
1456 1876 1457 1879 ’

143 1958 201 2041 ξαν
223 1961 354 2048 reperit.
401 1962 436 2029 ln
462 1959 662 2048 Thucydidis
686 1959 767 2025 libro
791 1960 874 2025 Vlll.
900 1965 952 2026 bb.
989 1963 1032 2043 τῷ
1062 1961 1201 2042 σφετέρῳ
1232 1964 1334 2028 αὐτῶν

144 2066 222 2155 :top
245 2065 488 2148 προεξιίξανσες,
521 2085 588 2132 rem
610 2086 670 2131 acu
696 2066 803 2151 tetigit
829 2063 1014 2131 Diodortius
1038 2063 1264 2150 προεξᾴξανσες
1287 2087 1335 2133 rc·

145 2190 283 2261 ponens.

197 2276 235 2344 ln
268 2277 400 2344 hlemor.
422 2276 477 2343 lll.
503 2299 523 2342 1.
550 2282 580 2342 7.
613 2274 644 2342 οί
669 2301 705 2343 τε
730 2277 845 2344 πλίνθοι
875 2277 928 2343 καί
952 2278 995 2343 τοὶ
1018 2275 1102 2354 ξύλα
1124 2314 1169 2327 —-
1189 2278 1339 2345 σνντίίεν·

146 2408 225 2459 ται.
248 2383 354 2471 potior
375 2381 506 2449 videtur
528 2381 655 2448 Stobcei
680 2382 842 2468 scriptura
874 2384 1059 2449 συντίθεται.
1107 2382 1228 2448 Ibidem
1264 2388 1336 2469 §s

147 2487 290 2559 mirifice
317 2486 447 2553 turbata
474 2497 551 2554 sunt
575 2487 670 2553 verba
693 2489 723 2552 ἕν
749 2489 791 2569 τῷ
816 2489 941 2571 πολέμῳ
965 2489 1036 2562 τοιίς
1060 2513 1095 2553 τε
1119 2490 1254 2569 πρώτους
1274 2493 1338 2573 cipi·

147 2618 221 2669 corre
244 2594 293 2661 δεῖ
311 2593 440 2660 τοίττειν
453 2594 505 2659 καί
531 2596 600 2667 τοὺς
622 2592 841 2670 τελευταίους,
866 2594 897 2656 ἕν
921 2595 1005 2676 μέσῳ
1029 2594 1059 2657 δὲ
1083 2596 1152 2668 τοὺς
1164 2597 1338 2678 χειρίςονς,

147 2697 209 2769 sed
239 2700 391 2786 quoniam
425 2700 557 2786 perinde
591 2710 715 2767 certum
751 2707 799 2763 est
828 2708 860 2764 et
895 2699 972 2785 quid
1005 2699 1092 2765 dicat
1126 2699 1273 2767 Socrates
1308 2713 1341 2769 et

147 2803 311 2895 quomodo
346 2802 405 2871 hoc
440 2807 483 2871 sit
510 2806 630 2873 Graece
654 2805 849 2883 dicendum,
882 2825 947 2870 non
971 2803 1134 2869 dubitabis
1165 2826 1339 2892 reponere:

147 2911 287 2997 τρόπους
310 2935 348 2978 τε
370 2913 441 2985 τοὺς
477 2915 597 2994 οίρίςονς
627 2913 675 2978 δεῖ
696 2912 823 2979 τοίττειν
853 2911 905 2976 καί
930 2911 1150 2987 τελευταίους,
1177 2921 1212 2976 ut
1236 2914 1268 2977 in
1295 2915 1339 2978 vi·

149 3016 350 3099 olnlareote
370 3015 510 3103 legitur:
535 3026 650 3099 πρῶτον
674 3019 731 3098 μὲν
755 3018 806 3082 καί
828 3025 1009 3082 τελευταῖον
1033 3015 1068 3080 τί
1089 3015 1238 3084 κοίλλιςον
1262 3017 1339 3083 ποίπ-

147 3130 233 3191 coo:
267 3118 382 3186 deinde
405 3139 424 3185 a
449 3122 583 3188 Stobaeo
604 3123 784 3209 acceperim
816 3121 938 3201 μέσον
966 3121 996 3184 δὲ
1028 3122 1063 3185 τὸ
1094 3122 1248 3201 χείριςον,
1282 3143 1340 3209 pro

149 3228 185 3295 ht
207 3225 293 3311 μίτῳ
316 3225 369 3305 δέ,
394 3234 517 3313 etpost
544 3247 645 3314 pauca
672 3227 893 3308 διααοίρτοιριεν
914 3227 975 3311 'pro
999 3226 1272 3306 διαμαρτάνοιμεν.

196 3330 267 3400 Non
288 3351 358 3398 esse
387 3329 545 3398 Graccum
571 3332 711 3398 arbitror
734 3331 817 3418 quod
842 3331 897 3396 lll.
924 3353 968 3397 111.
994 3335 1025 3396 9.
1058 3331 1179 3418 legitur
1198 3335 1215 3410 ἡ
1235 3334 1266 3398 δὲ
1290 3337 1341 3417 σίρ-

150 3438 220 3521 χίι,
243 3437 297 3522 ἐφ’
318 3434 352 3513 ἧς
373 3437 500 3521 ᾕρησαι,
524 3437 578 3503 sed
600 3440 652 3521 ἐφ’
673 3439 725 3516 ἦν,
753 3447 788 3502 ιιι
810 3439 842 3502 in
865 3436 1006 3503 Platonis
1029 3437 1162 3504 blenooe
1186 3459 1216 3525 p.
1231 3443 1284 3507 90.
1308 3440 1341 3506 B.

151 3543 311 3627 ιίροῦνται
334 3548 409 3623 γοῦν
433 3547 527 3611 αὐτὸν
560 3546 610 3609 ε’πί
636 3546 696 3617 τοὶς
720 3545 858 3624 μερίτας
882 3544 1009 3625 οίρχοίς,
1045 3552 1078 3609 et
1102 3543 1179 3609 alibi
1203 3548 1341 3633 saepius

154 3640 195 3717 ln
229 3650 302 3734 57.
338 3645 418 3724 ίποις
448 3649 480 3714 δέ
504 3674 549 3714 σοι
568 3652 749 3727 πείθωνται,
775 3648 858 3735 quud
887 3648 1043 3716 Slubaeus
1066 3648 1159 3715 offert
1187 3652 1341 3717 πείίονται

154 3752 191 3821 iu
215 3753 375 3820 πείσονται
399 3752 547 3820 relictum
576 3775 686 3820 rerum
713 3757 785 3821 crit.

202 3856 240 3925 ln
262 3858 318 3925 ill.
342 3879 384 3926 tv,
413 3865 442 3924 7.
476 3869 564 3925 recte
596 3859 751 3926 Stultaeus
782 3864 820 3934 ὠς
852 3864 878 3928 oi
910 3863 1021 3940 οίναίοί
1053 3861 1198 3941 οἰκονόμοι
1231 3865 1342 3942 οὶγαίοί

155 3964 305 4046 spumeo
343 3963 381 4030 ίιν
414 3961 495 4041 cieo,
528 3964 622 4051 vulgo
655 3966 812 4031 articulus
843 3965 926 4033 male
957 3968 1130 4032 omittitur.
1188 3967 1276 4034 ldem
1310 3973 1344 4034 in

158 4070 256 4157 §lb
288 4088 346 4156 pro
376 4071 469 4136 ε’κείνο
503 4073 613 4153 παρίης
646 4071 773 4138 exhibet
797 4073 937 4154 παριείς,
969 4070 1053 4157 qtrotl
1079 4092 1139 4137 nun
1165 4084 1233 4139 erat
1258 4094 1344 4161 sper·-

156 4170 323 4253 ncudum,
347 4173 402 4240 sed
427 4176 590 4242 lenissime
616 4177 646 4241 iu
673 4187 792 4259 παριείς
813 4178 1063 4244 emendandum.
1115 4179 1166 4244 Sic
1190 4180 1276 4245 enim
1301 4180 1347 4247 di·

158 4276 294 4358 cebant,
326 4287 364 4345 ut
385 4283 477 4355 τιθεῖς
503 4301 646 4368 quoquc,
680 4303 742 4348 non
764 4283 867 4364 σι’ίνς,
900 4282 984 4369 quod
1016 4283 1114 4349 redde
1138 4285 1346 4354 Demostheni

158 4384 193 4453 in
221 4383 422 4455 Timocrates
448 4390 564 4472 5107.
592 4390 679 4467 νόμον
705 4393 816 4468 τιθείς,
841 4400 871 4457 ct
899 4393 915 4474 §
941 4392 1016 4455 lau.
1043 4393 1113 4465 τοὺς
1138 4392 1194 4472 μὲν
1218 4394 1345 4476 οίφιεῖς,
