2940 5010
685 118 748 179 utt

145 302 320 389 paratum:
343 290 439 359 cuius
460 290 509 357 roi
532 288 712 375 exemplum
737 298 786 357 est
809 290 841 355 iu
866 290 986 359 Avibus
1008 298 1103 361 1505.

309 398 421 481 νῐμιιζε
443 396 584 477 μεγᾶλί
608 394 685 463 οὕτω
709 398 766 475 μὲν
789 397 1058 481 ἐκκεκαλύψομαι.

112 558 115 565 -
147 502 400 577 muniremur
421 503 552 571 dabitur
571 502 794 586 iaxcaddopoi
818 522 886 569 esse
908 503 1155 571 restituendum.

182 610 281 681 llcdco
302 610 344 677 ad
369 607 571 683 Heraclidas,
598 627 680 695 quae
703 606 810 673 tabula
837 607 870 671 iu
893 628 990 694 quam
1021 609 1203 697 depravatis
1225 613 1316 681 coui-

151 716 222 787 ὼ
253 714 296 783 ad
326 734 386 783 uos
408 715 591 802 peruenerit
620 713 812 779 documento
844 720 894 779 cst
920 732 965 778 vs.
987 718 1063 780 490.
1096 716 1150 783 ubi
1178 722 1314 787 κελεύειν

154 822 243 905 mpla
273 820 398 908 legitur
422 839 481 907 pro
511 821 589 904 Κόρῃ
620 818 804 900 ancorato,
840 837 921 904 quac
944 820 1063 885 eximia
1095 831 1144 888 est
1171 824 1314 891 Picrsoui

155 924 331 1003 amitto,
353 946 418 1013 qua
446 943 540 993 uerno
567 932 675 992 tameo
704 926 827 1003 utitur,
851 926 926 1009 quia
946 944 1039 991 neruo
1057 930 1210 1015 perspicit
1238 950 1314 1017 quo·

156 1030 225 1101 nlo
244 1032 301 1099 illa
323 1034 486 1119 scriptura
509 1050 548 1097 ex
570 1029 629 1097 lrau
647 1031 736 1096 nasci
758 1032 910 1117 potuerit.
958 1029 1142 1099 Ridiculum
1170 1043 1220 1101 cst
1238 1056 1315 1105 saue

157 1146 497 1207 toaffluHMHTroz
529 1143 561 1203 el
590 1145 989 1204 ΚΕΛΕΤΕΙΝΜΗΤΡΟΣ
1024 1138 1109 1203 iulet·
1129 1160 1163 1205 se
1184 1160 1314 1227 compa·

158 1262 209 1313 ιιι
224 1254 257 1313 at
274 1242 395 1311 ductus
425 1242 609 1311 litterarum
642 1241 784 1328 aliquam
809 1243 894 1308 iuter
924 1259 958 1307 se
983 1240 1171 1312 affinitatum
1199 1246 1317 1315 habero

159 1346 305 1418 hauduliu
328 1367 472 1415 narrare.
520 1348 556 1413 lu
582 1348 717 1433 antiquo
740 1346 821 1413 libro
846 1355 1014 1433 supererat
1036 1358 1062 1415 tt
1090 1351 1106 1381 ⁸
1125 1350 1140 1381 ⁴
1163 1353 1176 1381 ⁴
1202 1354 1314 1419 *MH-

159 1464 263 1523 tloz:
295 1463 444 1543 repertus
466 1462 515 1520 est
545 1462 729 1530 corrector,
753 1455 810 1540 qui
834 1452 1023 1519 vocabulum
1054 1453 1133 1521 beue
1156 1456 1314 1525 Graccum

161 1562 264 1631 ιιιιῦειν
298 1560 339 1627 de
368 1579 427 1627 suo
458 1557 643 1646 suppleret,
671 1560 762 1644 isque
786 1557 881 1625 homo
903 1557 943 1624 ad
971 1558 1058 1625 huuc
1087 1560 1171 1627 diem
1205 1583 1316 1631 omnes

160 1664 335 1747 ldilcatur,
358 1665 415 1753 qui
438 1665 558 1751 optimo
581 1671 764 1731 mouentem
788 1664 976 1731 Picrsuuum
998 1686 1061 1731 nou
1084 1666 1233 1737 audiunt.

189 1772 358 1862 liemoplrou
384 1790 485 1859 quum
510 1769 644 1836 dixisset
665 1789 699 1835 se
721 1771 841 1835 uirium
871 1789 1005 1836 suorum
1032 1772 1186 1839 iuvidiam
1217 1773 1313 1841 reior-

163 1876 256 1947 ottae
277 1899 324 1946 ro.
349 1880 426 1946 iti..
450 1876 529 1943 lraou
555 1873 665 1941 addit:

307 1984 342 2049 od
365 1984 430 2065 γὰρ
455 1980 605 2063 τυραννίδ’
624 1978 703 2045 ὥστε
723 1979 893 2061 βαρβάρων
913 1980 989 2063 ἔχει.

309 2090 386 2155 ἀλλ’
409 2088 444 2164 ἣν
466 2087 572 2154 δίκαια
595 2085 650 2166 δρῶ
674 2086 781 2151 δι’καια
804 2088 970 2165 πείσομαι,

163 2190 244 2261 eliu
263 2192 315 2261 lois
334 2192 540 2259 librariorum
562 2192 640 2257 vitio
667 2192 783 2276 iuoptit
806 2200 838 2257 et
864 2190 945 2255 nihil
973 2189 1074 2265 dicit,
1099 2194 1184 2278 quod
1216 2213 1316 2261 uuus·

163 2298 268 2387 piaque
297 2298 408 2365 statim
442 2296 600 2382 intelliget
631 2298 686 2382 qui
723 2295 800 2382 quid
831 2297 874 2361 sit
905 2297 1011 2362 δίκαια
1040 2297 1187 2377 πείσομαι
1219 2302 1316 2388 probe

163 2404 339 2493 mouerit.
375 2401 459 2485 Quid
479 2410 529 2469 est
551 2403 637 2467 euim
657 2400 746 2467 aliud
764 2421 861 2487 quam
878 2403 946 2467 turc
963 2404 1031 2468 sive
1050 2405 1158 2469 morito
1178 2406 1316 2490 plector,

164 2522 207 2591 po
231 2528 327 2577 seusu
358 2507 506 2575 columba
538 2506 622 2594 apud
660 2507 839 2574 Phaedrum
864 2507 888 2572 l.
923 2513 977 2576 51.
1009 2510 1119 2575 merito
1148 2512 1317 2599 plectimur

165 2606 220 2678 tuit
242 2615 345 2683 iustas
372 2634 407 2680 se
428 2632 547 2699 poenas
566 2612 655 2680 luero
676 2613 842 2681 couliteus.
890 2612 1017 2680 Urbana
1042 2616 1144 2681 ironia
1169 2615 1318 2685 Socrates

165 2712 328 2787 'nllaluttls
341 2717 473 2805 Apolog.
500 2738 533 2805 p.
545 2722 600 2785 42.
624 2720 730 2785 δίκαια
753 2720 906 2791 πεπονθὼς
929 2720 991 2798 ἐγὼ
1011 2720 1120 2800 ἔσομαι
1141 2723 1197 2805 ὑφ’
1216 2724 1317 2803 ὑμῶν,

166 2818 369 2913 nlimprimis
388 2825 516 2911 egregie
539 2824 603 2890 huo
628 2822 705 2889 lacit
729 2822 940 2909 Theophrasti
967 2825 1075 2904 locus,
1098 2827 1153 2912 qui
1180 2829 1212 2893 iu
1236 2829 1318 2895 Clio·

166 2934 219 2995 uu
245 2950 313 3018 cap.
334 2929 448 2997 xxvt.
480 2930 608 3015 imperii
638 2928 800 3016 popularis
830 2948 953 2995 osorem
985 2930 1170 2997 describens
1193 2933 1317 3001 inducit

167 3022 292 3103 hminem
324 3036 371 3102 ila
394 3034 576 3101 dicentem:
607 3037 659 3101 τὸν
684 3035 791 3109 Θησέα
814 3040 930 3114 πρῶτον
959 3040 1019 3100 τῶν
1042 3044 1144 3102 κακῶν
1164 3049 1204 3121 τῇ
1227 3041 1318 3108 πόλει

165 3140 294 3215 aeuum
318 3140 427 3209 αἵτινν.
458 3147 565 3206 τοῦτον
586 3141 651 3221 γὰρ
672 3142 706 3205 ἐκ
728 3139 844 3206 δώδεκα
868 3140 985 3205 πόλεων
1011 3144 1244 3223 καταγαγόντα
1266 3151 1318 3215 τὸν

164 3236 232 3321 'littra
248 3252 343 3314 λῦσαι
372 3246 427 3320 τὴν
456 3245 635 3323 βασιλείαν.
667 3246 719 3311 καὶ
745 3245 885 3311 δίκαια
913 3247 1079 3312 παθεῖν·
1111 3257 1226 3331 πρῶτον
1254 3254 1318 3335 γὰρ

161 3346 415 3419 &obsoletat
439 3352 491 3416 ὑπ’
515 3352 637 3430 αὐτῶν,
662 3370 743 3437 quae
773 3350 868 3417 verba
890 3352 1010 3438 optime
1033 3352 1110 3438 quid
1133 3356 1318 3443 llemoplaou

158 3448 318 3523 rdomtuet
344 3456 518 3523 ostendunt
546 3464 578 3523 et
608 3454 706 3523 simul
738 3454 935 3542 patefaciunt
972 3478 1069 3544 quoru
1103 3458 1241 3528 absurda
1275 3465 1320 3529 sit

157 3552 205 3627 tet
227 3560 392 3649 Euripidei
422 3564 594 3649 scriptura.
641 3561 710 3627 Nou
739 3563 825 3627 enim
856 3566 882 3628 oi
915 3564 1019 3631 lincis
1051 3566 1176 3647 δρῶντες
1206 3568 1261 3634 sed
1292 3572 1319 3635 oi

153 3662 306 3741 διειῦντες
334 3666 399 3735 dici
433 3676 568 3755 possunt
595 3667 701 3734 δίκαια
724 3666 879 3750 πάσχειν,
911 3668 1014 3734 itaut
1043 3674 1202 3738 sententia
1224 3673 1317 3759 plano

150 3774 332 3841 contrarium
356 3774 495 3860 postulet
515 3793 612 3860 quam
635 3772 720 3858 quod
737 3792 823 3839 uuuo
853 3772 1002 3852 dicatur,
1030 3794 1159 3862 uouapo:

313 3882 390 3945 ἀλλ’
413 3880 505 3961 ἥνπερ
527 3878 622 3946 ἄδικα
645 3880 700 3959 δρῶ
724 3880 829 3945 δίκαια
853 3880 1011 3959 πείσομαι.

140 3984 218 4075 quud
240 3994 274 4055 et
294 4003 371 4053 uere
393 3984 516 4051 dietum
541 3993 590 4051 est
613 3991 647 4052 et
669 4004 757 4051 more
780 3984 953 4071 lluripioleo
973 3994 1099 4070 argute.

175 4090 246 4163 lluu
276 4091 393 4159 leriter
422 4099 472 4158 est
495 4089 577 4157 milri
601 4091 640 4159 de
672 4090 786 4159 mendo
809 4100 995 4178 suspectum
1020 4092 1104 4177 quod
1136 4093 1255 4181 legitur
1284 4099 1316 4165 iu

131 4196 311 4269 Heraclidis
334 4216 382 4264 rs.
407 4200 481 4265 teu.
