2940 5010
648 295 712 359 iss

74 474 218 553 Ἀγυιῶ,
250 472 473 555 Ἀντίγρκφκ,
507 476 747 551 Ἀνκκιινῶτιιι,
788 477 1050 558 Ἀνκτχητετκι,
1097 483 1263 559 Ἀτεῑτιι,

71 578 247 657 Ἀπόλλω,
271 577 443 659 Ἀτέδρκν,
474 577 634 658 Ἀξομιιι,
659 578 864 656 Ἀτκγὲσῶω,
899 581 1034 654 ‘Arduus
1058 583 1155 662 λέγε,
1180 596 1263 651 Βλω·

71 684 228 767 φῶὶντις,
246 684 471 766 Γρκψῶμενυς,
493 685 681 760 Atossam,
706 686 891 767 Διέφῶορεν,
907 685 1112 766 stratonices,
1136 691 1265 768 Ἐτιτη-

70 790 190 867 δείους,
227 790 355 873 Ἱέρεια,
389 794 547 867 Κνιτσῖιν,
577 789 720 866 Kamara,
752 791 967 874 Μονυμῶχης,
990 792 1164 871 Μάντεων,
1190 805 1264 862 Mc·

70 894 207 980 τχῶλη,
228 895 419 973 Μέτιιυλος,
442 897 640 977 Πετρκγῶς,
665 898 942 979 Πκρωτχητομκι,
965 899 1128 980 Τιμῶριιι,
1152 899 1261 981 Τὲριι,

73 1002 210 1079 odires,
232 1000 306 1067 aiia.
354 1001 390 1066 ln
415 999 467 1065 his
487 1000 636 1065 onrnihus
658 1010 765 1067 certos
785 1010 817 1067 ct
839 1001 1026 1069 manifestos
1050 1003 1190 1070 hominis
1213 1026 1263 1072 er·

71 1124 166 1173 rores
195 1106 307 1173 statim
339 1105 558 1192 deprehendes
579 1105 658 1171 alios
692 1105 765 1172 aliis
796 1105 960 1174 foediores.
1009 1107 1092 1189 Quid
1123 1129 1161 1175 eo
1195 1130 1263 1177 rua-

72 1210 179 1297 qistro
214 1208 332 1288 iacias,
367 1220 403 1277 ut
428 1211 488 1278 hoc
519 1220 607 1286 utar,
643 1212 699 1297 qui
730 1211 813 1278 serio
836 1212 967 1279 doceat:
999 1212 1261 1296 Γρκψῶμενος

71 1318 244 1395 Ἀττικῶς,
266 1340 289 1396 γ
298 1316 437 1399 ρῶψιις
456 1320 661 1393 Ἑλληνικῶς,
684 1326 740 1383 aut
764 1324 935 1384 Ἀττεῑτω
958 1319 1130 1397 Ἀττικῶς,
1153 1323 1263 1388 κτεῖ-

71 1446 144 1489 m
162 1428 364 1500 Ἑλληνικῶς,
388 1432 444 1489 aut
468 1423 640 1497 Ἀνύτως
662 1423 758 1501 λε’γε
781 1427 942 1497 Ἀττικῶς.
967 1426 1139 1490 τννελῶν
1161 1426 1263 1506 λέγε

72 1532 284 1605 ΙΕλληνικῶς,
308 1537 365 1595 aut
387 1530 536 1604 Γητειω
559 1531 733 1603 Ἀττικῶς,
758 1554 777 1595 κ
785 1530 947 1610 piparas
974 1536 1183 1610 Ἑλληνικῶς,
1207 1540 1265 1599 aut

73 1633 296 1701 Διυκῶῶειν
336 1634 430 1701 κοινὸν
460 1632 596 1713 Δωριέων
632 1633 685 1699 sai
721 1637 835 1701 Ἰώνων·
871 1636 1022 1701 δτῶκειν
1056 1640 1263 1715 Ἑλληνικῶς,

72 1748 133 1807 aut
155 1739 377 1822 Διέφῶτμν
399 1741 562 1812 Ἀττικῶς.
586 1738 833 1821 διέφθαρκεν
856 1743 1056 1814 Ἑλληνικῶς.
1097 1740 1182 1808 Nihil
1202 1744 1264 1809 sci·

71 1864 112 1913 rc
133 1853 268 1933 apparet
290 1864 365 1911 eum
386 1844 442 1929 qui
472 1844 616 1909 Atticum
647 1852 680 1908 et
706 1863 910 1910 communem
936 1842 1064 1911 dicendi
1089 1844 1185 1912 usum
1215 1848 1264 1915 sic

72 1948 258 2037 distinguit.
306 1947 420 2017 Omnia
446 1947 525 2015 haec
552 1949 670 2014 ttticis
692 1947 824 2035 perinde
854 1950 973 2015 usitata
997 1958 1096 2029 sunt,
1119 1952 1174 2018 scd
1195 1952 1263 2041 ple-

71 2072 176 2142 raque
209 2062 299 2122 certo
333 2053 522 2120 discrimine
553 2052 703 2119 diremta.
748 2054 912 2129 Ἀνύσκς
947 2055 1040 2135 λέγε
1075 2064 1125 2123 est
1157 2082 1261 2141 τκρη.

71 2166 187 2245 χρῆμα
210 2159 309 2240 λέγε,
333 2158 390 2226 sed
412 2159 586 2225 συνελὼν
610 2159 711 2238 λέγε
741 2158 903 2244 significat
927 2160 1006 2240 λε’γε
1028 2161 1080 2227 διὰ
1102 2164 1260 2246 βρκχέων.

72 2266 202 2333 dodun
226 2284 378 2353 praesens
400 2272 467 2341 est,
492 2265 648 2330 διωκκῶεῖν
667 2265 808 2330 aoristus
831 2264 1028 2346 Atticorum,
1057 2268 1111 2335 cui
1138 2269 1262 2337 similes

71 2378 152 2441 flunt
184 2372 296 2439 aurisii
327 2372 515 2451 ῶμυνκῶεῖν,
549 2370 723 2452 εἱργκθεῖν,
755 2372 888 2437 εἰκαθεῖν
919 2370 1108 2459 (ὑπεικκῶεῑν
1119 2420 1131 2450 ,
1157 2400 1262 2458 rapsa·

70 2475 190 2565 utris)
214 2483 247 2543 et
269 2478 439 2551 ιὶλκιιῶεῖν,
463 2494 601 2561 quarum
626 2473 802 2542 formarum
827 2496 935 2542 veram
960 2477 1118 2544 rationem
1143 2480 1262 2547 acutis·

69 2582 156 2649 sime
187 2580 352 2669 perspexit
385 2579 559 2646 Elmsieius
590 2579 628 2645 ad
660 2580 802 2648 Medeam
832 2601 880 2647 vs.
906 2584 981 2647 186.
1028 2582 1150 2651 Memor
1180 2586 1263 2652 anti·

71 2686 130 2775 qui
158 2686 260 2753 moris
284 2685 431 2752 lulianus
463 2687 594 2772 scripsit
628 2706 658 2774 p.
680 2690 745 2753 257
766 2688 802 2753 Α.
826 2689 872 2767 μη
902 2686 1079 2773 ὑπεικῶῶης.
1126 2690 1162 2756 in
1192 2689 1262 2757 Pia·

70 2792 159 2859 tonis
190 2790 342 2879 Sophiste
371 2810 403 2877 p.
425 2794 488 2857 hisi
515 2792 552 2857 D.
585 2791 660 2857 iibri
694 2811 806 2859 omues
836 2794 1024 2879 conspirant
1048 2795 1080 2860 io
1112 2797 1167 2862 εἰὶν
1199 2794 1262 2880 cipe

70 2898 146 2979 ἠμῖν
168 2920 214 2980 τη
235 2898 489 2979 vaporante,
522 2895 608 2964 unde
633 2906 773 2964 veterem
799 2898 996 2985 scripturam
1023 2900 1193 2987 τιςεικιὶνη
1217 2900 1262 2969 ie-

69 3000 179 3069 liciter
199 2999 382 3067 Boechhius
404 3003 500 3067 eruit.

114 3104 273 3175 hinchunc
304 3106 517 3174 Athenienses
540 3108 674 3173 ῶτεῑτιν
698 3115 730 3173 et
758 3110 877 3176 ῶτεῒτε
905 3116 938 3174 et
970 3109 1169 3189 ἀπείπωμεν,
1203 3111 1261 3178 scd

68 3212 105 3281 in
127 3210 271 3279 secunda
294 3231 430 3299 persona
450 3215 593 3288 ῶτεῒπκς
620 3220 653 3280 et
683 3215 868 3292 ῶτειτκτε,
901 3212 1170 3299 quemadmodum
1193 3216 1260 3293 ἤνε-

68 3340 147 3401 γνυν
170 3316 228 3385 sed
251 3318 409 3397 ἤνεγκας,
439 3328 475 3384 ut
505 3338 602 3405 supra
626 3316 838 3386 ostendimus.
884 3318 1069 3401 Γςῶψκσνιιι
1093 3329 1202 3388 autem
1228 3329 1261 3389 et

69 3422 198 3509 γςῶψκι
232 3421 429 3491 confundere
471 3432 612 3510 quantae
652 3424 835 3510 imperitiae
866 3425 932 3491 est!
980 3424 1150 3493 Praeterea
1188 3425 1262 3494 ride

70 3548 170 3619 quam
200 3526 308 3595 tutitia
338 3529 495 3615 magister
524 3528 657 3596 doceat:
692 3530 861 3608 Βῆττειν
893 3536 1056 3606 Ἀττικῶς.
1090 3533 1260 3613 βήττειν

68 3640 269 3711 Ἑλληνικῶς.
318 3633 447 3701 Poterat
470 3635 610 3721 spissum
633 3634 752 3702 librum
777 3635 918 3703 scrihere
941 3635 969 3701 si
993 3633 1069 3702 talia
1093 3637 1260 3706 cumulare

67 3738 246 3817 voluisset,
268 3738 450 3806 cuiusmodi
474 3748 566 3805 sunt:

160 3845 388 3929 Ξυμφῶνως
413 3850 574 3919 Ἀττικῶς.
599 3846 825 3931 συμφώνως
848 3852 1034 3921 Ἑλληνικῶς
1051 3848 1103 3914 sui
1123 3854 1234 3924 κοινῶς.

162 3950 305 4033 europi
311 3974 326 4025 ς
350 3953 521 4027 Ἀττικῶς,
547 3953 708 4034 συνωρίς
731 3957 928 4027 Ἑλληνικῶς.

157 4056 384 4137 Εῶμμωχυι
410 4056 424 4086 ⁴
450 4062 638 4131 ’Ἑλληνικῶς
661 4056 713 4122 sci
739 4060 852 4131 κοινῶς.

69 4158 127 4231 uhi
148 4158 255 4250 polam
277 4168 328 4227 est
352 4159 511 4228 excidisse
538 4161 710 4240 Ἀττικῶς,
740 4163 918 4245 σύμμιιχιι.
967 4162 1120 4250 Turpiter
1139 4160 1260 4231 labitur

70 4268 108 4335 iu
129 4286 220 4355 seqq.

163 4374 277 4457 Ξυρὸν
299 4380 424 4456 μακρῶς
449 4380 610 4449 Ἀττικῶς.
635 4374 782 4457 βρκχέως
806 4380 1002 4449 Ἑλληνικῶς.
