2940 5010
731 270 772 333 94

152 447 291 530 ὑπερεῖδε
313 443 436 513 παῦθ’δ
459 448 629 523 προσαιτῶν
651 441 704 508 καὶ
725 445 843 525 ῥυπῶν,
867 439 966 509 idest
985 439 1129 508 Bentleio
1152 440 1255 529 interp

152 551 312 618 contemsit
334 550 395 615 ista
418 548 578 615 mendicos
599 547 657 614 itte
680 557 709 613 et
732 547 897 626 sordidus,
928 545 985 614 sed
1015 548 1155 628 ὑπερεῖδε
1181 547 1253 632 sign

149 666 333 743 osperootos
356 665 422 732 est,
446 660 478 721 et
502 651 581 740 quid
605 671 724 739 quaeso
747 660 809 719 est:
841 651 999 720 Monimus
1020 652 1200 719 demutatae
1223 673 1255 719 sn

148 762 228 827 tium
258 760 424 826 sementino
453 768 639 844 aspernator
677 760 752 824 est?
787 757 887 837 nihil,
919 759 1041 845 opinor.
1088 759 1155 825 Fac
1183 768 1255 824 cont

148 866 342 954 significare.
389 862 474 947 Quid
503 881 619 930 causac
642 869 692 930 est
720 881 780 930 cur
810 862 905 929 homo
935 863 1064 952 sapiens
1094 861 1255 949 dicaturj

146 972 233 1040 clara
261 972 347 1038 dicta
377 978 523 1036 veterum
557 966 786 1035 contemnere?
833 969 876 1034 ht
905 966 987 1035 nihil
1018 966 1134 1034 horum
1166 968 1255 1035 Mena

146 1077 237 1145 dixit.
285 1076 322 1143 ln
347 1072 516 1142 Codicihus
539 1082 587 1141 cst
608 1071 760 1140 omnihus
784 1074 859 1155 ὑπὲρ
878 1073 910 1140 δὲ
934 1075 1035 1151 ταῦθ’,
1058 1072 1143 1160 quod
1168 1071 1255 1141 infeli

147 1182 320 1250 admodum
332 1177 476 1264 Scaliger
499 1180 531 1245 in
556 1180 695 1262 torpetis
721 1180 879 1257 mutavit,
902 1197 999 1265 quam
1023 1177 1253 1247 inconsunod

147 1307 258 1355 omnes
281 1293 471 1371 sequuntur.
519 1283 683 1370 Superooit
706 1283 786 1352 haec
813 1285 923 1352 omnia
945 1284 1130 1361 Monimus,
1156 1285 1253 1351 cuius

147 1402 217 1461 tum
240 1395 305 1458 πᾶν
326 1391 362 1457 τὸ
389 1390 567 1473 ὑποληφθὲν
585 1388 687 1472 τῦφος
708 1390 755 1459 ἔτι
778 1388 954 1457 Menandro
976 1388 1105 1455 videtur
1126 1387 1256 1456 celehrn

146 1499 210 1564 mis
233 1504 377 1564 veterum
407 1495 599 1574 sententiis,
630 1501 694 1569 τοῖς
715 1496 882 1576 βοωμένοις
909 1496 1050 1574 τούτοις,
1079 1501 1255 1582 anteponor

145 1622 236 1681 esse,
269 1609 301 1667 et
324 1600 505 1667 rectissime
532 1597 616 1666 dixit
638 1599 720 1667 οὐδὲν
750 1602 885 1686 ἐμφερὲς
913 1610 978 1676 τοῖς
1007 1602 1172 1695 βοωμένοις
1194 1601 1255 1668 τού1

145 1710 220 1790 ὑπὲρ
249 1709 281 1774 δὲ
308 1712 425 1774 ταῦτα.
472 1705 642 1775 Caeterum
672 1724 737 1771 non
760 1705 891 1773 aliunde
912 1725 1011 1793 quam
1039 1725 1077 1772 ex
1097 1704 1159 1773 hoc
1183 1706 1254 1792 ipso

146 1813 261 1881 nandri
284 1810 353 1878 loco
377 1819 523 1878 sumtum
544 1818 593 1878 est
617 1809 649 1876 id
673 1810 759 1897 quod
781 1810 902 1898 legitur
922 1809 1009 1899 apud
1031 1810 1177 1878 Marcum
1201 1811 1252 1876 An

147 1938 225 1986 num
245 1917 286 1984 ll.
312 1923 364 1985 15.
388 1912 434 1983 ὅτι
456 1919 521 1983 πῖον
547 1916 714 1999 ὑπόληψις.
736 1916 820 1994 δῆλα
842 1919 900 1996 μὲν
923 1915 988 1998 γὰρ
1010 1916 1055 1983 τοὶ
1078 1917 1152 1998 πρὸς
1178 1922 1234 1983 τοῦ

145 2030 196 2092 κοῦ
218 2022 358 2104 Mostene
377 2021 548 2102 λεγόμενοι.

201 2127 375 2216 Postquam
406 2126 580 2194 Menandro
610 2124 770 2195 laboranti
803 2136 963 2214 quantum
999 2127 1165 2215 potuimus
1199 2127 1255 2196 tuli

145 2253 237 2321 opem
251 2231 362 2300 reddet
382 2232 473 2300 nohis
492 2232 576 2300 hane
588 2253 718 2321 operam
743 2235 812 2314 sic,
836 2242 873 2302 ut
896 2234 967 2302 eius
989 2235 1184 2301 auctoritate
1204 2240 1255 2301 uta

145 2339 185 2405 ad
209 2335 425 2406 emendandos
443 2335 530 2404 locos
542 2337 697 2425 quosdam
710 2340 869 2419 aliorum,
893 2348 926 2408 et
947 2337 1033 2427 quod
1052 2322 1139 2426 a'pud
1155 2358 1232 2406 cum
1248 2359 1256 2403 1

144 2452 176 2511 et
198 2440 548 2530 emendate·scriptum
571 2453 719 2532 superest
740 2443 843 2512 lacem
865 2445 956 2530 nohis
977 2442 1135 2533 praeierat
1160 2443 1201 2510 ad
1225 2441 1255 2511 h

144 2546 346 2616 hendendam
366 2546 489 2626 lahem,
512 2568 608 2635 quam
631 2549 798 2637 populares
817 2550 950 2637 quidam
973 2551 1044 2617 eius
1064 2556 1122 2616 aut
1144 2547 1200 2615 alii
1221 2547 1255 2617 Gn

143 2654 318 2741 scriptores
339 2651 416 2719 olim
439 2655 673 2721 contraxerint.
719 2656 866 2723 Primum
885 2656 1031 2723 omnium
1055 2652 1243 2741 planissimo

143 2759 285 2826 firmahit
308 2758 559 2835 correctionem,
593 2779 657 2846 qua
689 2760 959 2848 pseudohuciani
981 2759 1088 2827 locum
1121 2761 1155 2826 in
1186 2757 1255 2827 lihn

142 2865 425 2951 Amorihornuper
445 2863 660 2931 restituimus.
680 2863 858 2934 Scholiasta
882 2865 1044 2953 Aristoph.
1068 2863 1109 2933 ad
1132 2861 1250 2955 Avesll

143 2970 268 3038 erudite
290 2969 444 3037 docuerat
463 2966 609 3046 πατάξαι
630 2988 650 3035 a
676 2968 814 3039 Cornicis
837 2976 881 3048 εἷς
909 2974 945 3040 τὸ
968 2971 1177 3055 κακὲμφατον
1201 2969 1254 3060 (ut

142 3077 320 3162 loquuntur
338 3074 379 3142 de
397 3074 504 3142 verbis
523 3075 741 3165 ρνοοοοιοιοιὶι)
765 3078 869 3165 accipi
888 3078 1001 3146 solere.
1049 3074 1164 3143 Trahit
1186 3074 1252 3145 huc

141 3181 286 3262 μαιτύπιρ
316 3179 420 3270 (rende
446 3181 677 3266 χαμαιπνπία,
708 3192 963 3263 χαμαιτυπεῖον,
996 3188 1219 3265 χαμαιτυπεῖν
1245 3199 1255 3249 t

141 3286 278 3375 Hesych.
325 3284 370 3352 ct.
395 3286 565 3375 Wyttenh.
586 3285 626 3353 ad
648 3285 732 3353 Plut.
754 3287 864 3355 Moral.
889 3309 919 3376 p.
935 3294 965 3355 s.
990 3287 1038 3375 B.)
1063 3295 1097 3354 et
1118 3305 1137 3353 e
1156 3285 1255 3354 Μοιιιιι

143 3390 235 3459 affert
259 3392 358 3473 πρώην
389 3388 467 3470 ἄρας
490 3389 658 3469 ἐπάταξα,
682 3390 767 3460 uude
787 3391 910 3480 liquido
928 3400 1060 3481 apparet
1081 3391 1178 3461 verba
1198 3412 1255 3480 pse

141 3496 275 3564 Muciani
298 3498 357 3574 58,
382 3500 435 3561 55.
466 3491 524 3562 εἶτ’
557 3496 621 3562 απὸ
643 3502 703 3563 τῶν
730 3506 831 3579 μηρῶν
861 3500 1138 3582 προοιμιασάμενοι
1170 3499 1255 3567 κατὰ

142 3601 273 3683 κωμικὸν
297 3601 394 3668 αὐτὸ
421 3598 623 3678 ἐπέταξεν
656 3602 855 3673 emendanda
883 3607 1011 3673 esseio
1042 3602 1121 3687 ripae
1149 3603 1255 3673 iscire

141 3715 175 3775 et
200 3705 368 3774 Menandri
392 3704 472 3773 haec
503 3704 600 3773 verha
622 3726 694 3775 esse
723 3727 781 3796 per
810 3710 917 3777 iocum
945 3718 978 3778 et
1005 3711 1109 3779 risum
1142 3726 1182 3777 ex
1208 3709 1255 3777 Ar

141 3812 256 3901 phanis
282 3811 455 3900 Equitihus
481 3816 576 3880 1150.
609 3803 865 3882 huc'translata.

187 3917 315 4007 Optime
337 3917 510 3986 Menander
526 3918 566 3986 de
586 3918 745 3987 Aeschine
767 3921 885 3988 mereri
908 3921 1045 4010 poterit,
1067 3921 1190 4008 siquis
1211 3928 1255 3988 uu

138 4044 204 4112 que
226 4023 332 4091 locum
355 4042 546 4113 componere
569 4023 706 4092 voluerit
729 4045 770 4093 ex
789 4045 928 4113 quorum
958 4027 1198 4116 comparatione
1219 4024 1255 4095 01

141 4131 188 4197 ris
211 4149 327 4197 manus
350 4149 504 4218 apparere
531 4129 641 4218 possit.
689 4129 807 4200 Suidas
830 4153 869 4200 ex
893 4133 1000 4221 aliquo
1027 4133 1129 4203 veteri
1159 4130 1244 4211 stre:

141 4247 217 4320 ροικῇ
249 4234 327 4303 haec
357 4236 518 4325 descripta
550 4235 690 4303 serravit
713 4256 742 4302 ν.
789 4241 853 4314 Εἰς
885 4240 1032 4322 linopola
1061 4240 1255 4324 ὑφαίνοντι

140 4343 184 4416 εἰς
208 4343 263 4419 τὴν
286 4343 404 4427 οὶγοροὶν
433 4342 571 4428 ἐκφέρειν
588 4341 631 4410 τοὶ
656 4342 860 4428 ὑφαινόμενα.
893 4345 970 4415 οὕτω
999 4345 1183 4429 Μένανδρον.
1231 4344 1255 4416 P
