2940 5010
703 290 765 351 745

144 468 193 538 ίτι
214 469 304 534 -εί
328 464 508 548 ίτχιίοουτιν
531 468 557 531 οἱ
582 462 719 530 τλούοιοι
751 463 803 529 καί
827 464 861 527 οἱ
889 463 899 528 i
907 486 927 526 ο
934 486 987 544 χο
995 463 1051 545 poi
1085 465 1117 531 ἒν
1137 473 1209 541 ταῖς
1233 468 1327 533 πολι·

146 601 195 642 σιν
219 575 354 656 ίλίγιςον
378 573 484 656 χρόνον
509 574 526 648 ή
550 572 634 652 οὶρχή
658 569 726 640 ἔται
746 573 800 634 τοῦ
824 568 920 646 δήμου
943 573 997 634 τοῦ
1021 572 1189 648 Ἀίήνηοιν.
1236 571 1329 639 Nem·

144 683 235 771 peri
259 680 380 762 ἰσχυροί
409 679 463 766 qui
489 698 615 764 corpore
638 685 709 740 eunt
735 674 839 741 calido
869 683 899 739 et
924 673 1048 741 robusto
1070 675 1144 762 pius
1169 677 1203 742 in
1226 677 1329 765 palae·

118 780 214 854 ¹stra
247 784 351 852 solent
379 804 476 870 quam
506 784 539 848 in
564 802 631 869 rep.
655 779 783 868 pollere.
831 779 1002 847 Praeterea
1026 781 1099 866 quis
1123 780 1206 849 ierat
1238 785 1328 866 ίοχύ-

144 917 248 962 τινοιν
271 893 296 957 ot
320 889 462 974 ίοχνροίί
511 887 593 969 Quid
618 885 705 953 aliud
731 886 764 951 iu
785 904 822 952 eo
847 886 962 953 mendo
988 885 1088 953 latere
1107 895 1212 975 potest
1232 909 1329 976 quam

143 1001 171 1081 οἱ
193 997 306 1081 χρητοί
318 995 330 1061 ί
362 1004 398 1061 ui
423 993 517 1082 paulo
538 1001 633 1059 ante:
665 997 893 1076 συκοφαντοῦσι
925 992 978 1059 καί
1000 997 1123 1072 μισοῦσι
1155 995 1226 1068 τοὺς
1253 1020 1329 1078 χρη·

143 1104 239 1182 τούς,
272 1109 305 1168 ei
339 1109 411 1188 post
438 1119 561 1187 pauca:
596 1100 667 1172 τοὺς
698 1098 755 1176 μὲν
787 1099 921 1182 χρηςοὺς
954 1100 1100 1178 ἀτιμοῦσι
1123 1136 1170 1149 —·
1192 1102 1262 1175 τοὺς
1296 1103 1329 1169 δὲ

144 1209 288 1292 πονηροὺς
312 1204 466 1283 αὔξουσιν.
513 1204 550 1270 ln
584 1203 648 1270 fine
671 1202 807 1270 emenda
836 1208 889 1269 τοῦ
913 1205 1010 1281 δήμου
1035 1208 1089 1270 τοῦ
1123 1207 1329 1282 ’Δίηναίοιν

143 1335 203 1404 pro
225 1315 408 1392 ’Λίήνητιν,
431 1311 470 1378 de
494 1329 557 1398 qua
581 1307 768 1376 confusione
788 1328 887 1395 supra
910 1307 1062 1376 diximus.

191 1420 228 1487 lu
254 1421 272 1504 §
294 1425 346 1485 lc.
378 1436 435 1504 pro
454 1413 520 1482 ὅσον
544 1415 597 1497 ζῆν
620 1416 759 1501 requirit
782 1433 861 1480 usus
887 1412 1037 1501 loquendi
1061 1423 1094 1482 et
1116 1415 1178 1483 loci
1201 1428 1329 1486 senteu-

140 1527 191 1594 tia
225 1524 359 1592 verbum
399 1523 611 1608 compositum
644 1519 711 1587 ὅσον
740 1520 881 1603 ατοζήν,
916 1529 953 1586 ut
985 1520 1071 1607 apud
1107 1519 1330 1613 Thucydidem

141 1630 169 1699 Ι.
194 1634 235 1697 2:
267 1631 425 1709 νεμόμενοι
459 1628 503 1694 τοὶ
534 1629 636 1694 αὐτῶν
659 1624 762 1696 ἕκατον
787 1623 868 1692 ὅσον
898 1626 1004 1708 οξτοζ
1010 1636 1028 1703 ή
1036 1651 1052 1692 ν
1076 1628 1130 1694 καί
1154 1631 1328 1712 περιουσίαν

140 1734 314 1820 χρημάτων
337 1737 391 1801 οὐκ
415 1732 561 1816 ἔχοντες,
583 1742 618 1799 et
639 1730 712 1797 aliis
730 1731 819 1798 locis.

187 1841 311 1909 lterum
331 1839 429 1927 periit
452 1836 610 1904 articulus
638 1837 671 1902 in
703 1840 721 1922 §
746 1842 808 1903 18:
833 1838 903 1910 τούς
923 1861 959 1901 τε
981 1841 1156 1918 στρατηγοὺς
1179 1840 1233 1908 καί
1256 1843 1326 1918 τοὺς
1448 1878 1450 1882 »

141 1945 343 2031 τριηράρχους
378 1945 431 2010 καί
468 1943 564 2032 (τοὺς)
598 1943 765 2026 τρίοβεις;
798 1942 860 2007 nisi
895 1942 982 2008 enirn
1013 1943 1147 2009 tertium
1177 1948 1248 2020 τούς
1280 1953 1328 2013 in·

141 2051 285 2119 cerneris
319 2068 486 2139 perperam
523 2048 620 2116 iidem
653 2058 687 2116 et
716 2051 891 2131 τριήραρχοι
925 2055 958 2114 et
992 2048 1138 2130 τρίοβενς
1179 2050 1330 2121 dicentur

142 2157 254 2226 fuisse.
1236 2208 1239 2212 ,

188 2263 225 2330 lu
257 2266 275 2348 §
303 2266 357 2330 20.
391 2263 492 2329 τοίων
516 2263 550 2329 in
579 2268 665 2328 ταῶν
689 2261 871 2329 Atticorum
896 2280 985 2328 more
1009 2262 1157 2328 contrahi
1181 2275 1328 2352 oportere

141 2388 242 2456 supra
262 2367 500 2435 admonuimus.
549 2369 623 2434 Post
655 2387 758 2454 pauca
782 2365 935 2432 mendum
967 2367 1074 2433 estin
1098 2368 1221 2438 verbis:
1252 2376 1278 2441 οί
1301 2376 1328 2441 δ’

141 2474 280 2541 doceto
303 2473 354 2540 eei
378 2477 481 2555 τριήρη
513 2474 772 2550 κατίςηοαν,
803 2472 869 2538 imo
892 2491 967 2538 vero
985 2472 1178 2552 μετίςηοαν.
1221 2478 1329 2547 Attice

141 2581 230 2648 enim
254 2599 317 2645 non
341 2579 463 2646 dicitur
492 2577 526 2655 ἐξ
556 2578 684 2652 ίλνοίδος
707 2577 758 2644 ἐντί
782 2579 884 2659 τριήρη
914 2578 1098 2659 ἐμβαίνειν,
1130 2581 1185 2647 sed
1207 2608 1327 2665 μετεμ·

138 2686 278 2767 βαίνειν,
310 2692 343 2750 et
363 2683 535 2769 diligenter
557 2682 616 2750 hoc
637 2685 670 2749 iu
691 2682 810 2752 taiihus
840 2691 988 2760 servant,
1017 2693 1055 2750 ut
1077 2705 1138 2752 uon
1174 2691 1325 2761 ααίιτοί-

138 2814 202 2858 ναι
237 2792 280 2864 είς
311 2788 412 2864 ἄλλην
439 2788 529 2866 τοίξιν
553 2788 663 2855 dicant
694 2788 749 2854 sed
779 2786 964 2869 aebasciaco,
989 2796 1024 2854 ut
1055 2810 1158 2876 nuper
1187 2795 1326 2862 ostendi·

138 2914 214 2962 mus
238 2893 278 2960 ad
303 2893 475 2983 Hyperidis
504 2893 598 2973 λόγον
622 2893 800 2977 ἐπιτάφιον.
849 2893 909 2974 Qui
943 2891 1074 2961 Codices
1107 2896 1244 2966 Graecos
1269 2903 1325 2968 tri·

139 3009 258 3068 rerunt
290 3002 398 3067 sciunt
429 3000 515 3066 κατοί
546 3008 580 3066 et
610 2999 696 3078 μετα
729 2996 952 3085 compendiose
984 3000 1031 3065 sic
1072 3002 1170 3069 scribi
1205 3015 1243 3071 ut
1272 3009 1326 3076 vix

138 3106 243 3173 oculis
268 3106 408 3172 discerni
433 3106 567 3192 possint.
617 3106 740 3171 Passim
767 3102 920 3170 coniundi
945 3103 1046 3172 solere
1067 3107 1176 3174 sciunt
1205 3131 1326 3180 omnes.

138 3212 188 3279 Iis
213 3211 267 3277 iila
294 3211 429 3278 solemni
454 3209 639 3277 confusione
671 3220 765 3276 natae
796 3217 873 3275 sunt
903 3208 1025 3277 tornae
1055 3213 1187 3281 uitiosae
1217 3216 1326 3285 verho-

139 3338 214 3385 rum
237 3318 477 3401 μιταβιοίζομαι
501 3324 533 3382 ei
561 3316 804 3396 μεταβίοκομαι
828 3323 860 3382 ei
889 3316 1119 3397 μεταδονλοῡν,
1152 3339 1233 3405 quae
1261 3343 1323 3392 non

139 3432 218 3491 suut
243 3425 339 3490 innius
371 3425 451 3490 assis
476 3430 509 3488 et
539 3442 578 3489 ex
609 3420 746 3508 singuiis
776 3420 855 3487 locis
882 3423 1047 3509 corruptis
1077 3424 1109 3489 iu
1135 3425 1326 3497 Graecitatis

140 3529 344 3597 Thesaurum
375 3547 544 3616 perperam
570 3537 716 3615 receptae
740 3535 826 3593 sunt.
873 3525 910 3592 In
933 3530 1163 3607 μεταδοοοιοίίν
1192 3533 1326 3602 Dindor·

136 3634 180 3702 iio
204 3634 293 3701 fraus
316 3633 468 3702 suboluit.

185 3739 222 3806 ln
246 3760 317 3826 cup.
337 3740 377 3806 li.
412 3743 430 3825 §
457 3745 487 3804 1.
519 3736 579 3803 hoc
612 3736 716 3805 scium
752 3737 844 3804 video
868 3737 1022 3804 librorum
1047 3743 1243 3830 scripturam
1265 3755 1324 3815 τῶν

139 3846 198 3929 μὲν
227 3846 382 3926 πολεμίων
408 3843 515 3921 ήττονς
548 3869 582 3910 τε
607 3848 695 3925 σφοῖς
727 3844 840 3917 αὐτοὺς
874 3847 1022 3921 ήγοῦντοιι
1054 3842 1131 3914 εἶναι
1165 3849 1217 3915 καί
1244 3855 1323 3931 μοί·

140 3952 227 4035 (oue
250 3949 451 4017 retinendam
476 3968 545 4015 esse
569 3947 743 4014 dummodo
767 3968 824 4036 pro
846 3949 969 4032 μείζους
1002 3959 1178 4036 reponatur
1199 3958 1325 4038 μείονι,

139 4077 206 4146 qua
227 4056 329 4123 iorma
354 4053 528 4141 Xenophon
553 4054 672 4141 passim
698 4055 745 4119 uti
774 4053 854 4120 solet
876 4073 935 4140 pro
959 4054 1131 4133 ἐλάττονι,
1152 4061 1325 4142 pauciores.

140 4162 333 4231 Rectissime
355 4160 510 4226 dicuntur
540 4158 751 4226 Athenienses
775 4159 961 4226 existimare
984 4179 1018 4226 se
1045 4159 1245 4247 pedestribus
1274 4189 1326 4236 co-

140 4269 205 4355 piis
227 4289 326 4356 oeque
348 4268 460 4332 virtute
480 4286 579 4352 oeque
606 4285 734 4330 numero
766 4263 912 4330 hostibus
946 4265 1231 4361 (Lacedaemoniis)
1256 4294 1326 4343 esse

140 4392 246 4461 pares.
292 4373 328 4442 ln
353 4372 472 4443 vicinia
502 4391 560 4459 pro
589 4372 641 4439 καί
678 4370 829 4457 νομίζοντι
864 4374 899 4437 το
932 4372 1090 4441 ίτλιτικον
1124 4374 1267 4461 ἄρχειν
1297 4383 1324 4448 εί
