2940 5010
711 250 776 313 tit

149 425 245 503 μόνοις
271 426 371 491 αὐτῶν
395 431 458 497 τοῖς
478 422 665 497 δειλοτάτοις
690 429 750 489 τῶν
767 423 848 506 ζῶιιιι
866 424 993 493 ἐοικέιιοι
1009 425 1158 505 λέγοντις
1181 425 1246 495 tete

150 531 301 617 quoniam
335 529 389 615 qui
419 530 466 594 sie
497 528 620 596 hostem
656 530 819 596 lacessunt
852 532 1005 597 σκώπτειν
1042 531 1151 618 potius
1184 530 1246 601 title

149 656 245 722 quem
266 636 420 716 λοιδορεῖν,
445 634 592 720 suspicor
615 654 672 720 pro
692 633 833 719 εἰιιθνιιζον
851 635 1042 726 Dionysium
1066 637 1234 725 scripsisse

147 744 215 824 ζον,
240 741 324 827 quod
348 741 380 805 in
407 737 462 804 tali
486 758 521 804 re
550 740 715 825 proprium
733 750 768 807 et
789 742 986 827 exquisitum
1010 740 1144 809 verbum
1168 752 1238 824 est,

147 846 242 913 inulti
265 857 388 913 veteres
411 862 506 931 saepe
535 845 582 909 sie
615 853 773 924 utuntur,
804 847 965 933 imprimis
987 845 1109 915 Comici
1137 857 1172 916 et
1193 848 1245 917 Pla

147 951 334 1039 Xenophon.
381 951 521 1036 Recepto
551 958 660 1017 eutem
692 951 813 1035 εθποζον
847 952 1001 1019 continuo
1027 953 1158 1021 ἐοιιιένιιι
1188 955 1246 1035 λέν

145 1059 287 1125 insiticia
310 1076 380 1123 esse
403 1063 536 1142 uppuret
557 1064 589 1122 et
619 1076 731 1125 verum
757 1076 828 1124 esse
858 1066 923 1131 τοῖς
952 1058 1142 1133 δειλοτάτοις
1172 1068 1232 1129 τῶν

144 1164 274 1247 elesino.
322 1162 434 1248 ltaque
463 1162 496 1226 in
525 1160 640 1250 Lysiae
670 1162 739 1228 loeo
767 1160 879 1229 eedem
909 1163 1034 1230 ratione
1062 1164 1231 1234 turbetum

145 1272 291 1358 suspieor
313 1275 347 1333 et
369 1265 448 1334 haee
474 1266 554 1332 milri
581 1286 659 1334 sena
688 1268 783 1335 leetin
805 1287 876 1335 esse
901 1266 1047 1335 ridetur:
1078 1270 1245 1346 instillet

144 1376 309 1450 ἐνέπληιιιο
327 1379 387 1439 τῶν
404 1373 573 1453 ὑμιτέριιν.
596 1374 775 1455 ἀλλοτρίους
794 1382 851 1451 τῆς
870 1373 991 1448 πόλεος
1006 1375 1136 1449 istor-oisc
1157 1378 1245 1455 ήγήσι

144 1488 272 1549 metere
291 1476 448 1565 quomodo
469 1477 658 1564 irrepserint
679 1486 712 1544 et
735 1476 868 1545 uerbum
887 1480 1062 1547 ἑπιλιιθιιν
1082 1478 1161 1547 lruie
1180 1482 1245 1549 oriu

146 1585 226 1654 tioni
252 1603 316 1652 non
341 1583 514 1650 convenire
544 1580 637 1649 lneile
668 1581 873 1669 intelligitur.
920 1584 1006 1672 urge
1028 1604 1131 1673 quum
1152 1587 1245 1653 ε’νεπλ

144 1709 276 1780 prorsus
305 1687 513 1754 obsolevisset
532 1695 565 1755 et
592 1686 695 1755 solum
720 1689 938 1767 ἐμπλησθῆναι
971 1700 1176 1779 superesset,
1207 1691 1245 1759 lut

142 1805 193 1864 est
214 1802 365 1865 etvetus
389 1791 491 1859 lorme
510 1792 740 1860 obscuraretur
758 1801 792 1860 et
815 1796 944 1881 periret
991 1796 1075 1863 llino
1098 1796 1245 1887 inlapsis

141 1922 189 1970 vs
210 1905 286 1969 tto.
310 1900 344 1965 in
364 1897 515 1965 omnibus
535 1897 630 1965 tout.
654 1897 791 1983 legitur:

324 2006 350 2071 ei
373 2004 405 2071 ii
428 2005 612 2086 ποιμοιβιιέην
634 2001 743 2078 iiam
765 2005 931 2091 ἐμπλιιπθή
953 2005 1056 2084 ιιύλιξ.

141 2133 199 2201 pro
222 2113 357 2195 ἐμπλῇθ’
375 2113 392 2188 ή
408 2109 501 2187 κύλιξ
519 2130 537 2176 e
554 2110 701 2178 llewesio
723 2110 911 2177 acutissime
934 2120 1121 2199 repertum,
1143 2132 1244 2200 quoe

141 2219 270 2286 datione
302 2214 383 2281 ntlit
420 2235 491 2281 esse
523 2222 628 2302 potest
666 2213 857 2282 evidentius.
913 2217 1088 2304 Antiquom
1132 2220 1244 2306 seriptt

140 2329 499 2392 ΕΜΠΛΗΙΘΗΚΤΛΙΞ
523 2320 753 2386 homunciones
774 2339 837 2386 non
856 2322 990 2409 eupiunt
1012 2332 1044 2389 et
1065 2324 1232 2409 ἐμπλησθῇ

140 2429 293 2495 stituunt.
329 2424 510 2491 Articulum
537 2426 754 2491 necessarium
778 2444 848 2494 esse
871 2428 904 2493 in
928 2426 1051 2506 ήνιθλιξ
1068 2436 1103 2496 et
1126 2448 1244 2516 prooot

139 2533 226 2600 olivo
246 2530 425 2617 optativum
456 2531 578 2617 requiri
602 2548 706 2616 neque
728 2530 914 2617 intelligunt
936 2552 1040 2619 neque
1063 2542 1193 2601 curent.
1236 2538 1244 2601 l

140 2637 228 2706 idem
255 2635 421 2703 [lawesius
449 2637 481 2701 in
514 2634 775 2702 nebarnensibus
797 2641 874 2705 236.
898 2639 1019 2724 reperit
1049 2640 1223 2723 ἐμπλῄμην

140 2743 282 2811 firmavit
314 2742 506 2818 Ravennae,
543 2741 577 2806 in
611 2758 674 2827 quo
709 2739 829 2809 diserte
862 2744 1047 2823 ἐμπλήιμην
1076 2746 1243 2833 seriptum·

139 2848 310 2933 vulgatum
343 2846 538 2934 scripturam
570 2844 750 2925 ἐμπλεθμην
782 2854 906 2915 veteres
941 2850 1090 2935 magistri
1122 2859 1161 2918 ut
1194 2870 1244 2940 pot

139 2952 315 3022 ‹lelendunt
339 2959 562 3037 componentes
586 2951 792 3020 Homericum
819 2952 910 3020 llietl.
929 2962 972 3022 N.
999 2956 1076 3022 288.

318 3057 406 3139 εἴπερ
428 3056 492 3139 γάρ
514 3082 550 3123 ιιε
572 3058 663 3138 βλεῖο
686 3058 869 3138 πονεύμενος
894 3059 926 3134 tt
949 3060 1089 3134 τυπείης.

138 3165 296 3251 aliquem
320 3162 425 3229 loeum
448 3161 493 3228 nil
524 3162 600 3228 meli
629 3164 831 3250 suspicantes
854 3163 1000 3249 Magistri
1022 3172 1199 3233 annotant:
1222 3164 1243 3235 i«

136 3270 298 3338 οὶιιέλοιιθον
314 3278 438 3353 μιτοχή
460 3277 500 3351 τῇ
521 3268 737 3348 βλέμινος.
759 3304 805 3319 —·
826 3272 865 3344 eir
886 3266 937 3337 οὖν
959 3271 1123 3350 θέμειος
1146 3272 1225 3340 islo

136 3375 324 3456 βλήμενος
354 3375 477 3454 βλεῖο.
525 3374 591 3440 lloe
618 3393 694 3440 vero
724 3382 774 3440 est
801 3375 926 3441 πλήθειν
954 3376 1150 3456 metisse
1185 3385 1220 3446 et

135 3503 226 3562 μενος
255 3498 295 3545 ne
317 3486 365 3545 est
385 3477 515 3565 quidem
540 3477 699 3545 (ireseum
727 3479 929 3547 vocobulum.
978 3479 1019 3548 llt
1049 3483 1243 3562 ἐνεπλήμην,

136 3601 258 3663 πλήσο,
290 3586 483 3667 ἐμπλήμην,
513 3586 692 3664 ἕμπλησθοιι
715 3593 747 3653 ei
775 3587 975 3665 ἐμπλήμενος
1011 3587 1120 3654 Attice
1146 3598 1243 3666 sutri.

137 3690 307 3759 Homerica
334 3690 498 3769 ἐβλήμην,
523 3692 660 3770 ἐβλήτο,
689 3693 813 3771 βλῆτο,
848 3691 986 3769 βλήσθοιι
1015 3700 1049 3759 et
1074 3693 1234 3775 βλήμενος

136 3799 170 3863 in
193 3797 350 3877 βλήμενος
374 3796 428 3876 ἐῷ,
452 3797 609 3875 βλήμενος
633 3797 665 3873 rii
694 3795 803 3870 τοτεής
828 3805 861 3862 et
884 3798 1017 3884 passim.
1048 3799 1162 3885 linquo
1189 3810 1242 3888 opi

136 3904 222 3969 iuste
246 3899 348 3967 forme
373 3909 424 3967 est
454 3901 602 3983 βλήμην,
631 3903 735 3985 βλήι,
769 3904 871 3984 βλῆτο
898 3910 932 3970 et
956 3903 1155 3972 reiciendum
1190 3908 1242 3973 l'ol

135 4008 221 4090 εἴπερ
235 4006 298 4087 yolo
319 4030 354 4071 νε
372 4006 474 4088 βλήο,
499 4006 584 4092 quod
605 4006 727 4074 dudum
749 4008 931 4076 lirunoliius
948 4009 988 4076 ed
1011 4010 1227 4100 Lysistrelom

136 4111 321 4200 praecepit,
346 4113 385 4186 ὤς
406 4110 470 4194 γὰρ
493 4114 740 4192 ἐμπλήμενος
770 4116 953 4196 ἐμπλήο,
981 4114 1059 4184 οὕτω
1089 4115 1143 4183 ui
1169 4116 1242 4197 βλι

135 4242 191 4291 νος
214 4218 334 4300 βληῑο,
358 4224 394 4282 ut
413 4213 535 4302 opinor.
583 4217 662 4285 Cum
685 4218 853 4286 Homerios
873 4217 975 4287 forme
994 4222 1077 4304 βλῇι
1104 4240 1242 4310 compen

135 4329 183 4387 est
199 4320 301 4388 lormu
313 4322 446 4406 optativi
466 4340 505 4387 en
521 4322 640 4389 eorislo
660 4324 793 4405 ἰφθίμην
813 4334 984 4411 propagate
1004 4326 1122 4409 φθθμιιν
1143 4327 1175 4415 (e
1191 4330 1242 4413 Φθ.
