2940 5010
64 102 156 181 reri,
178 100 235 170 ubi
259 99 476 191 philosophiae
497 99 681 166 Socraticae
704 106 874 185 praecepta
897 106 930 165 et
950 100 1076 167 Atticas
1106 100 1254 170 humani·

65 208 148 277 tntis
170 216 206 278 et
223 206 401 295 elegantiae
420 216 454 273 et
478 204 674 273 urbanitatis
697 203 820 292 lepores
842 223 918 271 cum
942 204 1156 274 Barbamrum
1183 228 1253 296 per·

63 314 156 383 sonis
178 322 212 383 et
239 311 387 381 moribus
408 320 441 380 et
461 311 620 377 institutis
647 330 710 376 non
734 307 906 376 admodum
941 309 1024 379 salse
1052 322 1111 380 aut
1141 313 1253 400 proba·

63 416 178 487 billter
204 420 448 505 coniunguntur
470 425 503 484 ct
525 414 772 503 permiscentur.
819 414 922 496 Quam
947 414 1073 485 diversa
1096 428 1145 485 est
1168 420 1254 486 Ana-

62 522 178 593 bmaos
207 526 308 604 ratio,
338 525 372 590 in
401 542 464 609 qua
487 524 601 588 vivrrnt
631 522 738 588 omnia
764 529 797 586 et
820 522 946 607 spirant
968 530 1001 587 et
1025 529 1190 609 tamquam
1218 525 1252 591 in

62 630 169 699 oculis
191 630 369 717 legantium
392 636 572 715 geruntur,
606 632 726 694 utnon
750 625 880 693 auditor
907 634 1034 694 tantum
1065 627 1121 696 sed
1155 630 1253 697 etiam

61 742 229 825 spectator
247 754 319 803 esse
340 736 426 802 inter
448 732 619 820 legendum
647 731 707 797 tibi
731 731 878 798 videaris.
926 732 1030 800 Tanta
1052 741 1103 801 est
1126 738 1144 812 si
1166 746 1250 805 Ξενο-

61 838 357 925 minacissimis
387 838 548 921 μονονουχὶ
569 838 753 914 δεικνύοντος
784 837 853 921 ὄψει
885 839 938 905 eei
972 848 1037 915 τοῖς
1065 841 1254 923 σοοέγμοισιν

63 950 106 1023 ὥς
129 950 165 1015 οὗ
187 946 407 1027 γεγενημένοις
425 944 515 1013 ἀλλὰ
532 943 725 1024 γιγνομένοις
749 942 915 1026 ἐφιςιέντος
946 946 996 1011 risi
1022 948 1074 1014 riu
1102 951 1255 1031 οὶκοοοισὺν

64 1054 100 1119 is
121 1050 217 1121 fatte
239 1049 293 1119 sat
316 1052 612 1131 συγκινδυνεύοντα,
637 1057 674 1115 ut
702 1049 884 1116 rectissime
906 1048 946 1117 de
970 1052 1108 1119 tnabasi
1133 1053 1256 1121 iudicat

62 1154 262 1227 Plutarchus
285 1156 319 1223 ln
346 1157 523 1223 Artaxerxe
552 1174 623 1242 cap.
644 1153 729 1220 vttl.
776 1154 870 1222 lluuc
900 1156 1002 1242 igitur
1028 1157 1148 1225 librum
1170 1162 1198 1225 si
1222 1166 1254 1227 et

59 1262 269 1333 emblematis
290 1260 519 1349 complusculis
541 1269 574 1328 et
592 1258 717 1328 mendis
740 1260 969 1348 erroribusque
994 1261 1171 1332 liberavero
1190 1285 1254 1335 non

58 1366 152 1437 rnnla
180 1370 285 1435 otium
314 1366 396 1434 mihi
419 1366 592 1433 collocasse
618 1364 751 1433 videbor
772 1373 805 1433 et
836 1365 976 1453 aliquam
998 1369 1135 1453 gratiam
1168 1373 1253 1461 apud

59 1492 180 1541 omnes
209 1474 267 1560 qui
299 1472 544 1561 Xenophontem
577 1478 689 1538 amant
722 1471 875 1539 initums.
930 1471 1023 1539 hlulti
1054 1474 1118 1542 iam
1150 1477 1254 1544 multa

60 1586 164 1647 acuto
184 1576 338 1647 viderunt
359 1586 393 1646 et
418 1578 605 1664 aequiorum
631 1576 744 1663 putida
771 1575 991 1644 additamenta
1020 1583 1159 1648 resecari
1185 1584 1252 1649 ius·

60 1690 201 1763 munt,
223 1684 281 1751 sed
299 1703 375 1752 raro
386 1682 534 1750 Editoros
555 1680 693 1749 audiunt
713 1689 771 1749 aut
792 1681 851 1748 boc
875 1691 997 1768 agunt,
1021 1702 1084 1771 quo
1105 1686 1252 1755 crebrius

62 1790 110 1859 iis
132 1788 277 1859 vellenda
295 1790 386 1856 auris
404 1797 472 1869 est,
506 1790 535 1855 si
564 1786 647 1855 sorte
670 1786 849 1854 multorum
876 1806 1034 1857 consensu
1063 1804 1255 1863 moveantur

62 1904 103 1965 st
123 1914 208 1985 qnae
233 1895 345 1984 spuria
363 1900 397 1962 et
414 1894 624 1981 suppositicia
645 1894 713 1960 sint
731 1892 889 1980 expellere
909 1892 1081 1981 aliquando
1099 1898 1253 1967 audeant:

64 1998 280 2091 quamobrem
309 1998 444 2067 subinde
466 1998 605 2066 aliorum
631 1999 849 2086 suspiciones,
881 2018 964 2085 quae
989 1999 1119 2088 quidem
1147 2003 1253 2073 admo

61 2106 149 2175 dnm
180 2102 359 2195 probabiles
389 2124 427 2172 ac
453 2122 554 2192 paene
581 2114 690 2172 certae
725 2102 806 2170 mihi
836 2102 1030 2185 videantur,
1060 2128 1253 2178 commemo·

63 2210 170 2292 nbc,
197 2212 388 2300 praesertim
421 2212 462 2277 iis
493 2212 527 2277 ia
559 2211 658 2290 loeis,
693 2229 774 2298 quos
803 2208 927 2295 pridem
957 2212 1025 2300 ipse
1055 2213 1255 2283 adulterinos

62 2336 142 2389 uu
164 2317 349 2407 suspicatus
377 2314 494 2383 deinde
523 2314 661 2383 aliorum
695 2316 866 2382 sententiis
895 2325 928 2383 et
963 2322 1165 2405 argumentis
1195 2342 1254 2409 pro

62 2424 193 2513 spuriis
222 2429 349 2489 notatos
379 2429 413 2489 et
442 2420 657 2510 deprehensos
686 2440 756 2487 esse
785 2424 1011 2509 compererim.
1066 2426 1254 2495 Cuiusmodi

62 2530 182 2597 statim
204 2526 246 2597 ab
268 2527 362 2595 initio
391 2527 456 2595 duo
485 2526 546 2594 loci
578 2535 655 2594 sunt
678 2526 704 2593 l.
731 2548 750 2592 ι.
778 2530 808 2592 2.
831 2537 865 2594 et
890 2528 913 2593 1.
939 2548 960 2593 r.
987 2534 1018 2596 7.
1065 2530 1254 2599 Plenissime

63 2634 158 2703 enlm
190 2634 350 2701 assentior
376 2634 434 2711 iis,
456 2634 513 2721 qui
534 2632 630 2699 rerba
661 2634 911 2714 charissimis
934 2638 1029 2716 Κῦρον
1058 2656 1076 2701 a
1099 2636 1182 2704 male
1203 2658 1255 2705 se·

63 2738 148 2809 dolo
176 2736 296 2807 lectore
331 2738 494 2825 adscripta
531 2756 602 2805 esse
641 2746 837 2804 monuerunt
872 2740 905 2803 ia
941 2744 1014 2827 §h
1050 2742 1253 2824 οὶφεςήκεουν

63 2846 145 2929 σρδς
175 2850 272 2929 Κῦρον
303 2846 407 2911 τοῖσοιι
436 2844 519 2920 πλὴν
553 2845 706 2919 Μιλήτου.
742 2845 774 2910 ἐν
804 2847 936 2928 Μιλήτῳ
971 2845 1004 2911 ai
1033 2850 1253 2932 Τισσαφέρνης

64 2948 303 3035 προαισθόμενος
325 2950 369 3016 σοὶ
391 2950 478 3017 οὗτοὶ
500 2953 607 3014 τοῦτον
631 2950 870 3028 βουλευομένους
906 2950 1074 3039 [brorium
1097 2955 1172 3036 πρὸς
1193 2964 1254 3023 Κῦ-

64 3056 229 3147 psalerniae
254 3055 313 3135 μὶν
343 3057 445 3121 αὐτῶν
473 3054 639 3121 ἀπέκτεινε
662 3056 732 3127 τοὺς
755 3056 783 3121 δ’
806 3053 970 3134 ἐξέβαλεν.
1016 3056 1079 3141 Qui
1108 3058 1254 3129 homines

66 3160 158 3229 docti
193 3158 354 3227 insulsum
381 3157 540 3227 emblema
571 3158 775 3229 retinendum
807 3179 877 3228 esse
909 3162 1132 3246 arbitrantur,
1164 3188 1256 3236 nuru·

64 3284 166 3357 qnam
190 3264 252 3354 ipsi
274 3264 308 3331 in
331 3262 389 3332 tali
411 3284 448 3331 re
467 3272 534 3332 tam
561 3263 729 3352 pueriliter
751 3266 904 3352 scripturi
926 3266 1085 3349 luissent,
1109 3274 1164 3340 sed
1191 3295 1254 3344 non

65 3372 152 3441 satis
173 3378 226 3439 est
246 3366 343 3437 rerba
364 3370 475 3457 spuria
506 3370 684 3437 rosecoisse
713 3368 753 3436 ad
785 3370 847 3437 looi
875 3374 1130 3444 emendationem
1162 3382 1255 3467 perli-

64 3472 238 3547 m'nndam:
273 3494 412 3561 namque
433 3484 466 3541 et
489 3473 678 3541 vocabulum
703 3477 920 3544 necessarium
944 3480 1085 3561 excidit,
1107 3494 1139 3552 ot
1167 3487 1255 3557 aliud

64 3598 242 3673 perperam
275 3578 429 3647 abundat.
476 3580 588 3648 llicam
622 3580 700 3669 quid
725 3582 805 3649 mibi
829 3583 1035 3652 scribendum
1059 3607 1129 3655 esse
1149 3590 1254 3659 videa·

65 3696 148 3767 tur,
178 3684 275 3753 cuius
303 3686 514 3753 correctionis
544 3696 735 3774 argumenta
758 3688 785 3755 si
807 3689 880 3775 quis
904 3689 963 3755 boc
991 3691 1058 3777 agit
1088 3713 1149 3760 non
1173 3696 1254 3765 dilli-

67 3792 178 3863 cullen·
206 3790 356 3881 reperiet.
411 3791 655 3862 umenuanuum
690 3803 798 3862 autem
827 3814 898 3860 esso
931 3816 1064 3864 conseo:
1099 3808 1256 3883 προοισοό-

64 3898 162 3981 μενος
191 3921 308 3971 τινος
337 3897 444 3964 retra
468 3899 707 3979 βουλευομένους
736 3904 807 3975 τοὺς
838 3902 895 3979 μὲν
926 3905 1057 3968 αὐτῶν
1091 3906 1255 3980 ἀπέκτεινε

64 4006 138 4079 sebe
160 4004 190 4069 δ’
213 4000 376 4083 ἐξέβαλεν.
423 4003 569 4071 Alterum
594 4006 626 4071 in
652 4005 720 4093 ipso
739 4004 852 4073 limine
875 4006 1030 4075 emblema
1054 4020 1103 4077 est
1127 4012 1144 4097 ,i
1165 4020 1196 4081 2.
1223 4021 1255 4087 in
