2940 5010
685 299 749 362 772

125 472 202 551 μίαν
227 469 413 552 προτιθέναι,
437 470 585 555 sequitur
607 468 766 543 θοθνατος
798 468 872 560 (non
897 469 1041 559 θανοθτον)
1066 469 1166 552 ζημθοι
1190 469 1307 554 πρθιιειι

125 603 177 644 τοι
202 576 321 644 Graece
344 575 408 640 diei
431 582 463 640 et
487 593 506 639 a
530 572 718 664 Thucydide
741 575 864 642 dietum
888 594 968 643 esse.

171 682 207 747 ln
232 681 285 748 lV.
310 684 373 746 22:
405 682 431 746 si
458 678 490 745 δέ
518 706 566 755 τις
597 681 682 748 τοῦτ’
706 683 880 761 ἐνθυμεῖται
910 683 957 754 de
980 681 1106 748 ἐπειδὰν
1127 683 1240 749 πολλοὶ
1261 685 1302 767 θρ-

125 786 225 867 ydem
258 785 407 864 γένωνται
436 785 544 852 πολλοὶ
572 791 746 871 φανοῦνται
777 787 829 852 καὶ
854 789 879 852 οἱ
909 785 1150 868 μισθωσάμενοι,
1184 789 1231 856 ita
1253 786 1301 856 de·

125 913 214 960 mum
239 891 397 976 intelliges
418 890 495 977 quid
519 889 606 958 dicat
626 891 799 979 Xenophon
823 892 851 957 si
880 910 938 979 pro
960 895 1000 966 dc
1023 893 1209 979 reposueris
1228 894 1301 968 πῶς.

127 998 317 1085 Suspicatur
336 997 421 1063 enim
445 995 512 1063 iore
535 998 590 1083 qui
614 999 659 1064 ita
691 1018 799 1065 secum
822 998 985 1082 cogitent:
1017 1004 1091 1072 πῶς
1123 999 1178 1066 καὶ
1202 1002 1230 1066 oi
1254 1022 1303 1080 ρα-

124 1104 304 1184 σθωσθμενοι
339 1102 447 1168 πολλοὶ
481 1108 668 1185 φωνοῦνται;
691 1122 773 1191 quae
796 1101 974 1169 dubitantis
995 1102 1099 1169 oratio
1122 1113 1172 1170 cst
1195 1113 1229 1171 et
1250 1103 1302 1172 olt-

124 1210 288 1278 iicientis.
1077 1227 1088 1241 “

181 1315 297 1381 Contra
320 1312 513 1380 sententiam
547 1312 666 1400 legitur
686 1312 740 1380 lV.
765 1317 828 1379 23:
863 1313 928 1380 θπθ
959 1337 1000 1393 με
1027 1315 1091 1394 μὴν
1120 1314 1232 1382 τούτου
1252 1320 1304 1383 τοῦ

125 1423 252 1503 αριθμοῦ
275 1420 309 1497 ἣν
328 1418 436 1498 θβολθν
458 1415 567 1493 ἕκαςοο
587 1421 688 1497 θτελιῑ
708 1428 765 1495 τῆς
788 1420 903 1502 ἡμέρας
925 1420 1020 1504 φθρν
1044 1423 1063 1498 θ
1084 1421 1143 1500 μὲν
1164 1421 1305 1503 τρθσιθος

126 1525 273 1603 ἑξήκοντα
293 1523 440 1591 τοθλαντα
460 1529 514 1590 τοῦ
535 1525 684 1591 ἐνιαυτοῦ.
730 1523 850 1612 Nempe
865 1526 974 1606 θβολθν
996 1525 1130 1608 φέρειν
1153 1534 1213 1603 τοῖς
1235 1527 1305 1607 sipl-

126 1656 180 1714 ρας
204 1640 252 1696 est
275 1650 395 1695 merere
415 1629 447 1693 in
472 1629 557 1695 diem
581 1629 724 1707 obolum,
748 1638 785 1696 ut
805 1639 915 1697 notum
940 1638 1041 1698 estet
1063 1629 1178 1697 multis
1203 1651 1305 1698 enem-

126 1736 189 1826 plis
218 1755 316 1822 supra
348 1733 555 1801 ostendimus.
603 1736 704 1818 Φέρειν
734 1737 865 1816 ilicum,
898 1737 945 1802 δύ’
968 1737 1089 1816 ὀβολώ,
1119 1737 1306 1818 τριώβολα,

126 1844 292 1926 δραχμήν,
317 1841 366 1907 δύο
389 1840 537 1922 δραχμάς
561 1849 592 1907 et
616 1841 736 1907 similia
759 1842 867 1907 omnia
889 1848 1077 1907 constanter
1095 1841 1136 1906 ab
1158 1839 1307 1907 omuibus

127 1949 281 2017 dicuntur
296 1945 335 2012 de
347 1945 486 2011 mercede
510 1954 566 2011 aut
589 1945 761 2031 stipendio,
784 1944 867 2032 qnod
888 1947 961 2032 quis
982 1958 1120 2024 merem,
1145 1955 1182 2013 nt
1205 1948 1308 2026 μισθθν

127 2055 239 2137 φέρειν.
286 2050 380 2118 Certa
402 2059 435 2116 et
457 2050 637 2116 indubitata
662 2071 713 2117 res
742 2060 800 2117 est.
847 2050 931 2132 Quid
958 2052 1059 2138 igitur
1087 2050 1148 2117 hoc
1171 2050 1244 2118 loco
1266 2049 1308 2116 la·

128 2157 275 2226 olemus?
311 2155 523 2223 Retrahemos
546 2176 564 2222 e
589 2154 663 2242 luga
694 2157 983 2243 praepositionem,
1015 2157 1109 2223 cuius
1137 2156 1222 2243 sigla
1245 2175 1308 2223 sae·

127 2264 258 2353 pissime
287 2262 470 2348 sequiorum
504 2269 685 2348 temporum
718 2261 840 2328 scribas
870 2263 903 2327 in
931 2282 1073 2329 errorem
1104 2261 1256 2348 impulit,
1278 2268 1308 2328 et

126 2368 321 2438 scribemus:
346 2368 362 2444 t
383 2368 491 2446 θβολθν
511 2364 620 2441 duasne
640 2377 695 2443 τῆς
718 2368 833 2449 ἡμέρας
855 2371 954 2443 οὶτελῆ
979 2369 1196 2450 προσφέρω.
1246 2366 1308 2433 Hoc

127 2477 213 2543 enim
236 2473 368 2540 verbum
392 2483 458 2547 est,
482 2492 545 2558 quc
570 2474 600 2537 in
628 2473 682 2538 tali
704 2492 738 2539 re
764 2480 1023 2538 utunturomnes
1045 2472 1196 2559 quodque
1217 2472 1310 2540 verbo

127 2580 279 2664 προσιέναι
298 2587 330 2644 et
350 2579 470 2642 nomini
492 2578 631 2658 πρόσοδοι
655 2577 832 2663 respondet.
871 2580 973 2644 Tanta
993 2587 1042 2645 est
1064 2578 1183 2664 ubique
1205 2598 1308 2645 exem·

127 2688 250 2774 plorum
278 2683 456 2770 frequentia
482 2693 518 2749 ut
539 2686 591 2748 vix
619 2703 699 2769 opus
723 2685 764 2749 sit
789 2703 889 2750 unum
921 2683 1114 2750 stulterum
1140 2703 1309 2770 apponere.

126 2794 164 2861 ln
197 2792 255 2858 hoc
287 2791 356 2877 ipso
387 2788 492 2855 libello
516 2787 568 2854 lV.
599 2794 647 2854 15.
687 2789 872 2855 simillimus
897 2788 985 2854 locus
1018 2799 1086 2854 est:
1121 2790 1249 2867 ἐγένετο
1282 2790 1311 2855 δὲ

126 2898 178 2966 καὶ
203 2898 364 2980 Ἱππονίκῳ
388 2895 534 2973 ἑξακόσια
557 2894 755 2977 ἀνδράποδα,
788 2890 810 2960 ἃ
840 2895 1067 2977 προσέφερε
1101 2899 1184 2972 μνᾶν
1213 2897 1310 2970 οὶπελιῑ

126 3012 181 3080 τῆς
206 3002 331 3083 ἡμέρας.
379 3001 447 3067 Gur
469 2999 541 3082 πρθς
567 2998 712 3066 excidere
736 2999 835 3066 soleat
863 3001 991 3086 saepius
1024 2998 1246 3065 ostendimus:
1279 3002 1309 3065 in

126 3131 192 3196 rep.
216 3106 397 3173 Lacedaem.
417 3107 439 3172 l.
458 3111 489 3173 9.
514 3104 636 3171 videbis
656 3106 872 3170 necessarium
896 3104 1151 3187 προσλαμβάνειν
1173 3105 1206 3170 in
1228 3121 1311 3184 λαμ-

126 3214 234 3294 βάνειν
265 3212 350 3300 apud
380 3211 550 3278 Stobaeum
580 3209 789 3295 depravatum
820 3231 898 3276 esse.
947 3210 1000 3277 Sic
1023 3219 1055 3276 et
1084 3208 1170 3296 apud
1196 3210 1308 3277 llemo

128 3320 273 3386 sthenem
299 3339 370 3404 pag.
396 3322 499 3394 1168,
525 3320 583 3381 ts:
608 3313 756 3398 ἕξαθφννς
779 3316 872 3394 λόγον
895 3341 947 3396 μοι
971 3316 1155 3399 προσφέρει,
1180 3316 1214 3380 in
1240 3314 1311 3381 allis

127 3425 240 3490 vitiose
263 3424 348 3506 φέρει
373 3422 509 3509 legitur,
532 3430 565 3488 et
588 3428 636 3486 est
661 3418 719 3484 hoc
745 3422 861 3487 vitium
882 3419 1053 3486 admodum
1077 3419 1253 3507 frequens,
1277 3429 1311 3487 ut

128 3529 256 3615 saepius
282 3527 490 3595 ostendimus.

173 3633 208 3699 ln
233 3633 287 3700 lV.
312 3639 370 3699 51:
395 3633 488 3700 οὐδενὶ
511 3638 571 3697 τῶν
593 3632 847 3712 παρεληλυθότων
871 3632 1009 3709 εὀικθς,
1033 3652 1145 3699 verum
1169 3653 1242 3699 esse
1265 3632 1308 3697 vi-

128 3739 224 3807 delur
245 3738 348 3805 ἔοικεν.
397 3737 464 3801 Non
489 3745 538 3802 est
570 3734 699 3802 ferenda
733 3737 765 3802 in
800 3740 893 3824 §lh
928 3736 1028 3804 forma
1061 3737 1312 3813 ἕννονρσοθτωσαν,

128 3865 231 3931 neque
248 3845 285 3908 V.
304 3850 334 3910 o.
361 3841 529 3928 utrobique
553 3842 696 3908 Atticum
716 3842 919 3918 ε’ννονσιθντων
943 3863 1081 3929 repone,
1105 3843 1190 3929 quud
1213 3863 1312 3929 quam

128 3948 219 4017 facile
243 3951 275 4016 in
299 3949 413 4015 vitium
446 3947 594 4014 {lectatur
617 3968 711 4034 saepe
743 3949 937 4014 monuimus.
985 3947 1020 4013 ln
1047 3946 1099 4013 lV.
1126 3953 1181 4015 lt.
1206 3968 1247 4015 nc
1271 3946 1312 4015 le·

127 4057 215 4141 gltnr
238 4055 368 4142 quidem
391 4056 422 4119 in
447 4051 542 4118 Codd.
567 4053 815 4130 ἒννονσθτωσαν,
841 4052 896 4120 sed
925 4053 1103 4128 ἐννοησάτω.
1152 4052 1188 4119 ln
1215 4055 1233 4138 §
1257 4057 1309 4120 te.

128 4163 262 4248 repetita
293 4159 414 4249 syllaba
447 4156 674 4226 scribendum:
704 4168 767 4234 πῶς
792 4160 824 4225 δὲ
856 4159 908 4224 καὶ
940 4161 1102 4240 ὁρμήσειαν
1135 4157 1199 4247 (ἄν)
1233 4184 1307 4226 ποτε

127 4266 266 4344 πολέμιοι
295 4267 377 4349 πρὸς.
399 4266 442 4331 τθι
465 4263 639 4344 με’ταλλα;
676 4263 712 4330 ln
739 4269 755 4350 ᾗ
781 4269 834 4331 47.
867 4267 1062 4333 correxerim
1092 4266 1171 4338 εἶαθς
1195 4267 1306 4338 αὐτοὺς

126 4372 366 4450 ιὶπολθσθαι,
390 4391 446 4458 pro
472 4370 681 4436 ιὶπθλλυσθαι.
