2940 5010
725 252 788 313 stt

154 422 382 489 distinxerunt.
430 420 542 508 ltaque
569 423 696 489 etiamsi
732 442 843 490 omnes
870 423 945 491 libri
974 426 1006 492 io
1038 427 1192 508 έλθβοντο
1215 434 1341 519 ennepi-

153 539 263 598 rnrent
295 536 401 594 tamen
433 525 548 607 έλαβον
576 545 689 593 rerum
718 546 788 595 esso
815 538 939 616 poteret
972 541 1131 601 oonstnre.
1178 534 1243 603 Sed
1265 537 1338 606 έλα-

150 638 206 716 βον
231 632 348 701 hahent
381 638 481 698 testes
512 630 661 699 meliores
691 642 724 701 et
747 634 823 702 olim
853 655 872 702 n
903 638 1043 705 l’orsono
1069 641 1249 727 repositum
1272 650 1334 712 est.

150 741 321 828 Sequiores
349 738 463 803 vitiose
497 756 555 821 pro
579 739 822 820 καταλαμβάνω
849 740 958 809 dicere
987 742 1129 811 assolent
1161 762 1335 827 καταλαμ·

148 847 286 928 βένομιιι
311 853 343 909 et
373 842 551 909 sexcenties
573 841 658 928 npud
683 845 956 913 istos'reeurrnnt
979 851 1224 930 καταλαβέσθαι
1252 876 1284 919 τι
1304 862 1335 921 ot

148 949 410 1030 καταλαβόμενος
432 966 490 1034 pru
512 950 712 1029 καταλαβεῖν
733 958 767 1016 αθ
796 953 1012 1033 καταλαβών,
1036 955 1122 1024 unde
1141 958 1261 1027 vilium
1288 961 1336 1027 iu·

148 1065 277 1123 ventum
309 1052 608 1121 estllerodot.V1.
635 1060 689 1121 ss.
726 1054 769 1121 rol
797 1056 830 1122 u
857 1054 949 1125 ἄλλοι
979 1062 1015 1125 οὐ
1042 1064 1336 1145 κατελάβοντο

146 1164 261 1230 τούτων
283 1163 406 1240 μνήμην
432 1159 617 1237 ποοθοομαι,
641 1160 812 1246 expunctis
835 1159 961 1228 duabus
991 1163 1166 1249 litterulis,
1190 1188 1277 1257 quae
1297 1190 1335 1239 οι

148 1290 195 1354 sq.
219 1272 410 1332 TOTTnN
440 1263 657 1331 adhaeserunt
688 1264 823 1332 emenda
855 1268 1044 1349 κατέλαβον.
1093 1272 1130 1338 ln
1154 1274 1335 1364 bynistmtt

148 1394 194 1439 vs.
218 1376 316 1438 1121.
342 1370 397 1435 uhi
422 1367 565 1434 editurz·

327 1472 362 1543 ori
385 1475 411 1540 δ’
435 1473 473 1540 ἂν
497 1476 596 1541 διδῶσι
620 1476 761 1556 πρθοανε
785 1477 953 1552 τούτους
976 1481 1162 1560 λαβομένη,

144 1602 213 1651 rem
237 1601 299 1649 oon
327 1581 435 1666 tetigit
460 1580 621 1646 llobreeus
644 1579 819 1646 emendans
836 1584 944 1649 τούτου
967 1584 1152 1665 λαβομένη,
1175 1586 1233 1655 sed
1258 1589 1332 1658 Edi.

146 1699 231 1755 tores
264 1706 325 1753 noo
350 1684 504 1773 praebent
527 1703 649 1751 aurem.

188 1795 224 1862 ln
249 1797 267 1880 S
292 1799 342 1857 ll.
365 1790 447 1863 irrue
471 1789 622 1856 ἀπέθανεν
641 1790 736 1864 οὐδεὶς
756 1792 839 1865 εἰδὼς
857 1792 985 1871 ἔλεγον,
1007 1794 1129 1877 εέκαζου
1149 1796 1184 1863 δέ
1207 1796 1330 1869 ἄλλοι

144 1899 271 1975 ἄλλως,
294 1890 531 1963 emendandum
550 1905 600 1961 est
624 1894 720 1968 ἄλλος
753 1893 877 1974 ἄλλοι,
901 1900 1053 1984 quonism
1076 1901 1278 1987 οιίοροοθοικοοοι
1299 1908 1332 1973 in

144 2005 201 2073 teli
233 2023 269 2070 re
303 2002 506 2067 coniecturae
529 2019 598 2067 esse
633 1999 746 2066 solent.
795 2000 931 2067 librarii
965 2005 998 2068 in
1030 2003 1216 2073 huiusmodi
1252 2009 1332 2079 loeis

144 2110 234 2178 verbi
253 2117 285 2176 et
306 2107 446 2173 nominis
471 2125 621 2171 numeros
644 2104 865 2191 disorepantes
890 2109 922 2172 in
947 2110 1151 2179 concordiam
1175 2114 1332 2203 redigunt

144 2217 266 2283 scilicet
295 2222 327 2279 et
350 2210 502 2278 videntur
534 2210 594 2277 sibi
620 2210 719 2296 inepti
744 2212 820 2276 vitia
849 2213 1020 2281 sustulisse
1047 2225 1079 2282 et
1113 2217 1331 2289 soloecismos.

143 2320 368 2389 hdhihuerunt
389 2315 522 2383 enodem
547 2316 742 2401 praeclaram
770 2316 961 2385 medicinam
988 2321 1042 2386 elii
1073 2321 1252 2393 ineolis.
1280 2334 1331 2395 tlt.

143 2426 222 2495 οὗτοι
246 2427 322 2505 μὲν,
345 2422 367 2489 ὦ
390 2422 555 2504 Κλέαρχε,
581 2421 678 2494 ἄλλος
701 2420 791 2487 ἄλλα
813 2424 952 2501 λέγει,
976 2425 1043 2489 imo
1067 2446 1142 2495 vero
1163 2432 1330 2513 λέγουσιν,

144 2541 181 2600 ut
200 2530 303 2607 vides,
328 2526 460 2593 sedisti
485 2525 590 2592 verbis
611 2526 764 2612 proximis
792 2529 1127 2601 accommodaverunt.
1176 2536 1226 2603 dd
1247 2536 1331 2607 burte

143 2639 248 2705 lucem
284 2635 316 2699 in
346 2631 399 2698 IV.
425 2653 489 2697 vrrs.
526 2636 578 2698 19.
613 2634 638 2697 οἱ
672 2632 702 2698 δὲ
731 2634 869 2712 πολέμιοι
899 2638 938 2708 sic
971 2635 1099 2719 ἤρξαντο
1133 2641 1195 2707 θεῖν
1226 2644 1329 2711 οὐκέτι

143 2746 256 2819 ἔτορτοον
278 2739 366 2806 ἀλλὰ
389 2743 479 2820 φυγῇ
503 2737 600 2809 ἄλλος
625 2733 708 2819 ἄλλοι
738 2738 960 2820 ἕτροέπετο,
985 2760 1045 2807 non
1071 2741 1129 2810 diu
1163 2744 1330 2817 dubitabis

142 2848 309 2931 ἐτρέποντο
333 2842 485 2928 recipere.

186 2954 254 3021 Non
280 2958 329 3017 est
353 2949 385 3013 in
413 2946 620 3032 Xenophonte
643 2947 808 3014 ferendum
835 2950 858 3016 Ι.
881 2971 932 3016 vn.
958 2954 990 3017 5.
1023 2952 1093 3017 olori
1114 2951 1154 3020 riu
1177 2954 1246 3039 ἔχον
1269 2966 1328 3027 snt

141 3058 259 3127 similia
283 3056 408 3131 omnia,
440 3051 495 3118 sed
518 3054 582 3119 ἄνθ’
606 3050 644 3118 ὦν
673 3053 933 3132 rescribentium,
965 3064 997 3121 et
1018 3058 1136 3143 possim
1161 3058 1248 3131 oliae
1270 3062 1329 3133 ott-

140 3169 246 3234 siones
269 3170 301 3228 et
332 3176 441 3226 crases
462 3157 572 3225 eodem
608 3158 701 3223 modo
734 3159 950 3227 restituendae
973 3173 1068 3241 sunt,
1099 3170 1213 3251 utpote
1246 3186 1328 3255 quun

140 3277 265 3338 constet
294 3274 326 3333 et
354 3264 438 3351 apud
470 3264 680 3332 Athenienses
710 3276 862 3353 perpetuo
899 3285 958 3331 usu
986 3267 1081 3333 tritos
1115 3267 1219 3337 tuisse
1253 3282 1329 3341 ets

140 3374 257 3443 scribis
279 3370 444 3436 obscurari
475 3369 597 3435 solitas.
646 3372 752 3457 Turpe
782 3380 831 3438 est
855 3373 995 3437 retinere
1025 3374 1112 3456 παρα
1130 3376 1328 3459 ’Aternium

141 3479 227 3560 παρὰ
251 3472 461 3556 Ἀλεξάνδρῳ,
484 3478 538 3541 οὐκ
560 3472 627 3541 οἶδα
650 3473 753 3553 ὅπως,
774 3486 806 3544 et
831 3476 893 3542 alin
914 3485 1074 3546 sexcenta.
1110 3478 1157 3548 Ne
1176 3480 1329 3551 reformi·

138 3585 196 3653 des
215 3580 476 3648 membranorum
502 3579 596 3648 lidern
623 3581 744 3668 inspice
772 3580 926 3649 librorum
951 3584 1131 3670 scripturos
1154 3587 1187 3653 in
1214 3587 1328 3677 atiquo

138 3696 231 3780 poeto
253 3694 286 3754 et
304 3702 407 3752 onnus
431 3682 483 3750 illo
511 3686 631 3763 timor,
655 3689 814 3764 soterio,
846 3686 1068 3774 dissipabitur.
1115 3688 1154 3757 ln
1177 3696 1197 3775 5
1219 3698 1253 3761 t.
1283 3692 1327 3761 lv

138 3798 170 3865 bi
190 3798 295 3863 ταῦτα
314 3789 496 3872 ἀνάσχησθε
519 3791 563 3855 τοὶ
584 3790 672 3858 ἄλλα
693 3794 746 3859 καὶ
768 3794 1047 3876 αἰσχύνεσθαί
1067 3818 1121 3875 μοι
1142 3797 1241 3878 itud,
1264 3800 1326 3867 tui·

139 3921 212 3969 rum
248 3899 280 3964 oi
315 3895 439 3962 dederit
471 3893 643 3982 Xenophon
678 3899 903 3981 αἰσχυνεῖσθαι.
960 3898 1127 3968 unbtema
1165 3901 1255 3971 inest
1289 3906 1326 3973 in

138 4012 212 4098 Sil.
245 4002 374 4082 λέγουσί
401 4024 482 4074 τινες
505 3999 552 4067 ὅτι
586 4003 693 4069 πολλοὶ
727 4005 877 4085 ὑπιοχνεῖ
904 4009 955 4069 νῦν
984 4005 1036 4071 διὰ
1067 4008 1103 4075 τὸ
1134 4008 1166 4073 iu
1194 4008 1326 4095 τοιούτῳ

137 4110 214 4180 εἶναι
242 4110 309 4200 [τοῦ
333 4106 466 4173 κινδύνου
489 4106 699 4195 προοιδντος],
724 4109 751 4173 si
773 4110 847 4195 quis
872 4104 968 4196 probe
990 4112 1138 4178 meminit
1159 4132 1226 4200 quo
1248 4134 1328 4183 sen.

36 4239 37 4244 ,
139 4238 177 4284 sn
197 4218 229 4282 έν
251 4208 471 4297 northusium
493 4210 638 4293 dicatur,
662 4213 756 4279 nnius
775 4213 946 4281 locutionis
965 4236 1063 4305 supro
1082 4216 1206 4306 aliquot
1217 4237 1328 4289 exem·

136 4323 187 4410 plo
212 4318 400 4396 attulimus,
423 4316 519 4384 verbo
542 4317 694 4385 additiein
717 4338 799 4406 quoe
822 4322 1014 4390 sententium
1034 4332 1171 4391 onerant
1190 4344 1325 4395 meeum
