2940 5010
699 278 764 342 628

140 454 283 517 nepetae.
332 450 546 517 Luculentum
577 451 759 538 exemptum
781 458 830 519 est
860 450 944 539 apud
972 447 1141 518 Alexidem
1172 446 1313 515 Athenaei

141 576 172 641 p.
194 560 269 622 585.
301 555 333 622 C.
382 556 463 621 hine
496 556 597 641 igitur
627 565 771 623 sumtum
801 560 1024 639 προσκωυίῆνονο
1058 554 1100 622 ad
1138 562 1313 639 turpemet

144 660 339 746 flagitiosum
365 682 506 728 amoram
539 661 660 729 orhane
684 665 829 749 sciteque
862 662 1055 729 translatum
1081 669 1146 728 est.
1195 656 1257 725 Sed
1277 678 1315 725 re

141 765 200 833 deo
221 766 259 833 ad
285 788 340 845 ea,
364 767 449 834 unde
469 768 533 833 ium
556 768 721 854 digressus
743 788 826 834 sum.

187 872 221 937 in
252 892 321 958 cap.
342 871 396 941 lv.
423 877 476 938 517..
511 873 615 939 bisin
642 874 733 942 tibris
765 873 915 941 omnibus
944 875 1058 941 vitiose
1090 872 1254 958 scriptum
1278 876 1317 935 est

141 979 240 1044 οὐκίτο
265 978 353 1043 οὐδὲ
379 979 467 1057 μέλον
500 980 596 1045 οὐδενί
619 988 652 1046 et
674 981 764 1046 οὐδὲ
789 980 853 1061 γὰρ
877 979 961 1063 ἔχω,
987 1000 1046 1068 pro
1068 978 1191 1045 οὐδὲν
1217 974 1317 1054 μέλει,

141 1083 225 1169 quod
251 1082 533 1163 Hemsterhusius,
557 1093 589 1150 et
612 1087 716 1151 οὐδὲν
742 1087 806 1167 γὰρ
830 1084 916 1169 ἔχω,
942 1084 1027 1172 quod
1052 1080 1263 1150 Heindoriius
1280 1099 1318 1146 re·

139 1189 276 1254 vocavit.
324 1188 408 1255 Haeo
442 1209 569 1276 quoquc
603 1193 782 1278 scripturae
816 1190 1032 1278 discrepantia
1063 1186 1229 1253 traiatieia
1259 1192 1318 1261 est.

139 1303 235 1380 atque
259 1292 337 1359 arico
360 1296 463 1359 nostri
485 1303 533 1360 est
559 1296 677 1383 ubique
705 1297 834 1363 arbitrii
859 1302 1021 1362 contemta
1050 1292 1137 1358 fictili
1171 1289 1316 1358 enatem

139 1401 334 1466 auctoritate
366 1401 563 1468 constituere
598 1404 633 1468 ἐκ
662 1409 721 1468 τῶν
756 1400 1020 1485 συμφραζομένων
1050 1408 1163 1465 utrum
1197 1396 1316 1464 οὐδέν·

140 1505 223 1572 οὐδέν
247 1507 290 1570 sit
313 1505 407 1570 irctio
430 1507 547 1574 verior.
597 1505 687 1573 luvat
713 1528 752 1574 ex
776 1505 966 1575 Oratoribus
989 1505 1109 1571 Atticis
1134 1501 1224 1569 iocos
1245 1519 1318 1567 coro·

140 1610 304 1698 plusculos
328 1611 376 1675 sie
399 1609 588 1696 depravatos
620 1632 779 1699 apponere
811 1610 1056 1679 emendatiores.
1106 1607 1143 1673 ln
1177 1606 1318 1673 isocratis

139 1716 338 1783 Archidamo
362 1720 417 1782 80.
442 1720 568 1802 corrige
599 1718 686 1785 οὐδὲ
717 1718 780 1797 γὰρ
805 1716 843 1782 ἂν
867 1724 985 1792 πολλοῖς
1011 1715 1241 1795 προιρμοοτείονς
1261 1714 1316 1789 iul·

140 1848 241 1902 σενεν,
265 1821 321 1887 uhi
344 1821 428 1885 οὐδέν
451 1819 570 1888 editur.
619 1820 814 1908 Antiphonti
847 1821 945 1888 redde
964 1820 1005 1890 V.
1031 1825 1094 1893 45,
1128 1819 1201 1884 οὔτε
1234 1819 1316 1897 turi

139 1940 183 2013 γῇ
208 1936 332 2007 σημεῖον
358 1925 464 2015 (οὐδὲν)
490 1927 556 1991 οὐδὲ
580 1922 662 2005 aiere
695 1928 819 2011 ἐφοίνν,
844 1925 900 1992 uhi
928 1925 1148 1992 necessarium
1172 1924 1257 1989 οὐδέν
1278 1923 1317 1987 io·

139 2035 324 2103 teroiderat.
372 2031 480 2099 Redde
505 2031 665 2098 Dinarcho
684 2032 722 2099 ΙΙ.
752 2039 802 2100 le.
825 2033 944 2112 οὶροοίὸν
968 2032 1026 2111 μὲν
1050 2032 1135 2110 ὑμᾶς
1159 2029 1317 2105 πεποίηκεν

139 2142 250 2208 οὐδὲν
283 2140 426 2212 πώποτε,
460 2157 518 2223 piro
550 2138 615 2203 οὐδὲ
646 2140 781 2205 πώποτε.
830 2139 865 2205 lu
891 2136 1031 2226 Lycurgi
1062 2136 1237 2203 Leocratoa
1259 2136 1316 2209 52,

139 2245 303 2336 probanda
326 2254 374 2311 est
399 2242 534 2308 Bekkeri
559 2245 736 2310 eorrectio:
766 2246 842 2310 οὐδ’
875 2246 937 2327 ἐφ’
962 2245 1033 2323 ὑμῖν
1055 2241 1314 2325 &coenofrurio

138 2352 338 2434 Λεωκράτους
364 2371 420 2437 pro
451 2349 562 2415 οὐδὲν
587 2350 669 2429 ὑμῖν.
717 2349 826 2416 Redde
855 2346 1009 2415 Aeschini
1031 2346 1070 2412 ll.
1096 2351 1150 2412 74.
1177 2346 1245 2428 περὶ
1265 2344 1315 2424 ph

138 2470 194 2537 τῆς
218 2457 368 2537 σωτηρίοις
389 2465 444 2531 τῆς
467 2455 585 2528 πόλεως
608 2457 683 2522 οὐδ’
715 2457 884 2537 ἐνεχείρουν
907 2455 1012 2533 λίνεον
1041 2473 1098 2539 pro
1127 2454 1241 2520 οὐδὲν
1263 2453 1314 2516 dra·

136 2566 267 2647 χείρουν.
316 2559 424 2627 Redde
456 2558 662 2626 Demostheni
684 2562 722 2628 X.
750 2567 782 2627 8.
817 2560 899 2625 οὐδὲν
929 2559 1132 2640 ἐφροντίσωτε
1166 2560 1230 2625 οὐδ’
1252 2558 1313 2623 ἕπε·

137 2669 281 2752 ςροίφνρτε
305 2667 393 2732 οὐδὲ
417 2665 531 2731 τούτων
553 2686 609 2751 pro
632 2669 714 2733 οὐδὲν
736 2668 869 2744 τούτων,
893 2673 925 2730 et
950 2664 1016 2729 XX.
1044 2669 1076 2730 7.
1110 2660 1186 2729 ίτοιν
1208 2688 1313 2729 ποοντε·

137 2780 197 2848 aec
227 2773 351 2854 μηδὲν
383 2770 476 2837 πλέον
508 2771 612 2853 με’λλρ
642 2769 717 2838 cium
751 2781 813 2845 τοῖς
843 2776 970 2851 χρλςοῖς
1001 2766 1100 2843 οὖσιν,
1140 2788 1200 2854 pro
1223 2767 1311 2846 μηδὲ

137 2881 230 2948 πλέον
251 2880 355 2961 μέλλρ
379 2875 501 2964 [μηδὲν]
537 2874 637 2949 είνοιν,
664 2888 696 2944 et
720 2878 796 2945 ihid.
833 2879 960 2962 §140‚
990 2875 1101 2942 οὐδὲν
1127 2872 1190 2943 ἔςον
1215 2872 1311 2945 ὄνειδος

138 3008 196 3075 pro
219 2987 279 3053 οὐδ’
304 2985 378 3054 ἐςίν.
404 2992 435 3048 et
459 2982 543 3050 xxi.
571 2986 646 3049 122.
670 2984 781 3050 οὐδὲν
808 2985 902 3049 αὐτὸν
927 2980 1091 3057 ieiunum
1117 3000 1176 3066 pro
1199 2980 1265 3047 emt
1285 2984 1312 3044 et

137 3093 252 3161 xxvi.
280 3095 333 3160 16.
366 3089 468 3154 οὐδὲν
491 3090 644 3171 χρίσομος
664 3110 723 3175 pro
742 3089 821 3157 οὐδέ.
869 3088 986 3153 Corum
1009 3095 1094 3152 reete
1117 3087 1150 3150 in
1171 3086 1311 3173 Sympos.

136 3198 221 3264 Vlli.
247 3202 277 3263 5.
311 3193 517 3261 emendatum
542 3201 590 3260 est
613 3195 696 3260 οὐδὲ
721 3198 805 3272 ἡμᾶς
828 3194 898 3268 τοὺς
919 3194 1088 3272 ἀνθρώπους
1108 3192 1240 3275 ὑπερορᾷ
1264 3206 1313 3276 pro

47 3329 53 3340 ·
137 3305 219 3370 οὐδὲν
243 3306 346 3380 ἡμᾶς,
370 3308 401 3366 et
426 3299 521 3365 multi
546 3299 650 3365 acihuo
674 3299 734 3364 loci
760 3299 898 3364 similem
929 3297 1187 3364 emendationem
1213 3312 1312 3382 exspe-

137 3416 236 3473 etant.

182 3515 219 3581 ln
242 3513 296 3579 IV.
324 3518 376 3579 55.
408 3513 421 3577 ὁ
444 3513 502 3593 μὲν
523 3515 623 3578 αὐτῶν
641 3515 815 3593 τάρκοῦντα
835 3509 902 3593 ἔχεο
926 3509 979 3575 eei
1000 3507 1223 3590 mopseustiam
1246 3504 1308 3593 [rii]

135 3630 191 3698 τῆς
224 3617 388 3695 δοοποίννς,
423 3627 510 3684 reete
541 3616 724 3684 hindorhus
756 3615 840 3681 male
874 3617 1047 3702 repetitum
1084 3634 1123 3680 eu
1156 3615 1311 3702 superiore

134 3725 255 3816 spiiaha
277 3721 320 3789 τοί
346 3725 497 3790 resecuit.

180 3832 216 3899 Io
236 3831 360 3896 litae.
387 3834 502 3894 πονοῦσι
525 3830 605 3895 πολὺ
624 3829 776 3910 δεννίτεροο
799 3835 858 3894 τῶν
878 3824 1136 3921 ἀπορωτέρων,
1160 3826 1225 3891 imo
1246 3843 1308 3891 vero

134 3946 191 4008 τῶν
220 3935 449 4018 οίπορωτοίτων,
475 3943 510 4000 ut
534 3935 703 4020 occupavit
738 3953 891 4019 reponere
925 3931 1119 3998 Dindorsrus.
1168 3930 1227 3997 Est
1257 3932 1308 3995 ista

136 4045 288 4112 solemnis
311 4051 342 4107 et
370 4048 523 4128 perpetua
550 4042 579 4104 iu
606 4039 697 4104 libris
729 4038 892 4115 consensio,
915 4038 1042 4123 saepius
1074 4037 1139 4101 iam
1163 4056 1182 4103 a
1206 4034 1307 4103 multis

134 4157 300 4226 correcta,
324 4167 417 4234 saepe
438 4148 534 4213 etiam
557 4166 643 4211 nune
665 4144 866 4230 corrigenda.

179 4257 215 4321 In
252 4257 346 4338 §57.
378 4252 407 4317 εί
435 4278 482 4326 τος
518 4253 638 4341 [πολλοὶ
675 4251 754 4334 ἔχων
787 4250 855 4337 eei]
888 4249 994 4335 πολλοὶ
1028 4250 1132 4315 ἐσθίων
1160 4249 1307 4329 μηδέποτε

134 4362 348 4441 ἑμσίπλοωσο,
374 4358 494 4444 optime
518 4356 663 4425 hinton.
690 4356 846 4424 cnairiema
868 4356 1046 4444 expunxit:
1069 4364 1242 4443 praeterea
1262 4355 1307 4433 ἑμ-
