2940 5010
702 294 766 356 ten

137 464 239 532 Verba
263 463 418 554 disyllaba
443 461 507 530 sola
530 489 550 530 σ
575 465 732 545 retinent,
755 464 867 543 κτίσον,
890 466 1003 548 σχίσιν.
1052 464 1106 534 ste
1125 475 1159 534 et
1180 468 1322 548 βλίττειν

135 571 231 638 babet
256 571 358 649 βλίσο
390 578 422 635 et
451 570 592 636 πτίσσειν
621 572 739 648 πτίσς,
771 579 898 638 caetera
934 572 1042 638 onruia
1071 580 1120 639 τῶ
1148 571 1272 640 babeat
1291 582 1322 640 et

136 684 265 758 -ισῶραι,
298 676 333 742 tu
355 674 536 760 fragmento
560 675 702 743 Platonis
721 677 842 744 Comici
861 675 947 764 apud
969 675 1118 744 Pbotium
1135 698 1165 743 ι.
1184 675 1323 757 Φίλαγξ

135 783 306 850 scribitur:
337 781 515 847 ἐοίκασιν
543 783 618 860 ἡμῖν
647 784 675 848 ol
701 782 784 862 νόμον
806 782 938 850 τουτοισί
962 790 1042 849 τοῖσι
1065 793 1228 852 λεπτοῖσιν
1249 786 1323 865 ripa·

134 890 231 972 χιίοις
252 883 275 955 ἃ
299 894 378 953 τοῖσι
399 887 549 968 τοίχοισιν
574 888 591 962 ἦ
615 885 756 970 φάλαγξ
780 890 924 972 ὑφαίνει,
941 886 1002 954 sed
1027 897 1121 974 pcata
1144 888 1296 957 dederat:

268 990 441 1069 Εῖξαοιν
464 994 537 1070 ἡμῖν
560 994 586 1057 oi
612 992 695 1072 νίαοι
718 994 851 1061 τούτοισι
877 1003 956 1061 τοῖσι
978 1003 1107 1069 λεπτοῖς

268 1098 444 1180 ἀραχνίοις,
468 1093 507 1163 ἂν
523 1104 601 1163 τοῖσι
621 1097 739 1181 τοίχοις
762 1102 780 1177 rt
802 1097 944 1183 φσίλοιγξ
962 1100 1108 1181 ὑφαίνει.

135 1205 330 1291 intelligisne
356 1202 440 1268 uude
464 1203 596 1269 ἐοίκασιν
622 1205 697 1281 ἡμῖν
716 1205 759 1270 sit
779 1205 916 1271 natum?
964 1202 1108 1272 Emenda
1127 1202 1235 1270 obiter
1255 1203 1322 1270 Ari·

135 1310 301 1397 stephanis
326 1307 521 1374 versiculum
543 1309 576 1373 iu
600 1307 746 1376 Nubibus
772 1314 850 1375 151.

270 1409 356 1480 κοῖτα
379 1413 518 1496 ψυγείσρ
539 1414 730 1498 περιέφυσαν
750 1415 909 1498 Περσικαί.

134 1540 234 1609 quum
261 1527 402 1602 φορῆναι
434 1520 477 1585 sit
505 1519 685 1595 Ἑλληνικόν
715 1539 909 1608 reponemus
938 1520 1081 1586 Atticam
1103 1517 1241 1587 turmam
1264 1527 1321 1603 ψο-

132 1628 245 1711 χείσρ,
270 1623 420 1691 dicebaut
442 1627 529 1692 enim
550 1627 675 1709 ἕψίχοιν
695 1635 727 1692 et
746 1627 926 1709 παραφοχοί
951 1625 1130 1712 penultima
1152 1624 1263 1703 brevi,
1286 1632 1321 1693 ut

134 1733 257 1815 ἐτρίβιιν
288 1739 320 1797 et
348 1731 502 1814 διατριβή.
550 1730 663 1818 ltaque
693 1731 804 1798 eodem
836 1732 957 1798 indicio
985 1730 1076 1798 fraus
1100 1730 1187 1818 apud
1218 1731 1321 1797 Xeno-

132 1839 284 1927 pbontem
307 1835 569 1922 deprehenditur.
624 1839 773 1919 ὀρικον
801 1835 962 1918 ζεῦγος,
996 1839 1120 1923 inquit,
1151 1840 1319 1910 ’λττιιιῶς.

134 1942 341 2025 ἦριονικίν
372 1947 569 2017 Ἑλληνικῶς.
625 1943 834 2008 Verissimum
863 1941 945 2008 banc
974 1942 1232 2009 observationem
1253 1961 1321 2009 esse

134 2049 298 2117 communi
318 2049 499 2114 Atticorum
521 2049 716 2135 scriptorum
736 2067 895 2115 consensu
915 2057 1052 2115 constat.
1088 2048 1203 2135 ltaque
1226 2045 1321 2115 simul

133 2157 235 2241 ipsam
266 2151 487 2240 Xenophontis
511 2156 707 2242 scripturam
731 2151 996 2240 recuperabimus
1023 2162 1056 2220 et
1080 2152 1166 2220 unde
1191 2153 1321 2243 uulgata

132 2269 202 2327 orta
226 2259 269 2324 sit
293 2257 519 2343 intelligemus.

175 2366 212 2432 ln
239 2363 349 2430 eodem
382 2362 450 2429 loco
481 2363 581 2430 duab.
607 2365 674 2430 Vll.
701 2387 729 2429 ν.
754 2370 784 2430 b.
816 2363 957 2439 καλέσας
985 2369 1168 2448 Ξενοφῶντος
1196 2364 1319 2433 taam

130 2474 264 2553 λαβεῖν,
286 2469 330 2534 τίο
349 2469 381 2534 et
400 2467 489 2533 ἄλλα
512 2467 666 2548 διανεῖμαι
683 2479 746 2543 τοῖς
764 2478 951 2550 ερατιιγοῖς,
974 2470 1125 2556 suspicor
1143 2469 1316 2557 legendnm

131 2596 201 2644 esse
222 2576 363 2641 ἐκέλευεν
386 2569 421 2639 ἓν
444 2572 569 2651 λαβεῖν.
618 2573 753 2662 Saepius
777 2574 824 2640 sic
847 2572 878 2640 ἕν
902 2575 1038 2661 periisse
1061 2575 1139 2641 vidi.
1241 2568 1244 2573 ’

178 2682 213 2747 tu
239 2686 256 2767 §
278 2685 298 2747 6
321 2680 416 2747 cuius
439 2697 535 2744 aures
560 2699 620 2745 nou
653 2678 785 2745 ulleudit
810 2678 888 2745 baec
912 2682 1119 2766 compositio:
1150 2683 1177 2747 οῖ
1202 2681 1262 2761 μὶν
1284 2683 1322 2758 bit

130 2789 299 2870 ερατιῶται
323 2791 491 2868 Ξενοφῶντι
516 2784 677 2851 ἐνεκάλουν
701 2770 747 2851 ὅτι
771 2790 826 2851 οὐκ
849 2781 935 2866 εἶχον
958 2788 1010 2852 τὸν
1033 2786 1153 2866 picot.
1202 2788 1321 2863 Σιύίιις

130 2894 162 2959 δὲ
184 2894 296 2973 ἥχίετο
316 2892 400 2971 αὐτῷ
420 2885 467 2956 ὅτι
489 2889 614 2964 ἐκτίνος
635 2899 698 2965 τοῖς
718 2893 902 2972 ερατιώταις
925 2892 1042 2973 ἀπῄτει
1059 2893 1126 2978 [τὸν
1148 2892 1298 2982 μισθίν]ί

177 2997 255 3064 lbid.
277 2996 344 3062 Vll.
367 3014 396 3059 v.
424 2999 463 3060 13
495 2998 521 3062 οῖ
554 3003 675 3081 Θρᾷκες
703 2999 728 3062 οἱ
761 2996 848 3062 κατα
875 3002 982 3062 ταῦτα
1010 2999 1161 3071 οῖκοῦντες
1189 3000 1320 3075 ςιίλας

131 3101 301 3186 ὁρισάμενοι
330 3099 373 3166 τίς
399 3103 468 3166 καῖ’
497 3102 610 3174 αὐτοὺς
636 3102 830 3168 ἐκπίπτοντα
859 3099 964 3172 ἕκαςοι
992 3103 1159 3185 λῄζονται.
1188 3102 1265 3177 τίεις
1289 3105 1322 3171 δὲ

130 3210 239 3289 ἔλεγον
267 3207 348 3295 [πρὶν
370 3206 541 3295 ὁρίσασθαι]
569 3206 767 3289 σὶρποίζοντας
789 3208 924 3282 πολλοὺς
950 3210 1003 3274 ὑπ’
1024 3208 1172 3284 αλλήλων
1189 3210 1320 3286 οὶποίνιί·

131 3340 233 3391 σκειν,
267 3311 503 3379 enreudandum
541 3320 591 3378 est
621 3315 770 3390 τήλαις
800 3312 990 3393 ὁρισάμενοι,
1027 3311 1202 3378 utebantur
1231 3315 1321 3381 enirn

130 3418 309 3487 columellis
331 3415 468 3506 (είλαις)
486 3417 525 3484 ad
548 3416 628 3484 tiues
646 3416 903 3495 constituendos,
928 3418 1024 3506 idque
1040 3419 1153 3494 ςιίλαις
1170 3418 1320 3500 ῶρίζεσίαι

128 3527 260 3592 dicitur.
308 3525 476 3589 Praeterea
501 3525 545 3589 ita
564 3524 649 3588 inter
671 3543 706 3589 se
728 3532 935 3610 opponuntur
957 3527 1069 3601 τίλαις
1094 3521 1268 3605 ίρισοίροειοι
1287 3530 1320 3591 et

131 3632 205 3704 σίας
227 3630 276 3706 δέ,
308 3636 345 3694 ut
370 3627 494 3714 puerile
518 3627 774 3695 additamentum
804 3630 873 3711 πρὶν
898 3630 1053 3710 ὁρίσασθαι
1077 3627 1170 3695 tacite
1196 3630 1323 3697 sentias

129 3735 357 3821 ludimagistro
380 3731 471 3799 reddi
492 3742 648 3820 oportere.

177 3838 394 3910 Memorabilis
414 3847 463 3905 est
483 3840 665 3926 scripturae
689 3839 828 3905 varietas
849 3839 882 3904 iu
905 3843 968 3925 §9.
993 3837 1040 3906 ίτι
1063 3839 1146 3906 οὐδὲν
1165 3836 1206 3905 ῶν
1229 3835 1322 3914 ἦττον

131 3957 245 4033 σφεῖς
267 3945 421 4026 sadyates
440 3945 496 4021 τίον
518 3944 648 4027 ερατιίιν
672 3945 690 4021 a
714 3950 870 4028 Ξενοφῶν,
891 3944 923 4009 in
944 3944 1017 4010 Cnd.
1032 3955 1060 4010 H
1085 3965 1149 4012 uno
1172 3947 1320 4013 omnium

130 4056 252 4143 optimo
287 4061 335 4119 est
363 4054 451 4136 σφοῖς
479 4050 634 4129 nicotrum
676 4051 763 4137 turpi
792 4047 995 4128 soloecismo,
1025 4048 1081 4118 sed
1116 4050 1207 4117 vides
1239 4071 1322 4120 noro

131 4159 273 4247 exemplo
301 4175 396 4244 quam
418 4165 540 4223 temere
563 4163 657 4239 σφεῖς
680 4155 721 4223 ab
755 4155 894 4223 induetis
924 4155 1090 4225 Graeculis
1122 4159 1319 4223 contrectari

30 4255 33 4259 ’
131 4264 360 4352 corrumpique
383 4263 495 4332 soleat.

176 4371 211 4437 tn
237 4373 308 4461 §16
330 4371 402 4453 πρὸς
422 4371 455 4436 δὲ
474 4369 526 4435 τὸν
551 4373 731 4452 Ξενοφῶντα
749 4370 775 4433 οἱ
796 4374 963 4449 ερατιιῖται
987 4367 1212 4452 παγχαλέπως
1234 4364 1321 4450 εἶχον
