2940 5010
755 274 820 339 344

201 449 295 525 etro,
318 454 349 513 et
366 444 569 526 inundetur,
595 442 692 536 (quod
713 444 867 514 mendum
888 446 1007 532 passim
1033 448 1066 514 in
1086 446 1238 517 Veterum
1269 450 1394 538 scripta

202 551 354 639 irrepsit,
387 550 508 618 lrustra
537 551 728 618 admonente
763 550 1083 639 noertdepag.11,
1115 551 1169 620 ubi
1199 554 1394 623 Picrsonum

204 656 288 745 vide)
312 664 346 722 ut
369 656 549 733 ἑσπέσθην,
572 656 757 737 deridetur.
805 655 900 722 Verbi
930 660 1080 741 ciarapu'ru
1107 660 1251 727 acrisius
1270 662 1396 743 απηρύ·

204 766 254 838 tnr
286 761 386 829 semel
418 760 499 828 mibi
533 761 637 830 lectus
667 762 772 829 estin
804 759 947 829 Alexidis
977 762 1159 852 lraqmeuto
1188 764 1276 855 apud
1300 764 1393 835 Stob.

204 867 313 936 Floril.
333 866 425 935 CXV.
452 871 483 933 1.

613 972 874 1055 παρακμάσαντα
896 974 923 1040 l’
945 970 985 1039 do
1007 975 1092 1055 λέγω

431 1076 546 1144 τούτων
569 1076 717 1144 ἁπάντων
740 1080 939 1161 ἀπαρυθέντα
960 1081 1017 1157 τὴν
1038 1079 1102 1147 ἄνω

433 1182 552 1259 ταύτην
574 1180 680 1250 ἄνοιαν
702 1184 951 1268 ἐπιπολάζουσαν
974 1186 1058 1254 τότε.

207 1287 290 1375 quod
319 1288 546 1355 uenustissime
574 1286 698 1355 dietum
730 1296 790 1357 est.
847 1289 949 1378 Saepe
981 1293 1126 1360 occurrit
1157 1292 1292 1374 ὠμοθννε
1324 1312 1399 1361 cor·

209 1402 304 1481 rupte
327 1390 412 1479 apud
435 1392 633 1482 Hesycblum
657 1395 807 1473 Ὡμοθειε
830 1392 908 1478 ὅρκοι
931 1395 1092 1476 ἐγένοντο,
1115 1399 1181 1465 imo
1196 1418 1273 1467 vero
1287 1399 1401 1479 Ὠμο-

208 1503 255 1576 ον.
302 1497 422 1565 Eadem
447 1496 593 1565 contusio
616 1499 728 1566 crebra
752 1508 802 1567 est
824 1501 857 1566 in
882 1499 1024 1587 perlecto
1046 1504 1229 1585 ομώμοται,
1251 1505 1309 1572 cui
1334 1502 1401 1571 lor·

209 1625 281 1672 mae
313 1604 433 1691 passim
465 1603 716 1672 substituerunt.
742 1603 891 1673 Graeculi
924 1606 1108 1686 ομώμοςαι,
1141 1606 1182 1676 de
1216 1628 1281 1697 quo
1317 1606 1402 1675 vitio

208 1711 303 1800 plura
325 1708 431 1776 dicam
456 1706 496 1776 ad
519 1707 722 1797 Euripidem.

257 1817 318 1883 list
349 1822 540 1903 perpetuum
580 1814 740 1903 quoddam
780 1814 941 1883 scribendi
977 1816 1093 1882 vitium
1130 1825 1163 1885 et
1194 1817 1227 1884 in
1259 1816 1404 1885 metcris

210 1919 424 2009 scriptoribus
455 1921 573 1988 Atticis
600 1929 633 1988 et
665 1922 696 1987 in
728 1920 965 2008 llenopbonteis
996 1920 1089 1987 libris
1121 1922 1272 1991 omnibus
1294 1942 1404 2011 quum

211 2029 286 2097 ldss.
313 2034 383 2093 tum
416 2024 534 2104 editis,
563 2027 596 2092 in
624 2045 687 2114 quo
710 2025 882 2115 aperiendo
904 2034 938 2093 et
965 2025 1136 2095 relutaudo
1167 2027 1257 2096 bunc
1289 2028 1404 2097 locum

211 2130 412 2200 concludam.
468 2131 588 2199 Fuerat
620 2130 696 2198 olim
732 2140 884 2198 constans
917 2129 1163 2201 Atheniensium
1199 2131 1406 2203 consuetudo

213 2237 322 2305 dicere
352 2236 454 2320 ᾖμεν,
475 2235 531 2319 ᾗτε
552 2244 586 2304 el
612 2235 712 2320 ἦσαν,
736 2256 913 2324 numquam
937 2239 1032 2320 ᾔεμεν
1057 2237 1207 2328 (ἤιομεν),
1230 2240 1304 2325 ᾤετο
1329 2238 1406 2329 (firr-

214 2343 264 2433 τε)
289 2352 322 2410 et
346 2344 457 2427 ᾔεσαν,
488 2360 571 2429 quae
596 2343 755 2429 sequioris
778 2343 894 2410 aetatis
923 2341 1044 2409 lormae
1071 2350 1168 2421 suut,
1197 2342 1238 2413 de
1269 2364 1339 2431 qua
1366 2364 1409 2412 re

216 2448 379 2536 inpriore
402 2453 494 2534 parte
516 2445 689 2531 diligenter
711 2445 862 2514 diximus.
910 2447 977 2514 lloc
1009 2446 1111 2515 addo:
1134 2446 1264 2516 dualem
1288 2468 1407 2519 nume-

216 2573 290 2620 rum
315 2549 414 2618 semel
435 2558 563 2618 tantum
588 2552 620 2617 iu
642 2552 822 2620 Atticorum
845 2551 938 2617 libris
960 2560 1104 2631 exstare,
1128 2554 1162 2619 iu
1177 2553 1323 2623 Platonis
1339 2554 1409 2623 llu-

216 2656 370 2748 lbydemu
396 2676 469 2744 pag.
489 2660 554 2723 291
578 2656 617 2724 Ι).
650 2659 693 2724 τὼ
713 2659 745 2724 δὲ
768 2656 973 2739 ανδριιδτατα
995 2659 1088 2737 ὁμόσε
1112 2662 1188 2743 ᾔτην
1209 2669 1274 2736 τοῖς
1293 2660 1409 2745 sporn

217 2787 337 2846 μασιν,
362 2780 459 2848 quam
485 2759 620 2827 lormam
645 2782 708 2828 nou
732 2760 902 2829 miraberis
934 2763 967 2829 in
995 2764 1145 2832 omnibus
1175 2764 1268 2832 libris
1292 2786 1409 2835 corru-

217 2878 307 2958 ptam
331 2886 422 2934 esse:
451 2885 526 2954 pars
549 2865 705 2934 librorum
726 2866 810 2943 sirpo
837 2865 1011 2946 exhibent,
1042 2868 1160 2957 reliqui
1182 2888 1296 2939 ornnes
1319 2871 1410 2954 ῐτιιν,

217 2974 386 3061 antiquam
413 2971 550 3039 lormam
581 2972 721 3039 Atticam
746 2972 963 3039 Buttmannus
985 2972 1126 3041 reduxit.
1147 3004 1150 3011 ·
1172 2974 1291 3042 Forma
1321 2976 1409 3045 auli·

219 3100 283 3169 qua
306 3078 361 3164 ᾖτε
384 3079 491 3146 neseio
520 3075 678 3164 quomodo
702 3077 828 3165 integra
850 3079 952 3146 erasit
976 3079 1008 3144 in
1038 3078 1176 3146 Anabasi
1196 3079 1266 3148 Vll.
1291 3102 1348 3149 ru.
1373 3086 1410 3151 u.

219 3189 308 3267 ὑμεῖς
335 3187 366 3252 δὲ
390 3187 444 3253 οὖα
472 3182 526 3267 ἦτε
557 3183 779 3260 lascivierint
805 3183 931 3265 χώραν,
963 3184 1018 3251 ubi
1047 3204 1133 3251 unus
1163 3192 1292 3252 lantum
1308 3184 1411 3255 liber

218 3289 283 3358 sire
310 3290 450 3357 exbibet.
498 3289 629 3372 Quoties
655 3296 764 3354 arrtcm
790 3289 823 3353 in
852 3289 989 3355 vetustis
1011 3289 1105 3357 libris
1127 3289 1321 3360 occurrebat
1344 3302 1411 3360 lll-

219 3405 316 3463 Msn
341 3393 510 3484 (nmen),
531 3403 632 3459 urus
648 3392 760 3482 (nnn)
785 3401 818 3459 et
836 3403 970 3460 111an
995 3394 1139 3483 (nsum)
1165 3394 1261 3463 toties
1278 3394 1413 3469 scribae

221 3508 254 3568 et
277 3501 309 3566 in
341 3498 480 3586 simplici
501 3497 598 3565 verbo
628 3507 661 3565 et
681 3498 715 3565 in
747 3500 935 3586 compositis
957 3497 989 3564 id
1011 3497 1130 3566 dabant
1149 3498 1235 3587 quod
1261 3500 1412 3571 solebant

221 3605 283 3693 ipsi
307 3602 436 3681 dicere,
460 3610 493 3671 et
516 3602 564 3668 sic
586 3603 708 3670 lactum
733 3612 782 3671 est
802 3611 839 3670 ut
865 3604 1017 3689 antiquae
1044 3603 1166 3671 lormae
1184 3611 1311 3673 tautum
1341 3626 1410 3676 nou

220 3710 341 3797 ubique
371 3708 553 3779 interirent.
602 3708 774 3795 Postquam
808 3708 849 3776 de
879 3707 977 3776 buius
1008 3708 1239 3778 observationis
1269 3712 1413 3783 veritate

220 3816 301 3884 satis
332 3814 417 3881 inter
440 3832 552 3879 omnes
581 3813 742 3880 constabit
769 3821 802 3880 et
825 3815 930 3880 omnis
954 3814 1015 3881 erit
1041 3813 1201 3881 dubitatio
1223 3825 1352 3886 exeunte
1376 3828 1413 3889 el

219 3922 399 3990 scribarum
430 3918 560 3986 lraudes
594 3918 770 4006 patebunt,
801 3918 960 4006 purgandi
987 3927 1083 3987 erunt
1115 3920 1299 3989 stoicorum
1329 3922 1411 3993 libri

220 4025 346 4097 mendis
373 4033 407 4092 ct
434 4024 600 4092 erroribus
628 4025 811 4093 manifestis
838 4027 1105 4113 quotiescumque
1132 4036 1315 4095 recurrent.
1371 4028 1409 4099 lu

219 4154 257 4203 ca
279 4151 406 4219 quoque
428 4150 465 4197 re
491 4129 600 4197 lutilos
622 4129 775 4199 Codicum
805 4130 1040 4218 discrepantiae
1062 4132 1225 4198 contemni
1247 4140 1283 4200 et
1309 4132 1411 4203 obiici

96 4270 99 4275 ·
219 4245 363 4327 possunt.
411 4234 494 4317 Quid
520 4236 637 4303 attinet
657 4237 763 4315 scire,
788 4245 824 4304 ut
848 4236 908 4304 boe
933 4245 1029 4315 utar,
1053 4235 1137 4323 apud
1157 4237 1411 4309 bemostbcnem

220 4365 253 4429 p.
279 4347 363 4421 216,
389 4346 440 4409 to.
473 4361 532 4430 pro
554 4361 628 4411 vera
651 4342 788 4411 lectione
812 4354 966 4429 recepturo
989 4353 1028 4428 τῇ
1051 4343 1152 4427 βουλῇ
1173 4342 1206 4409 in
1230 4342 1411 4433 aliislegl:
