2940 5010
639 298 701 361 505

72 466 210 563 pbrusto
234 469 282 539 »si
298 470 380 538 hune
401 471 472 539 licet
496 470 654 537 Veteribus
673 471 881 539 adnumerare
902 473 958 559 qui
980 493 1019 538 ne
1042 474 1180 541 aniculis
1199 476 1266 562 qui·

72 578 147 645 dem
170 576 283 644 Atticis
310 577 388 642 satis
418 576 539 643 Atticus
558 576 759 654 uidebatur,’'
789 576 937 643 abutitur
969 578 1075 645 iocosa
1107 580 1270 646 Ciceronis

73 680 322 751 narratiuncula
343 681 375 745 in
391 682 489 747 {huto
512 702 581 767 cap.
597 686 661 759 46,
682 702 721 747 ox
741 701 805 768 quo
829 681 898 748 loco
921 681 1033 749 collem
1047 685 1117 751 inre
1138 685 1270 770 colligas

74 788 213 855 'lineam
226 806 289 853 non
302 785 381 852 bene
394 786 505 852 hatine
518 786 617 854 luisse
630 786 786 854 loentum.
812 786 1054 873 Theophrastus
1071 788 1269 856 obruebatur

74 892 118 962 ab
140 890 394 961 Atheniensibus
416 894 518 958 urascio
543 913 603 979 qno
628 914 737 979 sapore
767 892 949 970 uernacula,
974 892 1029 958 sed
1055 894 1199 980 ineptum
1221 903 1271 961 est

73 996 210 1069 eredere
230 1016 304 1064 eum
333 1017 394 1062 non
426 999 545 1084 optime
573 997 679 1064 Attice
713 997 800 1083 loqui
832 997 976 1064 solitum.
1032 998 1144 1084 ltaque
1175 1001 1204 1065 ei
1237 1002 1269 1066 in

73 1104 226 1173 ffiareet.
246 1122 317 1188 sap.
333 1102 414 1169 xt't.
436 1102 607 1168 reddemus
627 1105 683 1178 risu
704 1104 801 1169 σιίιόαν
825 1106 993 1186 καόῆραι
1016 1104 1110 1177 δεινός
1136 1125 1192 1191 pro
1213 1131 1268 1172 κα-

76 1208 168 1291 itiam
192 1210 255 1275 δεῖν
276 1211 337 1281 ne,
365 1217 401 1272 ut
428 1208 458 1273 in
488 1207 630 1273 Palatino
651 1208 765 1274 Codice
791 1208 924 1295 legitur,
953 1218 986 1275 et
1012 1228 1082 1274 mox
1106 1214 1270 1291 περικαόῆ·

75 1338 126 1399 ραι
151 1332 211 1403 pro
233 1311 376 1379 eiusdem
401 1311 635 1378 intellectione
659 1314 873 1396 περικανόραι.
924 1313 1045 1380 [lolem
1072 1314 1165 1380 innodo
1185 1317 1271 1402 apud

14 1440 18 1457 ³
76 1417 326 1489 Demosthenem
352 1419 385 1482 in
411 1415 498 1483 Orat.
528 1417 635 1483 hblll.
660 1422 702 1484 58
728 1438 784 1504 pro
809 1421 942 1499 καόῖιραν
973 1420 1024 1485 πδν
1056 1422 1150 1500 δῆμον
1182 1440 1271 1508 repo·

11 1570 17 1581 f
77 1542 196 1593 nemus
226 1522 371 1603 ναόῆραι,
402 1530 435 1588 el
461 1520 547 1608 apud
580 1522 809 1609 Antiphontem
841 1524 893 1589 Vl.
916 1529 970 1589 57.
1001 1525 1070 1607 πρὶν
1094 1528 1150 1601 τὴν
1174 1529 1270 1593 ninius

11 1614 35 1711 ζ,
75 1632 207 1711 ultam
239 1647 295 1715 pro
324 1630 477 1709 καθᾶραι,
510 1636 542 1694 et
571 1628 677 1694 sicubi
689 1626 786 1718 ‘idem
815 1628 967 1695 mendum
990 1639 1137 1697 recurret
1159 1633 1269 1699 eodem

11 1756 27 1807 r·
77 1732 225 1805 remedio
244 1741 385 1799 uternnr.

11 1899 16 1909 .
124 1838 163 1907 ln
185 1836 302 1906 aeeon
329 1835 443 1903 XVlll.
469 1839 488 1922 §
515 1841 535 1902 9
567 1835 662 1903 uerba
694 1839 741 1903 sie
766 1837 1009 1905 constituerim:
1040 1845 1146 1906 ταῦτα
1175 1843 1272 1910 τοίνυν

77 1942 237 2021 ineuntes
266 1943 403 2021 ἐμαυτόν
435 1941 640 2020 irretiamur,
671 1943 725 2007 nel
756 1943 858 2009 πόλισι
893 1944 978 2010 ἐννοῶ
1008 1946 1035 2011 εἰ
1068 1943 1130 2027 όιρα
1152 1948 1271 2022 hinulos

10 2072 23 2111 :
77 2050 132 2117 sal
154 2054 340 2133 χρνσσχιεῖν
364 2046 561 2127 interluente.
608 2047 859 2132 Coniunguntur
882 2047 976 2134 vulgo
1000 2049 1187 2129 ἕπιςόριενος
1215 2053 1269 2119 nui

10 2150 19 2161 ’
77 2154 205 2234 πόλιν,
227 2152 344 2221 deinde
366 2152 590 2238 subiungitur:
616 2154 723 2219 Ἔννσῶ
743 2152 805 2233 ἄρα
829 2156 855 2218 εἱ
879 2154 1017 2229 niuster,
1050 2154 1083 2221 in
1107 2175 1170 2242 que
1192 2159 1272 2223 seri·

76 2268 176 2349 ptura
195 2266 230 2326 et
249 2259 305 2325 sal
330 2267 362 2324 ot
386 2257 586 2341 lauritium
612 2265 774 2342 arguunt,
798 2277 936 2342 quornm
967 2257 1044 2327 illud
1067 2259 1150 2327 mole
1174 2261 1271 2328 abun·

10 2408 17 2413 -
76 2365 150 2445 (lut,
176 2364 237 2432 hoa
258 2366 363 2431 alieno
386 2364 454 2430 loeo
478 2365 618 2450 positum
640 2370 699 2429 est.

125 2470 162 2537 ln
195 2488 266 2557 unp.
287 2470 359 2539 XX.
384 2475 415 2535 l.
447 2472 521 2551 einim
545 2473 578 2536 ab
611 2467 774 2548 λαμβόνει
798 2478 883 2535 siren
910 2471 946 2535 in
977 2475 1031 2537 σοῦ
1061 2472 1159 2554 ἀγροῦ
1192 2476 1271 2541 suri·

10 2630 19 2637 .
76 2574 220 2645 bentlnm
239 2581 290 2642 est
312 2575 406 2655 bule,
426 2584 458 2641 et
482 2575 660 2641 sietterum
687 2575 885 2660 tertiumque
909 2575 943 2640 in
969 2576 1008 2641 iis
1028 2595 1111 2662 qnae
1131 2598 1271 2665 sequnn-

10 2688 17 2745 ζ
80 2692 148 2751 tnr.

9 2804 20 2879 ξ
124 2786 162 2854 ln
196 2787 215 2872 ς
241 2790 273 2853 b.
307 2787 427 2851 τοιαῦτ’
459 2783 545 2860 ten,
574 2780 596 2850 ie
627 2786 822 2869 διαφέροντες
855 2786 1048 2861 αλλήλων
1080 2788 1107 2851 cl
1140 2791 1271 2870 γεωργοὶ

9 2932 16 2973 ·.
77 2888 285 2975 διαφερόντως
309 2890 361 2955 καὶ
386 2888 555 2971 πράσσουσι
589 2890 668 2955 πολὺ
696 2893 822 2968 μᾶλλον
847 2890 864 2966 ἢ
889 2892 915 2955 cl
939 2891 1095 2964 δοκοῦντες
1119 2893 1214 2973 σοφόν
1240 2918 1271 2960 σι

9 3014 22 3083 ξ.
77 2995 236 3081 εὑρηκέναι
256 2995 299 3068 εἰς
324 2994 368 3059 rie
390 2993 485 3075 ἔργα,
517 2992 648 3059 corrlnsa
674 3004 751 3060 sunt
780 2994 843 3059 duo
868 2994 1039 3071 vocabula,
1071 3015 1154 3081 qnae
1178 3015 1273 3085 saepe

79 3100 207 3180 ινΙσνιῑ,
234 3109 266 3167 et
288 3100 337 3166 sie
361 3097 482 3165 laetum
506 3107 555 3165 est
581 3106 617 3165 ut
639 3099 729 3166 locus
754 3099 920 3165 commode
948 3099 1085 3185 intelligi
1110 3118 1173 3166 non
1198 3122 1271 3188 pos-

9 3234 16 3289 ρ
77 3209 134 3279 nit.
182 3204 458 3290 Διαφερόνπως
491 3204 753 3286 πρόσσεινθηίη]
783 3204 1036 3290 nonsigniiiuat
1064 3206 1270 3290 διαφόρως

79 3314 233 3401 πρόσσειν
256 3320 314 3381 aut
335 3308 485 3393 πρόσσειν
504 3310 721 3389 ἀνομοίως,
745 3309 895 3375 dissimili
917 3314 1045 3398 fortuna
1068 3311 1135 3390 uti,
1161 3312 1272 3402 (sicuti

9 3420 16 3481 i-
78 3420 151 3489 XX.
179 3424 209 3486 1.
239 3418 312 3500 οὐχ)
346 3414 464 3490 πιόντες
488 3414 675 3498 πρόσσσνσιν
699 3415 806 3494 luciae
830 3422 878 3480 est
902 3435 961 3480 non
986 3436 1091 3481 ornrnes
1110 3417 1142 3481 in
1175 3420 1276 3486 simili

79 3528 212 3617 [σνιννσ
233 3532 323 3601 sunt,
347 3521 403 3588 sed
428 3521 482 3587 alii
497 3527 574 3586 sunt
598 3519 630 3585 in
649 3539 684 3586 re
705 3519 812 3598 lauta,
835 3520 890 3585 olii
915 3520 1024 3607 inopes
1048 3530 1081 3587 et
1104 3541 1178 3589 nere
1197 3523 1272 3592 alie·

80 3648 125 3699 no
147 3628 272 3717 obruti)
296 3626 352 3695 sed
385 3627 589 3711 διαφερόντως
623 3625 772 3706 πράσσειν
796 3632 846 3691 est
870 3628 999 3712 fortuna
1023 3636 1051 3691 et
1074 3628 1183 3713 opibus
1206 3650 1272 3696 rae·

78 3746 349 3823 terminassem,
372 3733 516 3798 ditiorem
539 3752 605 3797 esse
629 3742 658 3798 et
680 3732 918 3818 fortunatiorem
945 3752 1037 3817 quom
1065 3742 1216 3811 caeteros,
1240 3746 1272 3802 et

79 3842 130 3909 sits
150 3838 284 3907 tlemttm
310 3837 503 3925 intelligitur
526 3835 603 3924 quid
625 3838 668 3903 sit
691 3837 773 3903 πολὺ
804 3840 929 3916 μᾶλλον
951 3836 968 3914 ἢ
993 3838 1019 3903 ol
1044 3837 1199 3913 δοκοῦντες
1222 3865 1273 3907 σσ-

78 3946 143 4031 φόν
164 3968 197 4013 rr
223 3944 446 4026 claustrensis
479 3944 522 4010 sin
547 3941 636 4025 ἔργα.
684 3942 786 4008 Erant
814 3943 900 4009 enim
930 3943 1027 4009 etiam
1053 3949 1132 4008 tune
1152 3946 1208 4030 qui
1237 3947 1271 4012 in

78 4047 283 4139 agricultura
307 4050 399 4114 novis
418 4046 611 4134 quibusdam
637 4048 776 4113 inventis
797 4054 992 4123 niterentur,
1018 4053 1051 4112 et
1074 4048 1172 4113 etiem
1195 4056 1274 4118 tunc

8 4214 14 4223 .
78 4152 216 4225 nolanam
235 4153 374 4240 diligens
394 4161 426 4219 et
451 4153 603 4219 assiduus
632 4170 649 4217 e
674 4170 709 4218 re
729 4155 851 4220 rustica
876 4152 949 4238 plus
971 4150 1108 4219 iaciebat
1133 4151 1215 4220 lucri
1240 4166 1273 4223 et

79 4258 288 4344 διαφερόντως
320 4258 458 4341 ἔπρασσε
483 4278 579 4344 quern
606 4258 662 4344 qui
690 4278 845 4325 novorum
868 4259 1072 4324 inventorum
1096 4257 1272 4328 sollertiam

79 4386 146 4434 non
170 4364 282 4433 endem
307 4384 387 4433 cura
407 4373 439 4430 ot
461 4362 628 4447 diligentia
661 4365 705 4429 rei
734 4365 874 4430 rusticae
906 4361 1111 4430 adhibebant.
1160 4365 1272 4450 ltaque
