2940 5010
705 260 770 324 cre
812 242 815 247 ’

147 458 249 515 yxyon
279 432 322 505 εἰς
344 432 405 509 τίν,
419 431 531 511 δῆμον,
556 431 609 497 scd
633 432 689 519 qui
724 451 799 499 eum
823 432 1001 522 eripiebant
1024 454 1125 521 uuum
1153 436 1339 525 prebemus

147 546 315 626 raperetur
338 535 531 619 παρέξειν
551 539 594 611 είς
614 538 669 612 τίον
687 539 805 621 βουλὴν
825 539 1024 626 spondebant
1036 550 1068 608 et
1082 541 1333 627 pollicebantur.

193 645 229 710 ln
259 641 396 709 eundern
429 662 593 717 errorem.
623 664 719 731 quem
747 646 815 731 ipse
845 646 878 711 in
909 647 1006 734 Lysia
1040 640 1339 724 σοωω111,’νίοίσο

146 748 366 834 llirsclrigium
401 768 509 815 meum
542 748 743 835 implicatum
767 770 858 827 esse,
881 771 983 838 quum
1007 752 1041 820 in
1072 750 1216 821 Eroticis
1249 755 1337 843 apud

146 855 302 924 Achillem
331 855 462 921 Tatium
491 874 564 941 pag.
588 859 673 934 113,
699 861 753 924 35.
779 855 907 923 ederet:
936 858 1125 939 ἕνεγυήσατο
1148 896 1195 911 -
1218 862 1337 943 σαρκί·

147 962 228 1040 ξειν
251 963 365 1034 εἰστὸν
386 961 502 1040 δῆμον,
525 959 600 1027 ὅταν
623 962 695 1044 etp,
719 963 870 1048 quoniam
900 960 940 1028 de
973 981 1027 1028 reo
1053 962 1132 1031 haee
1152 964 1335 1045 dicuntur,

146 1070 203 1154 «rui
226 1067 301 1132 dato
324 1065 513 1133 fideiussore
532 1086 570 1133 ex
597 1064 742 1132 custodia
774 1064 902 1153 publica
929 1067 1113 1148 emittitur,
1145 1071 1218 1139 sine
1244 1092 1337 1142 mora

147 1174 302 1240 librorum
327 1173 488 1258 scriptura
511 1170 653 1253 παρέξειν
675 1180 725 1238 est
748 1169 958 1238 restituenda.

192 1279 226 1344 ln
261 1277 382 1344 Hellen.
405 1276 474 1342 vn.
499 1297 540 1341 ιν.
566 1281 619 1343 26.
651 1275 712 1344 ίσον
740 1279 797 1356 μὲν
819 1275 895 1355 ξένον
930 1276 1008 1355 ἦσαν
1037 1282 1139 1346 αὑτοῖν
1160 1282 1335 1365 ἀπέδοντο,

146 1384 207 1452 ὅσοι
231 1385 262 1449 δὲ
292 1382 438 1465 φυγάδεσ
469 1384 760 1464 ἀπέσφαττον,
794 1382 861 1448 imo
884 1402 959 1448 vero
977 1383 1185 1470 ἀπέσφαξαν.
1235 1388 1334 1457 Paulo

146 1497 221 1556 ante
253 1489 286 1553 in
312 1488 403 1569 §na
435 1491 461 1554 οἱ
495 1487 672 1570 μαχόμενον
702 1488 758 1568 πρὸ
781 1489 878 1554 αὐτοῦ
906 1487 1095 1565 ἀπέθνησκον
1119 1500 1334 1581 transponen-

147 1595 225 1660 dum
249 1600 299 1659 est
322 1593 347 1658 οί
371 1595 427 1674 πρὸ
450 1596 545 1660 αὐτοῦ
569 1591 767 1673 μαχόμενον,
800 1611 894 1679 quem
924 1593 1105 1663 naturalem
1128 1609 1163 1665 et
1186 1618 1333 1668 necessa·

146 1703 232 1766 rium
261 1700 293 1764 in
316 1698 368 1764 his
396 1697 566 1764 verborum
591 1697 737 1765 ordinem
763 1705 852 1764 recte
875 1709 1038 1767 servatum
1063 1702 1185 1771 ridebis
1210 1704 1266 1771 Vl.
1289 1726 1332 1773 rr.

149 1810 199 1873 15.
223 1806 249 1871 ei
273 1806 329 1885 πρὸ
357 1806 453 1870 αὑτοῦ
484 1803 659 1885 μαχόμενον
688 1802 898 1884 ε’πεκροίτουυ,
929 1815 962 1871 et
994 1807 1027 1871 in
1051 1806 1190 1875 Anabasi
1215 1810 1241 1877 Ι.
1266 1832 1333 1879 nun

146 1917 199 1978 nt.
223 1917 293 1995 νικᾷ
313 1912 384 1983 τοὺς
404 1910 459 1990 πρὸ
479 1910 636 1990 βασιλέως
658 1909 890 1988 τεταγμένους,
913 1919 946 1976 et
969 1911 1082 1979 multis
1101 1913 1175 1980 aliis
1194 1914 1287 1983 locis.

191 2015 270 2083 ibid.
292 2014 360 2080 Vll.
384 2035 424 2080 lv.
458 2019 511 2081 59.
546 2017 657 2080 ἐκεῖνον
687 2014 745 2094 μὲν
774 2016 935 2098 ἀφίεσαν,
970 2017 1005 2083 in
1039 2038 1102 2085 uno
1134 2018 1252 2089 Godiue
1282 2033 1335 2091 ent

145 2127 297 2207 ἀφῆκαν,
333 2126 366 2186 et
397 2119 536 2186 acrisius
559 2118 688 2205 quidem
721 2121 925 2188 necessarius
950 2130 1000 2189 est
1022 2122 1078 2189 sed
1100 2124 1334 2212 corrigendum

144 2232 292 2312 ἀφεῖσαν.
341 2225 579 2311 Saepenumero
600 2223 723 2290 videbis
745 2225 870 2292 aerinas
899 2228 933 2292 in
952 2226 1005 2293 his
1026 2226 1141 2295 formis
1168 2232 1334 2319 antiquio·

143 2334 235 2400 ribus
267 2330 407 2397 turbare.
454 2334 609 2413 Ἀφεῖμεν
633 2328 782 2395 dicebant
812 2330 945 2398 Veteres
973 2340 1005 2399 et
1028 2333 1145 2416 ἀφεῖτε
1175 2344 1211 2401 et
1238 2338 1334 2421 ἀφεῖ·

143 2464 216 2514 σαν,
241 2434 456 2522 similiterque
475 2437 509 2500 in
530 2435 666 2501 caeteris
685 2436 871 2521 compositis
893 2440 1058 2516 καθεῖσαν,
1080 2441 1231 2521 ἀνεῖσαν,
1252 2467 1334 2527 ταρ-

142 2555 249 2620 εῖσαν,
281 2539 355 2607 alia.
412 2538 559 2607 Graeculi
599 2539 679 2605 haec
710 2540 872 2627 retingunt
905 2543 937 2607 in
967 2544 1098 2626 ἀφῆκεν
1128 2552 1161 2613 et
1191 2547 1334 2631 ἀφίεμεν

143 2659 175 2718 et
198 2651 392 2731 ἀφήκαμεν,
415 2647 542 2729 ἀφῆτε,
566 2646 681 2729 ἀφίετε
711 2654 744 2711 et
769 2648 942 2728 ἀφήκατε,
964 2651 1113 2731 ἀφῆσαν,
1135 2651 1280 2734 ἀφίεσαν
1300 2664 1334 2722 111

142 2760 294 2840 ἀφῆκαν,
320 2768 562 2837 nonnumquam
586 2758 619 2816 et
642 2751 675 2815 in
699 2753 843 2835 erperae
866 2761 898 2819 et
915 2756 1061 2833 ἀπῆσαν,
1083 2755 1131 2821 aio
1154 2764 1188 2822 ot
1210 2760 1334 2835 ἀνῆσαν

142 2871 175 2929 ct
198 2868 340 2941 παρῆσαν
364 2857 477 2923 vitiose
505 2855 582 2923 darc
613 2855 716 2923 solent
740 2865 772 2924 et
795 2857 925 2924 similia.
972 2865 1128 2944 ’Λφεῖσαν
1153 2861 1187 2927 in
1220 2872 1334 2933 nostro

142 2967 211 3033 loco
240 2963 317 3031 olim
350 2964 382 3028 in
414 2963 546 3046 ἀφῆσαν
577 2961 678 3040 abiit,
715 2961 799 3028 unde
826 2981 912 3029 nunc
944 2964 976 3028 in
1008 2964 1203 3051 quibusdam
1237 2966 1335 3039 unm

144 3074 287 3154 ἀπῄεσαν
319 3065 458 3134 absurde
489 3067 654 3134 scribitur.
702 3065 791 3132 idem
816 3068 933 3133 vitium
967 3070 1178 3137 commissum
1215 3080 1269 3141 nst
1297 3074 1331 3143 in

142 3176 264 3244 Hellen.
281 3176 303 3241 l.
316 3195 346 3239 ν.
363 3177 415 3240 19.
440 3171 495 3239 nbi
507 3175 540 3238 in
553 3170 716 3239 nonnullis
734 3173 944 3255 castulonem,
961 3174 1112 3241 meliores
1122 3182 1225 3245 testes
1234 3180 1332 3263 ἀφοῖ·

140 3306 199 3349 σαν
223 3287 404 3346 servarunt.
451 3280 600 3361 ’Λφῆσαυ
623 3295 820 3363 quamquam
843 3276 1016 3346 barbarum
1040 3287 1089 3346 est
1111 3286 1221 3349 tamen
1241 3284 1331 3373 apud

140 3384 346 3452 Aristotelem
370 3382 490 3468 legitor
514 3383 546 3448 in
574 3381 706 3448 ltbctcr.
726 3379 767 3447 11.
793 3386 824 3448 5.
848 3392 880 3450 ct
900 3383 972 3451 aliis
991 3384 1079 3452 locis.
1126 3386 1223 3472 npuo
1241 3388 1332 3458 'l'lru-
1367 3464 1373 3473 ¹

140 3489 288 3580 cydidem
313 3488 350 3554 V.
375 3492 429 3553 ul.
461 3487 575 3553 vitiose
607 3485 716 3553 editur
738 3488 975 3569 marinialnus
999 3492 1070 3565 τοὺς
1102 3490 1216 3574 ἀνδρας
1238 3496 1331 3573 curte

141 3598 279 3681 ἀφίεσαν
303 3614 361 3681 pro
382 3596 542 3676 ἀφεῖσαν;
568 3591 854 3678 imperfectorum,
884 3614 967 3681 quac
987 3596 1098 3663 statim
1127 3610 1332 3686 aequuum,

140 3702 204 3769 ntia
223 3701 306 3767 ratic
325 3706 388 3776 est,
412 3704 449 3764 ut
469 3695 562 3763 lacile
583 3697 759 3784 apparebit.
783 3701 939 3783 ’Λφίεσαν
957 3709 1066 3767 autem
1085 3709 1152 3769 tam
1175 3705 1332 3777 vitiosum

140 3816 191 3876 est
210 3825 248 3874 ac
273 3804 396 3891 siquis
422 3805 456 3870 in
484 3804 603 3868 vicinia
626 3805 787 3885 παρεδίδου
809 3808 865 3883 τίον
888 3807 978 3874 πίλα
1003 3824 1061 3893 pro
1082 3808 1240 3890 παρίδακα
1264 3812 1331 3883 vul·

140 3913 186 3980 let
214 3909 366 3978 seribere.
414 3918 551 3992 Παρῆναν
583 3927 641 3996 pro
672 3920 813 3990 παρεῖναι
845 3910 997 3979 exhibent
1031 3910 1106 3979 libri
1138 3912 1267 4003 aliquot
1295 3918 1331 3986 in

139 4017 260 4085 Hellen.
281 4016 335 4094 lv.
360 4036 395 4083 11.
423 4018 475 4081 12.
508 4025 656 4097 Παρῆσαν
692 4034 751 4102 pro
782 4019 1061 4102 praetermiserunt
1095 4016 1217 4089 habent
1252 4022 1332 4093 libri

139 4144 252 4191 omnes
274 4121 360 4210 apud
386 4120 615 4208 Antiphontem
639 4120 671 4186 in
698 4118 785 4189 Orat.
805 4121 857 4189 VI.
881 4127 936 4190 il.
967 4132 1111 4208 παρεῖσαν
1139 4127 1193 4194 καί
1216 4130 1332 4201 eodm

29 4232 31 4236 ’
139 4237 193 4296 τοῦ
216 4231 311 4309 uarie
335 4227 444 4295 εἴκοσιν
469 4225 608 4305 ἡμέρας,
640 4227 693 4293 cui
723 4226 852 4294 tandem
886 4227 1050 4297 Dobraeus
1077 4242 1234 4312 παρεῖσαν
1256 4234 1331 4305 rotl-

138 4334 232 4401 uidit.
280 4333 372 4419 Apud
393 4329 616 4420 Thucydidem
634 4331 688 4399 lv.
714 4337 767 4399 58.
791 4342 935 4415 παρῆκαν
953 4335 1013 4410 τάς
1032 4336 1171 4413 ἀσπίδας
1191 4338 1247 4407 καί
1269 4340 1332 4417 τάσ
