2940 5010
717 282 775 343 161

221 452 358 543 Eupolidis
385 452 602 539 fragmentum
628 463 678 519 εει
708 452 793 539 apud
817 453 1005 519 Erotiauunr
1033 475 1062 541 p.
1084 455 1149 521 348
1175 476 1203 523 ι.
1229 460 1332 526 Σελαι

187 562 270 641 mro:
288 598 330 609 -
352 560 510 637 μέμικται
534 566 590 634 τῆς
614 558 727 635 λέξεως
758 560 811 623 καὶ
840 559 976 632 Εὔπολις
999 559 1030 624 ἕν
1053 560 1124 639 atti
1148 562 1267 641 λέγων·
1291 570 1332 641 ὥς

186 666 270 743 frtri
283 666 377 733 αὒτδκ
396 666 432 741 ἢν
451 664 539 745 κάμρ
561 688 608 737 τις
629 665 734 737 εὐθέως
757 666 819 745 ἐρεῖ
846 665 918 743 πρὸς
941 666 1035 730 αὐτὸν
1059 668 1133 746 πρίω
1156 692 1208 746 μοι
1235 669 1332 736 cauci-

184 794 238 853 χιιι.
264 771 294 837 τ1
323 773 351 838 δ’
380 770 415 847 ἣν
450 772 542 837 λάκοι
572 768 756 850 κεκράξεται
792 775 961 851 φρατεῖται
996 773 1069 851 πρὸς
1100 774 1152 837 τὸν
1187 775 1330 846 αἰπόλοι.

184 874 345 963 Quamquam
370 873 449 942 baec
478 876 615 962 pessime
637 874 745 940 habita
774 883 872 949 suut,
899 884 934 939 ut
961 874 1111 961 pleraque
1129 878 1161 941 iu
1186 878 1330 946 Erotiani
1438 864 1445 877 ⁹

122 1010 126 1019 ·
182 978 323 1059 Emito,
347 988 454 1048 lamen
479 979 602 1067 aliquid
622 979 753 1046 extundi
771 988 884 1066 potest.
909 979 1121 1047 Scribeudum
1140 985 1287 1051 existimo
1299 1008 1316 1053 τ’

239 1092 293 1161 πῶς
319 1088 335 1117 ⁴
354 1088 371 1117 ⁴
394 1088 495 1152 αὐτῶν
519 1087 554 1163 ἣν
576 1086 663 1168 κάμρ
686 1112 756 1164 τιρς
781 1098 815 1153 B.
840 1086 946 1159 εὐθέως
968 1088 1040 1167 πρὸς
1064 1088 1159 1154 αὐτόν

241 1194 314 1275 ἐρεῖ·
338 1194 414 1273 epta
437 1216 489 1270 μοι
512 1192 673 1275 σελάχια.
697 1204 739 1257 Α.
763 1193 842 1257 τίδ’
867 1190 995 1281 ἣν(1δρ)
1019 1194 1111 1259 λύκοι
1135 1193 1229 1283 (τιρ);

241 1310 268 1365 ll.
290 1296 475 1379 κεκράξεται
499 1298 614 1381 φράσει
635 1322 672 1361 τε
692 1300 765 1378 πρὸς
784 1298 836 1362 τὸν
860 1297 989 1365 αἰπόλοι
1013 1298 1210 1389 (δραμοῦσα).

209 1402 387 1491 fulloquium
409 1403 440 1467 in
465 1402 516 1467 bis
537 1402 642 1468 verbis
663 1402 766 1468 inesse
789 1411 914 1468 certum
935 1413 985 1468 est
1009 1401 1049 1469 de
1067 1424 1238 1491 caprarum
1259 1428 1331 1492 gre·

122 1530 125 1543 ·
183 1524 364 1595 gr,quarum
387 1506 525 1572 mirifica
556 1507 712 1594 quaedam
742 1508 882 1574 sollertia
911 1507 1101 1575 celebratur.
1151 1512 1225 1576 l‘nst
1248 1512 1281 1577 ri
1303 1514 1330 1577 δ’

183 1610 357 1685 incidisse
379 1613 428 1696 ἷδρ
450 1610 582 1677 evidens
605 1623 654 1677 εει
677 1624 708 1680 ει
734 1612 813 1679 nibil
844 1612 932 1679 aliud
958 1634 1055 1700 quam
1081 1615 1173 1680 λύκοι
1196 1617 1269 1682 ἰδεῖν
1296 1619 1328 1683 iu

180 1710 219 1783 bc
232 1719 381 1785 sententia
401 1717 508 1783 locum
529 1716 634 1785 babet.
681 1719 815 1784 initium
841 1717 900 1784 loci
923 1723 1073 1785 restituat
1093 1719 1186 1787 alius.

215 1822 343 1891 frudnnt
374 1832 499 1889 veteres
532 1824 677 1908 magistri
714 1823 901 1910 Eupolidem
940 1822 1060 1890 dixisse
1092 1824 1261 1905 ἐβλάςκκα
1293 1836 1327 1895 ει

178 1920 307 2011 1ιιεριμαι
325 1937 359 1997 ει
381 1926 521 1995 afferunt
544 1928 625 1994 duos
645 1929 716 1994 eius
738 1930 897 1995 senarios:

364 2036 401 2100 fot
424 2042 483 2100 τῶν
506 2037 608 2115 sopato
628 2034 747 2113 ἥκουσιν
770 2036 985 2114 ἐβλαςκκάτερ
1008 2072 1053 2084 -

365 2144 405 2213 άς
428 2139 550 2221 οἴχεται
568 2140 625 2219 μὲν
646 2141 733 2219 τυρὸς
753 2138 996 2219 ἐξεγλυμμέκος.

163 2228 252 2313 ⁸tilettt
272 2246 335 2311 ista
364 2245 412 2311 sie
434 2243 542 2311 afferri
566 2264 604 2309 ac
627 2245 654 2308 si
677 2244 833 2329 singulari
863 2245 999 2332 quodam
1025 2264 1085 2310 usu
1109 2246 1206 2310 turtius
1226 2247 1327 2335 scrip·

155 2340 225 2417 ⁸⁰¹is
243 2352 440 2425 niterentur,
464 2357 496 2415 et
520 2349 612 2414 multi
638 2369 677 2414 ex
704 2350 744 2413 iis
764 2348 950 2435 collegerint
973 2350 1107 2415 fortasse
1130 2350 1328 2432 ἕξεγλυμμέ·

145 2456 197 2525 ’fs
217 2456 333 2523 dixisse
360 2453 464 2519 sulum
491 2452 695 2541 Eupolidem,
721 2464 864 2521 caeteros
889 2475 999 2521 οιιιιιεε
1028 2457 1173 2521 unanimi
1194 2477 1326 2524 consen·

136 2556 185 2621 ἸΙ
201 2562 389 2641 ριγλυμμαι
412 2558 519 2626 dicere
543 2559 669 2626 solitos:
695 2560 779 2645 (quood
800 2570 832 2624 et
856 2560 971 2625 falsum
998 2570 1048 2626 εει
1075 2571 1108 2626 ει
1138 2561 1326 2631 absurdum.

132 2642 205 2735 8ed
230 2666 316 2735 istud
355 2673 573 2732 conrmcntnna
605 2674 638 2731 et
666 2664 811 2750 aurilegia
843 2665 1035 2731 Graecitatis
1065 2677 1098 2733 et
1130 2668 1326 2754 scriptorum

124 2764 219 2841 ⁸¹tus
241 2770 419 2857 redarguit.
466 2770 579 2837 Notum
608 2772 716 2856 pueris
739 2770 918 2855 analogiam
943 2771 1021 2837 baec
1045 2773 1187 2859 exempla
1211 2773 1326 2839 confir·

122 2872 287 2947 hibunt:
309 2876 612 2957 καταγλωττὶζρμαι
633 2873 727 2941 habet
747 2878 1045 2955 κατεγλώττισμαι,
1069 2897 1108 2943 ex
1129 2880 1326 2956 άπορλιικαί·

122 2986 229 3065 ”m
250 2982 411 3051 formatur
433 2981 734 3059 άπεγλυκατμέιος,
759 3000 798 3046 ex
815 2983 1092 3059 άπογλαυκρῡτάαι
1116 2982 1257 3048 Alexidis
1281 2983 1325 3049 fa·

122 3066 727 3165 butainscribiturtwuovooutooc,
750 3085 835 3151 haud
849 3107 942 3152 secus
959 3096 1055 3173 alque
1072 3087 1208 3165 ἔγνωκα,
1232 3089 1324 3167 ἐγκά-

122 3202 260 3275 eum,
292 3192 587 3273 κατεβλακευμένιρ
613 3190 795 3277 similiaque
826 3190 1017 3257 formantur.
1060 3192 1127 3258 Nou
1158 3200 1207 3259 εει
1236 3195 1324 3259 enim

124 3298 222 3385 {pud
241 3306 369 3365 veteres
391 3295 636 3383 reduplicationi
661 3296 749 3362 locus
775 3296 827 3362 ubi
857 3296 974 3362 vocalis
997 3322 1012 3361 ε
1037 3298 1192 3384 positione
1215 3299 1323 3365 Attica

129 3402 292 3483 undante
312 3410 379 3479 est,
398 3410 430 3468 et
450 3421 513 3487 qua
532 3400 572 3467 de
588 3420 685 3467 causa
709 3402 830 3480 ἔγνωκα
853 3401 1002 3467 dicebant
1022 3401 1131 3468 eadem
1156 3402 1322 3482 ἔγλυμμκι

140 3514 178 3573 at
195 3506 391 3589 ιξιγλεμμαι
417 3503 627 3573 formabatur.
674 3507 804 3593 Eupolis
826 3508 926 3593 igitur
955 3528 1018 3574 non
1047 3508 1134 3573 solus
1162 3507 1217 3574 sed
1246 3530 1322 3575 cuna

146 3614 284 3681 annuus
307 3614 353 3679 ita
376 3610 582 3696 loquebatur,
607 3623 639 3677 et
662 3613 825 3697 sequiores
846 3613 975 3679 demum
999 3614 1190 3692 ρέρλυμμαι
1212 3634 1321 3701 ιοερε-

156 3727 218 3785 nat
232 3716 358 3787 diceres
384 3736 488 3803 neque
508 3724 615 3782 tamen
633 3736 758 3795 omnes,
782 3737 857 3785 nam
877 3728 964 3785 rectc
983 3720 1170 3798 διέγλυπται
1191 3720 1321 3805 scripsit

161 3818 373 3891 tatmatbenes
394 3821 480 3909 apud
503 3822 617 3889 Allien.
643 3843 674 3910 p.
696 3828 749 3889 95.
769 3822 792 3889 G
811 3827 845 3889 od
868 3824 1057 3903 διέγλυπται
1079 3826 1109 3890 δὲ
1129 3824 1219 3891 άλλά
1238 3835 1320 3891 λεῖοι

163 3926 325 4011 utem
360 3928 439 4011 ixei.
493 3926 663 4015 Sequiores
697 3936 865 4015 postquam
896 3928 1081 4015 frequenter
1107 3931 1320 4009 ρέγλυριμαι,

163 4026 394 4115 hirtum,
418 4034 649 4113 ἕργέρλυμμαι
674 4043 770 4101 eactt.
799 4034 940 4101 scribere
967 4038 1164 4122 coepissent,
1195 4035 1318 4102 factum

164 4142 200 4201 at
213 4148 246 4207 ut
264 4141 428 4227 antiquior
450 4138 552 4206 forma
576 4138 617 4205 ad
641 4159 757 4205 novum
779 4160 874 4206 usum
895 4140 1117 4225 refingeretur.
1151 4139 1250 4206 Euius
1270 4141 1317 4205 rei

163 4238 241 4309 natu
265 4244 408 4333 exempla
436 4246 469 4311 in
499 4244 610 4312 eodem
634 4245 731 4311 buius
755 4246 842 4312 verbi
871 4246 1046 4333 composito
1077 4248 1233 4329 ἑργλύφω
1258 4244 1318 4311 Ηε·

166 4344 268 4419 aluos
288 4350 400 4431 babet,
424 4350 507 4439 apud
529 4370 624 4437 quem
646 4352 759 4418 vitiose
781 4372 866 4418 nuuc
887 4351 1042 4418 scribitur
1063 4353 1101 4418 ll.
1126 4358 1189 4419 106
1213 4352 1320 4429 ἕκατί·Ι

1075 4466 1099 4502 lt
