2940 5010
706 313 771 375 579

139 496 254 571 χεῖρας
274 486 458 561 ἀνέσεισαν,
493 486 525 551 in
557 484 709 551 Vossiauo
738 482 853 549 Codice
878 482 968 549 video
995 493 1145 567 παρεῖκαν
1169 489 1326 577 seriptum

139 612 237 673 esse,
269 594 302 660 iu
332 612 397 681 quo
424 601 576 674 παρεῖσαν
601 590 700 656 tatere
729 591 885 675 suspicor.
933 588 1026 676 Apud
1055 591 1201 681 Thrrepd.
1223 596 1248 659 Ι.
1275 600 1329 661 76.

139 700 168 767 εδ
187 700 293 784 ἀρχήν
314 724 351 765 τε
373 698 528 777 διδομένην
551 693 725 773 ἐδεξάμεθα
748 694 800 759 καὶ
821 695 938 769 ταύτην
961 698 1006 774 μη
1038 699 1207 778 ἀνεῖμεν
1236 700 1269 764 in
1294 699 1329 764 ii·

142 804 214 871 itris
241 814 293 873 est
315 802 443 882 ἀνιμεν,
473 804 573 869 etiarn
600 802 632 866 in
665 800 837 877 vossiano,
861 800 1049 887 pervulgato
1071 823 1189 870 errore.
1236 804 1329 891 Apud

142 910 285 979 eundem
307 910 332 976 Ι.
360 914 433 975 159.
481 906 718 986 Λακεδαιμθνιοι
739 906 905 985 βούλονται
934 908 990 982 την
1018 910 1133 989 εῖριὶνην
1162 905 1250 975 εἶναι.
1282 910 1329 984 εἴη

141 1014 233 1085 δ’ἀν
252 1016 280 1083 ei
301 1016 373 1089 τοὺς
391 1014 551 1088 Ἕλληνας
583 1012 768 1091 αὐτονόμους
796 1014 968 1092 ἀφεῖτε,
1001 1013 1055 1078 atii
1079 1011 1154 1078 libri
1178 1013 1330 1080 exhibent

140 1122 273 1205 ἀφῆτε,
307 1120 445 1186 oondata
482 1128 618 1204 utraque
649 1117 811 1203 scriptura
844 1118 979 1199 ἀφείηπε
1013 1117 1230 1203 reponendum
1262 1140 1331 1187 esse

140 1245 271 1293 oensem
317 1224 354 1291 In
378 1224 545 1311 Euripidis
568 1224 643 1290 Ione
666 1243 713 1287 vs.
736 1227 833 1287 1170.
858 1221 932 1287 nnn
952 1241 1063 1287 omnes
1086 1225 1272 1310 conspirant
1296 1226 1328 1291 in

140 1328 283 1399 lentium
306 1338 340 1397 et
364 1329 500 1396 lacuna:
533 1333 572 1403 ὥς
601 1330 628 1396 δ’
650 1330 769 1403 ἀνιῖσοον
801 1328 903 1403 ἡδονὴν
930 1328 944 1357 *
968 1328 981 1357 *
1005 1332 1161 1409 παρελθὼν
1192 1331 1329 1411 πρέσβυς

137 1438 211 1505 nrt.
241 1444 331 1503 reete
358 1436 421 1501 viri
445 1434 531 1500 dooti
556 1437 684 1501 ἀνεῖσαν
713 1440 916 1499 revocarunt.
964 1432 1125 1500 Lacunam
1157 1436 1205 1501 sic
1228 1436 1330 1523 expie-

139 1540 263 1609 verim:
285 1542 325 1615 ric
349 1542 375 1607 δ’
394 1543 521 1608 ἀνεῖσαν
540 1542 642 1616 ιὶδονην
666 1536 795 1627 (δαιτὸς)
820 1540 999 1619 παρελθών,
1023 1539 1054 1604 id
1074 1551 1141 1607 est:

327 1646 429 1729 αὐτὰρ
448 1645 515 1711 ἐπεὶ
535 1646 638 1719 πόσιος
661 1644 714 1709 καὶ
739 1644 862 1717 ἐδητύος
886 1642 921 1719 ἐξ
944 1642 1005 1726 ἔρον
1027 1644 1104 1712 ἕντο.

190 1750 230 1817 lu
261 1750 382 1819 Hellen.
402 1744 470 1817 Vll.
494 1770 525 1818 v.
550 1755 582 1816 8.
615 1752 645 1815 ἐν
676 1751 883 1835 ἀσφαλεςέριρ
913 1775 949 1815 τε
983 1750 1017 1828 ἦν
1053 1752 1106 1817 καῖ
1143 1762 1207 1827 τοῖς
1238 1768 1331 1819 πολε·

141 1858 229 1937 peiore
250 1858 283 1923 έν
305 1858 477 1939 ἀδηλοτέρῳ
500 1854 519 1922 θ
538 1882 569 1923 τι
591 1855 779 1938 πράττοιτο,
811 1855 1047 1922 emendandum
1069 1866 1119 1924 est
1137 1854 1156 1923 θ’
1175 1883 1206 1924 τι
1231 1858 1333 1938 πράτ.

141 1984 216 2041 σοι,
248 1981 325 2031 nam
354 1982 469 2029 sensus
498 1970 569 2028 est:
603 1963 671 2048 ipse
694 1960 932 2048 Epaminondas
957 1964 989 2028 ἐν
1020 1962 1190 2046 ἀδηλοτέρῳ
1211 1963 1244 2040 ἦν
1267 1973 1331 2037 τοῖς

141 2068 306 2149 mundate
332 2069 378 2159 (id
399 2076 448 2135 est
466 2072 591 2148 μάλλον
612 2070 683 2143 τοὺς
707 2069 872 2148 πολεμίους
895 2065 1071 2154 ε’λάνθανεν)
1093 2065 1112 2133 ὅ
1134 2093 1165 2134 σι
1190 2069 1330 2150 πράττοι.

140 2174 304 2261 Computa
333 2174 439 2241 locunt
472 2176 504 2239 in
540 2172 714 2262 Cynopaed.
737 2173 823 2239 Vidi.
849 2195 869 2240 ι.
904 2177 956 2239 16.
992 2174 1044 2239 ent
1074 2174 1110 2238 τὸ
1144 2174 1252 2241 εἰδέναι
1284 2173 1330 2242 ὅτι

141 2280 250 2365 dpr'p'nr'
269 2280 309 2347 ἀν
328 2277 348 2347 t'
366 2303 398 2345 πι
422 2280 596 2361 πράπτοιεν.

188 2382 261 2451 Non
289 2394 339 2451 est
369 2404 448 2451 sana
478 2384 573 2450 tectio
598 2382 663 2448 VH.
689 2404 718 2448 u.
747 2389 798 2450 10.
831 2384 1061 2464 θ’Λγησθλαος
1096 2384 1173 2468 έφθη
1204 2387 1249 2461 εἷς
1276 2387 1331 2462 την

140 2488 250 2559 πέλαν.
267 2492 473 2567 ἀπελθών,
507 2489 636 2575 requiro
666 2489 850 2556 ἐπανελθών.
907 2492 1024 2556 Contra
1050 2490 1116 2555 vlt.
1140 2510 1169 2555 ν.
1194 2495 1245 2557 18.
1277 2494 1332 2559 οθιι

140 2594 242 2663 ”dut
263 2597 349 2677 αὐτῷ
370 2596 497 2663 δυνατὸν
519 2590 598 2659 εἶναι
621 2595 745 2677 ἀμαχεὶ
770 2597 1009 2678 παρελθεῖν,
1032 2605 1164 2661 nonest
1187 2597 1234 2662 rei
1258 2617 1331 2664 con·

141 2700 279 2769 veniens
298 2699 431 2769 verbum
456 2703 620 2781 παρελθεῖν
644 2699 699 2766 sed
720 2703 879 2767 ἀπελθεῖν.
925 2700 1164 2787 Epaminondas
1188 2701 1276 2768 nulla
1297 2722 1333 2770 re

142 2814 240 2895 putu
260 2806 349 2873 obire
370 2804 516 2883 nolebat,
539 2804 706 2891 Agesilaus
730 2826 858 2873 summa
876 2826 935 2892 ope
958 2807 1141 2893 properavit
1160 2807 1194 2871 in
1219 2807 1333 2873 urbem

143 2910 264 2979 ndito.
318 2910 560 2977 Eiusdemmodi
595 2909 741 2977 eoniusio
771 2920 822 2979 est
846 2914 872 2979 Ι.
901 2931 954 2977 vn.
990 2917 1020 2976 1.
1056 2912 1088 2976 in
1121 2910 1244 2978 verbis:
1279 2915 1333 2978 οὐκ

143 3016 286 3091 ἀπῆλθον
308 3018 351 3092 sir
375 3018 526 3093 Ἀθήνας,
549 3034 663 3080 sensus
687 3024 752 3081 est:
777 3016 915 3082 Athenas
936 3037 996 3081 non
1015 3016 1195 3095 redierunt,
1218 3016 1275 3083 sed
1299 3017 1333 3083 in

142 3120 299 3191 utilium
324 3120 410 3187 uitro
441 3120 611 3187 abierunt:
649 3121 757 3205 itaque
788 3121 957 3194 ἐπανῆλθον
982 3122 1169 3208 requiritur.
1216 3122 1334 3191 Contra

143 3226 205 3297 Ν.
227 3248 259 3295 ιι.
282 3232 315 3295 8.
347 3246 404 3313 pro
433 3227 512 3293 διϊιὶιν
542 3225 573 3291 δέ
604 3227 654 3291 ἐπ’
683 3224 765 3291 rimo
800 3225 877 3292 latet
906 3227 941 3291 in
972 3236 1100 3293 ΔΙΙΩΝ
1131 3246 1207 3293 uera
1239 3226 1333 3293 teotio

143 3342 312 3411 Autan,
334 3334 433 3401 ἀπιθιν
455 3333 487 3399 δέ
510 3333 560 3397 ἐπ’
581 3330 671 3397 rimu·
717 3329 763 3397 Gi.
788 3330 841 3396 Vi.
867 3352 907 3398 tv.
933 3334 998 3411 26,
1021 3341 1053 3399 et
1078 3336 1131 3397 27.

194 3438 275 3507 ibid.
297 3437 365 3505 Vll.
391 3459 419 3503 v.
446 3442 497 3503 16.
531 3438 615 3503 οὐδέν
643 3436 758 3504 τούτων
790 3439 1015 3517 ἐπελογίσαντο
1049 3436 1245 3505 ὃθέιιιθίθθιο
1278 3439 1334 3505 ob-

144 3552 362 3633 temperatum
385 3544 525 3630 oportuit
556 3543 723 3609 verissime
753 3544 981 3623 ὑπελογίσαντο
1009 3542 1204 3611 emendanti.
1251 3544 1333 3611 Eru-

145 3660 219 3719 rtrn
242 3647 427 3736 obloquitur
451 3646 634 3714 Diodoriius
660 3648 797 3714 testibus
818 3649 970 3729 eredens,
994 3651 1050 3738 qui
1073 3650 1164 3715 eitati
1189 3657 1247 3715 aut
1271 3670 1333 3716 non

145 3753 388 3843 respondebunt
408 3763 464 3819 aut
483 3751 563 3817 niun
585 3752 703 3818 dicent.
751 3752 835 3820 Nihil
858 3754 946 3822 aliud
967 3757 998 3821 in
1021 3754 1078 3822 taii
1096 3774 1131 3821 re
1149 3754 1212 3821 diei
1231 3764 1335 3842 potest

145 3878 248 3949 qnam
267 3858 350 3927 οὐδὲν
372 3857 599 3941 ὑπολογθζομαι
620 3867 652 3924 et
676 3858 783 3925 οὐδένα
810 3860 963 3940 ὑπόλογον
988 3866 1156 3939 ποιοῦμαι,
1183 3859 1238 3926 utri
1261 3862 1335 3946 quis

145 3962 272 4033 dieitur
294 3962 328 4031 id
350 3963 434 4051 quod
457 3962 570 4050 agebat
594 3980 747 4048 peragere
768 3965 859 4030 ιιιιθθσ
880 3968 1002 4032 ratione
1024 3966 1129 4031 debito
1149 3984 1260 4031 earum
1286 3982 1335 4033 re·

146 4088 248 4149 rm,
269 4089 354 4157 quae
376 4069 476 4136 atium
507 4068 643 4135 fortasse
667 4070 806 4139 retinere
828 4079 885 4137 aut
907 4071 1064 4160 impedire
1086 4078 1142 4137 aut
1168 4069 1335 4138 retardare

145 4174 341 4297 potuissent.
389 4176 437 4242 Ex
463 4174 632 4263 permultis
658 4176 813 4261 exemptis
836 4179 916 4244 satis
946 4179 1009 4245 erit
1036 4197 1137 4244 unum
1160 4178 1337 4264 inspexisse

145 4282 182 4349 in
204 4280 433 4349 nemostuents
463 4280 552 4348 Orat.
577 4279 617 4347 de
647 4280 768 4349 Corona
796 4286 814 4369 §
838 4289 912 4353 124.
943 4283 1006 4365 μηδ
1008 4284 1038 4350 έν
1073 4280 1111 4350 ὧν
1147 4284 1321 4359 ηδθκησθε’
1305 4308 1337 4350 εν

143 4384 188 4463 οἷς
215 4386 401 4463 έπιςεθθηπε
429 4386 699 4467 ὑπολογισάμενοι.
