2940 5010
710 331 773 394 777

143 503 258 592 utar),
291 521 355 569 non
378 505 403 569 oi
427 509 596 578 πλανῆται.
644 503 794 581 Soribae,
827 503 944 591 quibus
978 503 1118 572 solemne
1153 510 1224 571 erat
1247 520 1329 570 πλα-

137 618 236 688 νῆται
260 615 293 676 ot
316 608 428 676 audire
451 615 484 674 et
507 607 634 687 dicere,
665 609 807 696 primum
837 617 989 675 accentus
1017 610 1052 675 in
1074 617 1328 677 ΠΑΑΝΗΤΩΝ

144 721 181 783 et
202 723 444 782 ΠΛΑΝΗΤΑΣ
473 733 569 800 prave
591 721 744 801 ponentes
767 733 825 801 pro
848 715 1012 791 πλανήτων
1035 722 1068 781 et
1096 713 1261 790 πλάνητας
1283 715 1329 780 υἰ-

144 820 229 887 tiose
246 826 411 895 πλανητῶν
431 826 463 886 et
487 822 651 898 πλανήτας
671 818 907 886 describebant:
932 818 1028 886 iidem
1049 819 1133 906 apud
1154 819 1327 887 stobaeum

142 922 255 993 Floril.
276 930 341 1004 lc,
365 929 408 992 64
437 933 469 991 cl
495 931 580 1002 105,
604 929 657 992 26.
694 929 855 999 πλαυὸιπες
887 925 993 1006 deicae
1030 923 1207 1003 dederunt,
1242 924 1327 1012 qunti

142 1030 323 1098 lleinekius
352 1031 513 1109 correxit,
547 1030 661 1098 deinde
688 1040 927 1098 ΠΛΑΝΗΤΕΣ
951 1050 1077 1117 quoque
1100 1031 1133 1096 io
1166 1039 1326 1106 πλανῆται

141 1134 370 1224 depravabant.
419 1135 631 1220 inobliquam
655 1135 797 1213 πλάνης,
831 1138 899 1215 βίος
927 1136 1048 1212 πλάνης
1071 1137 1200 1203 elsim.
1224 1135 1328 1203 errari

141 1240 178 1308 iu
203 1240 294 1307 libris
315 1261 379 1307 non
411 1241 510 1308 solet:
542 1240 701 1317 πλάνητες
731 1261 858 1328 quoque
882 1242 1137 1332 (nonnumquam
1169 1249 1329 1317 πλανῆτες

140 1347 324 1435 scriptum,
347 1354 414 1414 tam
432 1366 530 1434 prave
553 1368 591 1415 ao
615 1348 644 1415 si
663 1349 737 1435 quis
756 1354 885 1422 πενῆτες
908 1346 1003 1415 uellet
1026 1347 1180 1437 seribere)
1206 1348 1327 1435 passim

140 1452 215 1521 sine
235 1453 351 1519 mendo
374 1454 495 1520 evasit:
528 1454 636 1540 itaquo
661 1452 748 1519 nulla
768 1462 817 1521 est
839 1452 998 1520 dubitatio
1021 1455 1099 1541 quin
1123 1455 1158 1520 in
1181 1453 1324 1520 Platonis

139 1556 212 1625 icco
236 1556 275 1626 de
307 1558 385 1644 ch.
409 1559 448 1624 ll.
480 1577 509 1645 p.
531 1560 607 1624 571.
631 1558 675 1626 b:
709 1562 780 1634 τοὺς
810 1561 842 1628 δὲ
873 1563 1092 1638 πλανήτας
1115 1561 1166 1627 ἐπὶ
1187 1560 1247 1635 τοὶς
1271 1558 1327 1627 πό·

140 1679 209 1739 λαις
231 1665 379 1744 ἐμπόρους
401 1670 578 1744 καλοῦμεν,
610 1684 684 1731 vera
709 1666 872 1752 scriptura
895 1667 938 1732 sit
961 1665 1150 1743 πλάνητας,
1175 1674 1208 1732 et
1227 1663 1328 1732 semel

141 1769 368 1838 animadversa
391 1769 499 1836 mendi
522 1768 646 1855 origine
679 1770 858 1850 πλάνητες,
889 1772 1075 1848 πλανήτων,
1101 1779 1163 1839 oet.
1188 1771 1222 1837 in
1246 1771 1328 1837 anti·
1449 1855 1451 1859 ι

139 1892 280 1963 quorum
306 1875 398 1941 libris
422 1874 540 1962 ubique
564 1876 674 1962 reponi
698 1883 853 1962 oporteat

185 1980 375 2048 Notavimus
402 1981 468 2047 iam
499 1980 575 2046 alibi
603 1979 643 2048 de
672 1982 805 2068 antiquo
836 1980 932 2050 verbo
962 1990 1142 2048 ΜΑΛΚΙΩ
1176 1981 1325 2061 μαλκίνι,

141 2088 177 2154 in
200 2106 264 2174 quo
285 2085 402 2172 ubique
430 2086 571 2153 vitiando
602 2085 784 2153 scribarum
808 2087 895 2153 natio
927 2087 1135 2174 conspirauit.
1182 2085 1327 2174 Namque

141 2199 200 2261 aut
220 2198 364 2271 μαλκιῶ,
386 2198 549 2271 μαλκιῶν,
574 2199 743 2270 μαλκιῶοα
765 2190 843 2258 dare
866 2191 969 2258 solent
991 2213 1049 2281 pro
1070 2191 1218 2271 μαλκίιν,
1240 2208 1328 2272 μαλ-

141 2298 232 2377 κίον,
254 2298 456 2379 μαλκίουοα,
490 2295 613 2387 (eodem
637 2297 757 2363 erroris
788 2316 905 2382 genere
930 2317 995 2384 quo
1021 2302 1157 2378 μηνιιῖν,
1187 2303 1326 2378 μηνιῶν,
1433 2359 1436 2365 ,

140 2407 283 2486 μηνιῶοα
306 2402 509 2491 sequioribus
532 2404 653 2469 usitata
676 2410 751 2468 sunl
773 2423 831 2489 pro
853 2404 992 2482 uniisse,
1014 2405 1151 2483 μηνίων,
1176 2405 1328 2483 μηνίοντα

142 2508 381 2597 antiquorum),
403 2514 478 2586 aut,
503 2510 629 2594 quasia
646 2508 792 2588 μαλακός
809 2504 947 2574 inumata
959 2507 1078 2587 forent,
1098 2535 1121 2576 α
1139 2509 1179 2577 de
1202 2530 1260 2576 suo
1278 2510 1328 2576 io·

142 2622 257 2685 cerunt
278 2621 425 2695 μαλακιῶ
448 2613 626 2681 scribentes
648 2623 681 2680 el
704 2620 868 2694 μαλακιῶν
887 2622 920 2681 et
941 2621 1141 2694 μαλακιῶοα.
1175 2614 1243 2681 Non
1268 2617 1327 2680 mi·

141 2720 268 2790 ruboris
286 2721 389 2806 igitur
408 2719 445 2785 V.
472 2723 502 2786 b.
534 2718 683 2787 inlibris
717 2738 786 2786 esse
821 2728 1090 2799 μαλακιῶοαι
1126 2720 1185 2794 τας
1220 2726 1326 2804 ῥῖνας,

142 2846 204 2896 nee
233 2824 382 2913 probabis
405 2825 462 2913 qui
492 2831 671 2904 μαλκιῶοαι
703 2834 880 2913 reponunt,
917 2845 992 2893 nam
1021 2826 1210 2906 μαλκίουοαι
1234 2827 1330 2894 unice

142 2953 256 3002 verum
280 2939 340 2999 est.
927 2999 931 3005 ¹

188 3039 311 3106 lterum
336 3044 430 3104 vetus
453 3033 555 3102 forma
583 3036 690 3102 Attica
716 3035 848 3123 expulsa
870 3044 919 3104 est
941 3036 995 3104 lV.
1021 3042 1060 3103 6:
1086 3039 1117 3102 ἐν
1139 3037 1244 3112 τόποις
1275 3047 1327 3120 ψι-

142 3153 231 3222 λοῖς,
256 3143 377 3226 ξηροῖς,
410 3142 648 3223 προοηλίοις
683 3144 737 3207 ποῦ
772 3140 864 3223 ἄςρου
889 3142 1047 3219 ἐπιόντος,
1069 3150 1102 3208 et
1125 3143 1163 3209 V.
1188 3147 1228 3210 9:
1253 3140 1328 3210 ὅταν

143 3255 202 3336 μὲν
221 3249 240 3334 η
261 3250 354 3333 ψύχη
374 3250 405 3314 ἔν
425 3249 599 3325 εὐδιεινοῖς,
629 3244 704 3312 ὅταν
727 3248 759 3313 δὲ
783 3248 936 3327 καύματα
963 3250 994 3314 ἕν
1017 3250 1214 3326 παλιοκΙοις,
1237 3250 1273 3315 πὸ
1296 3249 1329 3315 δὲ

143 3360 198 3442 ἔαρ
220 3356 274 3424 καὶ
304 3357 340 3423 πὸ
370 3353 554 3438 Φθιυόποιροκ
588 3354 618 3417 ἐν
653 3355 903 3432 προοηλίοις.
952 3353 1127 3440 Xenophon
1160 3354 1331 3441 utrobique

144 3464 319 3550 scripserat
350 3461 518 3543 προσείλοις
553 3477 610 3545 pro
645 3458 827 3539 προοηλΙοις.
876 3458 1024 3525 Diximus
1055 3458 1096 3527 (ie
1124 3479 1161 3526 ea
1192 3459 1328 3527 solemni

143 3568 330 3639 confusione
353 3566 418 3633 iam
442 3572 546 3631 antea.
593 3564 693 3630 Atlioi
726 3562 810 3639 εἵλην
834 3564 910 3630 solis
933 3575 1053 3631 aestum
1082 3564 1261 3654 appellant,
1295 3574 1328 3632 et

140 3677 220 3744 binc
254 3671 381 3750 ἅειλος,
415 3671 530 3744 εὕειλος
551 3677 583 3736 ct
605 3670 763 3749 πρότειλος
796 3669 995 3750 formabant,
1030 3671 1147 3758 quibus
1180 3671 1330 3741 Graeculi

143 3783 250 3860 aliam
279 3778 483 3846 substituunt
505 3784 539 3842 et
560 3776 679 3852 εὐηλιος
699 3783 731 3841 et
753 3778 932 3858 προοηλιις,
963 3795 1206 3863 nonnumquam
1230 3778 1328 3843 eliam

142 3888 234 3977 peius
263 3885 423 3967 προσηλος.
481 3880 659 3969 Aeschylus
691 3900 790 3967 quum
822 3880 958 3948 dixisset
988 3882 1021 3947 in
1058 3881 1247 3949 Prometheo
1282 3902 1329 3947 vs.

143 3996 231 4062 lte:

279 4094 349 4162 οὔτε
373 4092 555 4173 πλινθυφεῖς
577 4090 583 4181 Ι
603 4092 711 4172 δόμους
734 4093 978 4173 προσείλους
1002 4091 1123 4174 ἦσαν,

143 4201 270 4270 librarii
292 4199 450 4267 dederunt
476 4198 643 4279 προτηλιυς
668 4205 699 4265 et
729 4194 815 4275 icoo,
840 4197 958 4284 quibus
989 4198 1022 4263 in
1054 4216 1091 4265 ea
1119 4215 1157 4262 re
1189 4203 1328 4262 tantum·

145 4308 218 4377 (lem
242 4305 362 4394 ubique
385 4303 591 4371 credendum.

193 4412 315 4480 Vitiosa
339 4410 441 4479 icrmc
465 4416 515 4478 esl
539 4428 621 4497 quae
648 4408 768 4497 legitur
788 4408 842 4477 vl.
867 4413 930 4477 20:
964 4409 1036 4490 πρὸς
1067 4410 1100 4474 δὲ
1130 4415 1194 4481 τοῖς
1221 4404 1330 4479 ἄλλοις

1126 4520 1153 4557 55
