2940 5010
689 243 753 305 stu

141 414 207 480 ὁδοῦ
230 413 382 496 ποίροργον
415 412 556 482 indicare
587 417 684 482 irruet.
732 414 864 498 Legitur
895 412 980 499 opud
1012 412 1218 485 Clroritonem
1252 416 1325 486 libr.

143 518 211 585 Vll.
235 540 266 607 p.
292 525 375 598 122,
404 526 453 587 19.
489 523 581 588 llorr.
609 522 693 610 (pag.
719 523 805 597 189,
831 522 882 585 19.
916 520 948 584 in
975 520 1149 607 llirscbigii
1174 523 1329 612 Eroticie)

142 626 179 690 τὸ
200 626 232 690 δὲ
258 630 399 693 ναυτικὸν
422 628 533 711 ἐπήρθη
555 637 627 702 ταῖς
655 627 762 693 ἐλπίσι
794 624 847 691 καί
876 626 1074 709 Φρονηροατος
1096 630 1331 709 ἐνεπλήσθησαν

145 727 191 796 θτι
226 731 278 796 τὸν
310 732 521 813 ανδρειθτατον
555 734 607 798 καί
642 731 791 801 κοίλλιςον
824 727 911 813 είχον
947 732 1125 813 ἡγούμενον.
1160 735 1269 814 θλίγον
1301 735 1332 803 δὲ

149 835 287 901 ἐπένθουν
311 837 328 914 θη
351 839 541 905 otterestat
561 836 697 919 θρριηντο
722 836 775 902 καί
799 837 974 920 τριήραρχοι
999 838 1052 905 καί
1076 841 1267 922 κυβερνῆται
1289 878 1333 890 -

147 938 264 1014 ποίντες
297 943 413 1022 ὁμοίως.
463 943 497 1008 lo
532 944 627 1008 unico
656 941 771 1007 (lodice
805 938 945 1007 Mediceo
976 943 1134 1030 scriptum
1166 965 1240 1012 esse
1269 943 1333 1011 ridi

146 1046 250 1123 ὀλίγον
272 1051 301 1111 τ’
324 1049 462 1116 ἐπένθουν
486 1050 504 1126 i
527 1047 741 1124 otterestat,
765 1066 902 1133 quornm
926 1047 1096 1115 verborum
1117 1050 1193 1137 quis
1219 1068 1334 1116 sensus

146 1151 238 1214 sitsi
263 1170 281 1217 c
303 1151 454 1219 llorrillio
482 1172 636 1240 quaeres,
663 1161 713 1218 sat
737 1152 825 1229 scio,
849 1151 1031 1218 subridebis
1056 1153 1113 1220 scd
1142 1174 1206 1221 noo
1236 1157 1333 1221 mim·

148 1255 255 1333 beris,
287 1260 370 1323 nosti
393 1259 479 1324 enim
517 1257 656 1323 hominis
692 1258 858 1343 ingenium
884 1257 924 1321 iis
953 1256 1154 1325 infestissimi
1192 1260 1334 1347 »putto

147 1359 258 1446 oolitpe
279 1372 325 1426 est
344 1365 619 1449 ροίὶιιοιιιιοίοοιι,
640 1373 676 1429 ut
699 1373 821 1439 cocunt,
844 1361 1014 1430 emendare
1037 1384 1132 1449 quom
1154 1364 1333 1452 explicare,

149 1487 223 1529 sane
244 1468 383 1533 instituto
407 1469 513 1533 —od
541 1469 666 1551 inponite
688 1470 836 1534 iuuenum
864 1468 1088 1555 corrumpendo
1115 1470 1333 1555 praesentissi-

145 1572 242 1649 mo,”
276 1580 312 1638 ut
337 1572 450 1639 scribit
479 1593 509 1659 p.
531 1578 606 1640 589.
637 1583 670 1640 ct
695 1572 813 1640 multos
839 1573 934 1640 habet
963 1573 1150 1641 etiamnunc
1170 1594 1210 1642 ex
1232 1576 1332 1641 animi

148 1679 307 1743 sententia
331 1678 550 1745 assentientes.
577 1678 638 1745 Sed
660 1680 788 1745 lleisltio
808 1678 853 1744 nil
875 1677 1055 1745 suboluisse
1078 1681 1182 1746 miror
1201 1700 1333 1748 emunc-

148 1790 201 1847 tue
222 1785 310 1849 naris
337 1792 368 1850 et
399 1782 502 1870 lepido
523 1786 591 1851 viro
615 1784 707 1850 etad
739 1785 892 1850 iuvenum
913 1784 1041 1870 ingenia
1067 1783 1121 1850 illu
1140 1784 1238 1851 modo
1261 1804 1334 1851 cor·

148 1888 326 1974 erumpendo
351 1898 425 1954 nnio
445 1898 477 1956 et
501 1888 593 1957 lacto.
642 1887 696 1955 Vel
724 1889 875 1956 Dorvillio
898 1890 1004 1955 iudice
1028 1897 1060 1955 et
1083 1890 1236 1957 omnihus
1259 1890 1331 1978 qui·

151 1992 209 2058 bns
234 1995 365 2061 iuuenes
397 2014 436 2061 ne
468 2003 721 2081 corrumpantur
755 1996 896 2060 maxima
926 2015 1005 2061 curu
1033 2003 1083 2061 est
1113 1996 1243 2063 vincam
1278 2016 1335 2085 pro

148 2099 253 2176 ὀλίγον
274 2105 303 2165 τ’
323 2109 560 2166 ΕΠΕΝΘΟΤΝ
585 2102 602 2176 ἢ
626 2100 709 2166 oilie
731 2098 893 2165 emendari
917 2109 1063 2185 oportere
1092 2110 1333 2169 ΕΠΕΝΟΟΤΝ

150 2205 234 2269 οὐδέν
254 2204 415 2290 scribique
445 2207 549 2283 ὀλίγον
577 2207 607 2270 τ’
629 2204 812 2271 ίπενθονν
838 2205 944 2282 οὐδέν,
966 2225 1048 2290 quae
1069 2226 1121 2271 res
1143 2226 1247 2293 quum
1278 2226 1335 2295 per

149 2330 184 2373 se
209 2311 275 2396 ipsu
301 2309 471 2376 manifesta
492 2318 540 2375 est
566 2319 636 2376 tum
660 2310 723 2375 alio
739 2310 837 2376 etiam
861 2317 1053 2395 argumento
1076 2310 1242 2396 perrolido
1260 2332 1335 2379 con·

152 2413 309 2479 dicuutur.
358 2414 466 2479 Solent
498 2416 584 2480 enim
610 2414 764 2481 Rhetores
792 2423 824 2479 et
853 2412 1020 2499 Sophistue
1044 2434 1144 2501 qurum
1175 2416 1239 2503 ipsi
1268 2418 1336 2485 sint

149 2518 251 2584 sterili
283 2526 317 2584 et
343 2519 450 2584 ieiuno
473 2520 601 2604 ingenio
625 2522 802 2585 orationem
835 2539 926 2584 suam
959 2520 1112 2586 Veterum
1144 2518 1225 2586 locis
1254 2532 1334 2589 tum·

149 2643 246 2709 quom
270 2623 448 2688 luminibus
479 2624 642 2690 illustrare
663 2633 720 2689 aut
741 2625 879 2709 gemmis
902 2623 1102 2709 distinguere
1125 2646 1163 2691 ac
1193 2625 1337 2697 llosculis

149 2748 275 2795 ornare.
309 2729 472 2795 Permulta
492 2729 645 2814 leguntur
664 2737 696 2795 et
718 2729 800 2815 apud
822 2738 965 2794 caeteros
984 2729 1015 2794 id
1038 2750 1141 2815 genus
1161 2733 1338 2818 scriptores

149 2844 181 2900 et
203 2836 234 2900 in
258 2834 444 2912 circuitum,
468 2846 549 2920 quiue
573 2842 628 2899 utut
649 2832 852 2900 llenmstheni
877 2833 1107 2901 subleotnsuut
1127 2837 1209 2902 scite
1231 2845 1264 2903 et
1288 2840 1336 2903 ni-

148 2939 214 3007 tide
232 2949 266 3005 et
285 2938 421 3006 locurrde
443 2938 546 3018 diota,
571 2948 628 3006 ortt
647 2938 816 3016 Aeschini,
837 2946 894 3005 out
916 2939 1057 3013 Plutoni,
1076 2949 1133 3005 out
1156 2940 1335 3019 Herodoto,

148 3056 204 3111 urit
238 3044 438 3133 Thucydidi,
469 3065 508 3111 ne
531 3045 570 3111 de
597 3044 734 3109 Homero
760 3044 864 3110 dicum
889 3053 921 3109 et
951 3044 1062 3130 poetis.
1109 3045 1219 3113 Facile
1254 3046 1335 3115 hacc

145 3153 270 3226 omnic,
301 3152 329 3215 si
358 3151 432 3237 quis
455 3170 564 3217 aurem
591 3148 685 3215 habel
709 3150 859 3215 Veterum
881 3148 1017 3214 lectione
1040 3148 1233 3229 subactum,
1264 3154 1334 3221 aui·

146 3256 411 3328 madvertuntur.
441 3255 539 3321 veluti
563 3259 597 3322 αί
632 3255 780 3338 παρῳδίαι
806 3254 838 3317 in
870 3253 1030 3331 comicis,
1065 3254 1249 3323 cuiusmodi
1284 3268 1335 3327 est

145 3382 175 3447 p.
199 3367 286 3437 stt,
311 3365 364 3426 59.
399 3359 525 3427 Hirsclt.
561 3363 675 3442 ἑσπέρα
701 3361 758 3439 μὲν
783 3355 817 3433 ἦν
840 3357 892 3436 ἧκε
927 3360 953 3424 δ’
985 3360 1156 3439 οὶγγίλλοιν
1185 3388 1236 3439 τις
1265 3366 1333 3431 xes.

144 3465 372 3532 adumbratum
396 3485 414 3528 e
438 3464 660 3531 llemosthenis
689 3464 850 3529 celebrato
880 3463 967 3532 loco:
992 3466 1107 3546 ἑσπέρα
1126 3468 1184 3545 μὲν
1207 3468 1274 3551 γὰρ
1298 3466 1335 3545 οἶν

145 3570 198 3648 ἧκε
219 3572 245 3636 θ’
265 3570 434 3649 ἀγγέλλων
452 3594 499 3642 τις
518 3573 558 3642 ὡς
576 3569 727 3635 Ἑλοίτεια
750 3570 974 3645 κατείληπται.
1022 3569 1069 3635 Ex
1091 3571 1237 3639 eiusdem
1258 3584 1336 3641 ttttln

145 3674 214 3740 loeo
237 3681 381 3739 sumtum
406 3694 435 3760 p.
456 3679 539 3749 486,
559 3678 610 3740 18.
635 3676 788 3757 ἐγχειρεῖν
810 3674 1080 3756 προβαλλομένους
1099 3676 1148 3741 niel
1170 3680 1228 3754 την
1245 3680 1333 3759 ἄγα·

145 3783 197 3856 θην
230 3780 363 3855 ἐλπίδα,
395 3786 427 3844 el
456 3799 495 3845 ex
522 3779 656 3845 Homero
687 3801 717 3866 p.
738 3785 826 3857 tlt,
852 3784 913 3845 56:
943 3780 1047 3845 οὔπω
1079 3786 1158 3848 πᾶν
1192 3785 1334 3868 είρητο

143 3888 237 3961 ἔπος
261 3885 313 3952 καί
337 3886 391 3963 ἤδη
412 3888 507 3965 μετὸν
529 3881 562 3959 ἦν
585 3888 620 3951 πθ
643 3886 781 3965 θέατρον,
802 3893 834 3951 cl
853 3884 1004 3973 frequens
1029 3885 1107 3952 illud
1131 3886 1212 3955 ἔνθεν
1235 3891 1340 3971 ἑλών,

145 4003 178 4057 et
201 3994 307 4068 τίλας
330 3992 362 4058 δὲ
383 3992 490 4072 χερσίν
512 3990 638 4076 aliaque
663 3990 783 4059 multa.
807 3998 838 4056 et
865 4010 903 4057 ex
923 3990 1143 4077 Xenophontis
1161 3990 1334 4083 Symposio

144 4118 173 4184 p.
197 4100 280 4176 465,
307 4101 357 4162 l'l.
390 4093 490 4175 θίοπιρ
512 4097 541 4160 ἕν
565 4095 649 4161 νυκτί
677 4097 792 4181 βαθείᾳ
816 4101 935 4163 πολλοῦ
959 4098 1062 4179 <burdo
1087 4096 1239 4181 αἰφνίδια
1261 4109 1335 4185 φα-

30 4247 32 4252 ,
142 4203 239 4275 νέντος
264 4208 296 4266 et
319 4201 403 4273 clia,
427 4220 464 4266 ex
488 4199 606 4286 ortibus
639 4220 703 4266 uno
727 4209 854 4267 tantum
887 4209 960 4268 ntor
983 4201 1023 4268 ad
1050 4202 1156 4271 locum
1184 4204 1332 4273 Charito-

146 4307 197 4371 nis
216 4304 461 4373 emendandum.
509 4305 642 4392 Legitur
665 4325 694 4391 p.
714 4312 795 4381 431,
821 4312 851 4372 t.
884 4309 956 4388 πρὸς
989 4309 1123 4388 τοῦνομα
1152 4316 1209 4377 τοῦ
1231 4316 1334 4395 κυρίου
