<?xml version="1.0" encoding="UTF-8"?>
<!DOCTYPE html PUBLIC "-//W3C//DTD XHTML 1.0 Transitional//EN"
    "http://www.w3.org/TR/xhtml1/DTD/xhtml1-transitional.dtd">
<html xmlns="http://www.w3.org/1999/xhtml" xml:lang="en" lang="en">
 <head>
  <title>
</title>
<meta http-equiv="Content-Type" content="text/html;charset=utf-8" />
  <meta name='ocr-system' content='tesseract 3.04.00' />
  <meta name='ocr-capabilities' content='ocr_page ocr_carea ocr_par ocr_line ocrx_word'/>
</head>
<body>
  <div class='ocr_page' id='page_1' title='image "./novaelectionesq00cobegoog/novaelectionesq00cobegoog_0794.png"; bbox 0 0 2940 5010; ppageno 0'>
   <div class='ocr_carea' id='block_1_1' title="bbox 714 310 771 370">
    <p class='ocr_par' dir='ltr' id='par_1_1' title="bbox 714 310 771 370">
     <span class='ocr_line' id='line_1_1' title="bbox 714 310 771 370; baseline -0.018 0"><span class='ocrx_word' id='word_1_1' title='bbox 714 310 771 370; x_wconf 79' lang='lat'><strong>761</strong></span> 
     </span>
    </p>
   </div>
   <div class='ocr_carea' id='block_1_2' title="bbox 139 477 1331 4253">
    <p class='ocr_par' dir='ltr' id='par_1_2' title="bbox 139 477 1331 4253">
     <span class='ocr_line' id='line_1_2' title="bbox 144 477 1328 568; baseline 0.001 -21"><span class='ocrx_word' id='word_1_2' title='bbox 144 481 202 558; x_wconf 71' lang='lat' dir='ltr'><strong>hu</strong></span> <span class='ocrx_word' id='word_1_3' title='bbox 227 481 324 549; x_wconf 70' lang='grc' dir='ltr'><em>ἐννέα.</em></span> <span class='ocrx_word' id='word_1_4' title='bbox 371 479 489 546; x_wconf 84' lang='lat' dir='ltr'><strong>Nouem</strong></span> <span class='ocrx_word' id='word_1_5' title='bbox 520 497 620 544; x_wconf 79' lang='lat' dir='ltr'><strong>aornos</strong></span> <span class='ocrx_word' id='word_1_6' title='bbox 651 477 784 546; x_wconf 78' lang='lat' dir='ltr'><strong>durasse</strong></span> <span class='ocrx_word' id='word_1_7' title='bbox 813 477 932 546; x_wconf 87' lang='lat' dir='ltr'><strong>bellum</strong></span> <span class='ocrx_word' id='word_1_8' title='bbox 964 482 1034 548; x_wconf 87' lang='lat' dir='ltr'><strong>iure</strong></span> <span class='ocrx_word' id='word_1_9' title='bbox 1063 480 1168 568; x_wconf 84' lang='lat' dir='ltr'><strong>poluit</strong></span> <span class='ocrx_word' id='word_1_10' title='bbox 1199 479 1328 560; x_wconf 83' lang='lat' dir='ltr'><strong>(liuere,</strong></span> 
     </span>
     <span class='ocr_line' id='line_1_3' title="bbox 145 582 1328 674; baseline -0.002 -20"><span class='ocrx_word' id='word_1_11' title='bbox 145 588 177 655; x_wconf 86' lang='lat' dir='ltr'><strong>si</strong></span> <span class='ocrx_word' id='word_1_12' title='bbox 209 586 338 674; x_wconf 86' lang='lat' dir='ltr'><strong>quidem</strong></span> <span class='ocrx_word' id='word_1_13' title='bbox 370 585 581 652; x_wconf 86' lang='lat' dir='ltr'><strong>Phocensiurn</strong></span> <span class='ocrx_word' id='word_1_14' title='bbox 617 582 757 662; x_wconf 80' lang='lat' dir='ltr'><strong>deditio,</strong></span> <span class='ocrx_word' id='word_1_15' title='bbox 793 603 875 672; x_wconf 89' lang='lat' dir='ltr'><strong>qnae</strong></span> <span class='ocrx_word' id='word_1_16' title='bbox 908 585 988 652; x_wconf 84' lang='lat' dir='ltr'><strong>lrello</strong></span> <span class='ocrx_word' id='word_1_17' title='bbox 1023 585 1119 653; x_wconf 88' lang='lat' dir='ltr'><strong>finem</strong></span> <span class='ocrx_word' id='word_1_18' title='bbox 1154 586 1328 673; x_wconf 82' lang='lat' dir='ltr'><strong>imposuit,</strong></span> 
     </span>
     <span class='ocr_line' id='line_1_4' title="bbox 147 690 1329 776; baseline 0 -18"><span class='ocrx_word' id='word_1_19' title='bbox 147 690 234 760; x_wconf 77' lang='lat' dir='ltr'><strong>incia</strong></span> <span class='ocrx_word' id='word_1_20' title='bbox 266 699 497 776; x_wconf 73' lang='grc' dir='ltr'><em>Σκιροφοριῶνος</em></span> <span class='ocrx_word' id='word_1_21' title='bbox 528 690 621 769; x_wconf 74' lang='grc' dir='ltr'><em>μηνός</em></span> <span class='ocrx_word' id='word_1_22' title='bbox 655 691 746 774; x_wconf 76' lang='grc' dir='ltr'><em>όγδόρ</em></span> <span class='ocrx_word' id='word_1_23' title='bbox 772 692 948 772; x_wconf 74' lang='grc' dir='ltr'><em>φθάνοντος,</em></span> <span class='ocrx_word' id='word_1_24' title='bbox 985 691 1099 758; x_wconf 74' lang='lat' dir='ltr'><strong>inridit</strong></span> <span class='ocrx_word' id='word_1_25' title='bbox 1134 692 1167 757; x_wconf 91' lang='lat' dir='ltr'><strong>in</strong></span> <span class='ocrx_word' id='word_1_26' title='bbox 1201 691 1329 758; x_wconf 79' lang='lat' dir='ltr'><strong>ultimos</strong></span> 
     </span>
     <span class='ocr_line' id='line_1_5' title="bbox 145 795 1330 879; baseline -0.001 -15"><span class='ocrx_word' id='word_1_27' title='bbox 145 796 217 865; x_wconf 67' lang='lat' dir='ltr'><strong>dios</strong></span> <span class='ocrx_word' id='word_1_28' title='bbox 239 801 313 864; x_wconf 78' lang='grc' dir='ltr'><em>ιιοιιι·</em></span> <span class='ocrx_word' id='word_1_29' title='bbox 334 799 410 863; x_wconf 90' lang='lat' dir='ltr'><strong>anni</strong></span> <span class='ocrx_word' id='word_1_30' title='bbox 430 796 481 862; x_wconf 77' lang='grc' dir='ltr'><strong>ἐπὶ</strong></span> <span class='ocrx_word' id='word_1_31' title='bbox 507 797 731 875; x_wconf 78' lang='grc' dir='ltr'><em>Θεμιςοκλέοος</em></span> <span class='ocrx_word' id='word_1_32' title='bbox 752 795 909 879; x_wconf 76' lang='grc' dir='ltr'><em>ἄρχοντος.</em></span> <span class='ocrx_word' id='word_1_33' title='bbox 960 797 1056 864; x_wconf 81' lang='lat' dir='ltr'><strong>Plane</strong></span> <span class='ocrx_word' id='word_1_34' title='bbox 1079 795 1260 863; x_wconf 80' lang='lat' dir='ltr'><strong>oonleolum</strong></span> <span class='ocrx_word' id='word_1_35' title='bbox 1280 805 1330 864; x_wconf 87' lang='lat' dir='ltr'><strong>est</strong></span> 
     </span>
     <span class='ocr_line' id='line_1_6' title="bbox 143 900 1329 988; baseline -0.005 -16"><span class='ocrx_word' id='word_1_36' title='bbox 143 900 265 972; x_wconf 79' lang='lat' dir='ltr'><strong>loellnm</strong></span> <span class='ocrx_word' id='word_1_37' title='bbox 290 923 375 969; x_wconf 84' lang='lat' dir='ltr'><strong>oono</strong></span> <span class='ocrx_word' id='word_1_38' title='bbox 397 900 514 968; x_wconf 81' lang='lat' dir='ltr'><strong>decimo</strong></span> <span class='ocrx_word' id='word_1_39' title='bbox 534 921 634 988; x_wconf 80' lang='lat' dir='ltr'><strong>quum</strong></span> <span class='ocrx_word' id='word_1_40' title='bbox 658 900 869 967; x_wconf 84' lang='lat' dir='ltr'><strong>Phocensium</strong></span> <span class='ocrx_word' id='word_1_41' title='bbox 894 901 1047 988; x_wconf 83' lang='lat' dir='ltr'><strong>reliquiae</strong></span> <span class='ocrx_word' id='word_1_42' title='bbox 1070 903 1169 968; x_wconf 86' lang='lat' dir='ltr'><strong>armis</strong></span> <span class='ocrx_word' id='word_1_43' title='bbox 1193 901 1329 969; x_wconf 80' lang='lat' dir='ltr'><strong>ademtis</strong></span> 
     </span>
     <span class='ocr_line' id='line_1_7' title="bbox 142 1006 1329 1097; baseline -0.003 -23"><span class='ocrx_word' id='word_1_44' title='bbox 142 1007 271 1097; x_wconf 81' lang='lat' dir='ltr'><strong>oppidis</strong></span> <span class='ocrx_word' id='word_1_45' title='bbox 294 1008 360 1074; x_wconf 93' lang='lat' dir='ltr'><strong>solo</strong></span> <span class='ocrx_word' id='word_1_46' title='bbox 383 1008 529 1094; x_wconf 80' lang='lat' dir='ltr'><strong>aequaris</strong></span> <span class='ocrx_word' id='word_1_47' title='bbox 560 1006 700 1093; x_wconf 73' lang='lat' dir='ltr'><strong>pagatim</strong></span> <span class='ocrx_word' id='word_1_48' title='bbox 729 1006 827 1094; x_wconf 83' lang='grc' dir='ltr'><em>(κατά</em></span> <span class='ocrx_word' id='word_1_49' title='bbox 858 1006 979 1095; x_wconf 81' lang='grc' dir='ltr'><em>κώμας)</em></span> <span class='ocrx_word' id='word_1_50' title='bbox 1012 1008 1046 1072; x_wconf 89' lang='lat' dir='ltr'><strong>in</strong></span> <span class='ocrx_word' id='word_1_51' title='bbox 1078 1015 1202 1074; x_wconf 74' lang='lat' dir='ltr'><strong>vastata</strong></span> <span class='ocrx_word' id='word_1_52' title='bbox 1224 1007 1329 1094; x_wconf 75' lang='lat' dir='ltr'><strong>patria</strong></span> 
     </span>
     <span class='ocr_line' id='line_1_8' title="bbox 143 1110 1328 1199; baseline -0.002 -19"><span class='ocrx_word' id='word_1_53' title='bbox 143 1112 340 1181; x_wconf 77' lang='lat' dir='ltr'><strong>lrabilorenl.</strong></span> <span class='ocrx_word' id='word_1_54' title='bbox 388 1112 422 1180; x_wconf 91' lang='lat' dir='ltr'><strong>Si</strong></span> <span class='ocrx_word' id='word_1_55' title='bbox 442 1113 515 1199; x_wconf 88' lang='lat' dir='ltr'><strong>quis</strong></span> <span class='ocrx_word' id='word_1_56' title='bbox 539 1111 579 1176; x_wconf 91' lang='lat' dir='ltr'><strong>ad</strong></span> <span class='ocrx_word' id='word_1_57' title='bbox 601 1111 683 1177; x_wconf 87' lang='lat' dir='ltr'><strong>hano</strong></span> <span class='ocrx_word' id='word_1_58' title='bbox 707 1110 812 1179; x_wconf 89' lang='lat' dir='ltr'><strong>lnoem</strong></span> <span class='ocrx_word' id='word_1_59' title='bbox 838 1111 1056 1198; x_wconf 78' lang='lat' dir='ltr'><strong>Xenophontis</strong></span> <span class='ocrx_word' id='word_1_60' title='bbox 1077 1111 1182 1180; x_wconf 90' lang='lat' dir='ltr'><strong>looum</strong></span> <span class='ocrx_word' id='word_1_61' title='bbox 1205 1120 1328 1199; x_wconf 82' lang='lat' dir='ltr'><strong>specta·</strong></span> 
     </span>
     <span class='ocr_line' id='line_1_9' title="bbox 142 1215 1329 1305; baseline -0.003 -18"><span class='ocrx_word' id='word_1_62' title='bbox 142 1216 193 1287; x_wconf 71' lang='lat' dir='ltr'><strong>nir</strong></span> <span class='ocrx_word' id='word_1_63' title='bbox 216 1218 374 1286; x_wconf 84' lang='lat' dir='ltr'><strong>Boeoklriu</strong></span> <span class='ocrx_word' id='word_1_64' title='bbox 405 1217 573 1295; x_wconf 84' lang='lat' dir='ltr'><strong>concedet,</strong></span> <span class='ocrx_word' id='word_1_65' title='bbox 606 1215 675 1283; x_wconf 85' lang='lat' dir='ltr'><strong>fieri</strong></span> <span class='ocrx_word' id='word_1_66' title='bbox 704 1217 792 1283; x_wconf 93' lang='lat' dir='ltr'><strong>nullo</strong></span> <span class='ocrx_word' id='word_1_67' title='bbox 814 1224 906 1304; x_wconf 83' lang='lat' dir='ltr'><strong>paolo</strong></span> <span class='ocrx_word' id='word_1_68' title='bbox 926 1237 1019 1304; x_wconf 81' lang='lat' dir='ltr'><strong>posse</strong></span> <span class='ocrx_word' id='word_1_69' title='bbox 1042 1226 1077 1283; x_wconf 90' lang='lat' dir='ltr'><strong>ut</strong></span> <span class='ocrx_word' id='word_1_70' title='bbox 1104 1218 1183 1286; x_wconf 77' lang='lat' dir='ltr'><strong>haro</strong></span> <span class='ocrx_word' id='word_1_71' title='bbox 1208 1219 1329 1305; x_wconf 84' lang='lat' dir='ltr'><strong>soriptn</strong></span> 
     </span>
     <span class='ocr_line' id='line_1_10' title="bbox 141 1320 1328 1412; baseline -0.002 -21"><span class='ocrx_word' id='word_1_72' title='bbox 141 1324 213 1410; x_wconf 75' lang='lat' dir='ltr'><strong>nint</strong></span> <span class='ocrx_word' id='word_1_73' title='bbox 239 1335 310 1410; x_wconf 85' lang='grc' dir='ltr'><em>ροιι</em></span> <span class='ocrx_word' id='word_1_74' title='bbox 343 1322 460 1389; x_wconf 89' lang='lat' dir='ltr'><strong>bellum</strong></span> <span class='ocrx_word' id='word_1_75' title='bbox 494 1342 622 1388; x_wconf 85' lang='lat' dir='ltr'><strong>sacrum</strong></span> <span class='ocrx_word' id='word_1_76' title='bbox 656 1321 837 1389; x_wconf 74' lang='lat' dir='ltr'><strong>coniectum</strong></span> <span class='ocrx_word' id='word_1_77' title='bbox 868 1320 994 1412; x_wconf 81' lang='lat' dir='ltr'><strong>Olymp.</strong></span> <span class='ocrx_word' id='word_1_78' title='bbox 1015 1322 1122 1390; x_wconf 86' lang='lat' dir='ltr'><strong>cvlll.</strong></span> <span class='ocrx_word' id='word_1_79' title='bbox 1148 1329 1179 1390; x_wconf 73' lang='grc'><strong>3.</strong></span> <span class='ocrx_word' id='word_1_80' title='bbox 1213 1330 1246 1390; x_wconf 80' lang='lat' dir='ltr'><strong>et</strong></span> <span class='ocrx_word' id='word_1_81' title='bbox 1276 1343 1328 1389; x_wconf 90' lang='lat' dir='ltr'><strong>ne·</strong></span> 
     </span>
     <span class='ocr_line' id='line_1_11' title="bbox 142 1426 1327 1517; baseline -0.002 -20"><span class='ocrx_word' id='word_1_82' title='bbox 142 1446 235 1497; x_wconf 64' lang='grc' dir='ltr'><em>ταῦτα</em></span> <span class='ocrx_word' id='word_1_83' title='bbox 263 1449 333 1496; x_wconf 88' lang='lat' dir='ltr'><strong>osse</strong></span> <span class='ocrx_word' id='word_1_84' title='bbox 362 1436 398 1494; x_wconf 77' lang='lat' dir='ltr'><strong>ul</strong></span> <span class='ocrx_word' id='word_1_85' title='bbox 428 1427 546 1493; x_wconf 77' lang='lat' dir='ltr'><strong>litteris</strong></span> <span class='ocrx_word' id='word_1_86' title='bbox 578 1426 728 1494; x_wconf 79' lang='lat' dir='ltr'><strong>mandale</strong></span> <span class='ocrx_word' id='word_1_87' title='bbox 763 1426 885 1494; x_wconf 81' lang='lat' dir='ltr'><strong>luerint</strong></span> <span class='ocrx_word' id='word_1_88' title='bbox 919 1437 994 1495; x_wconf 82' lang='lat' dir='ltr'><strong>anie</strong></span> <span class='ocrx_word' id='word_1_89' title='bbox 1033 1427 1160 1517; x_wconf 75' lang='lat' dir='ltr'><strong>Olymp.</strong></span> <span class='ocrx_word' id='word_1_90' title='bbox 1185 1428 1263 1496; x_wconf 86' lang='lat' dir='ltr'><strong>cvl.</strong></span> <span class='ocrx_word' id='word_1_91' title='bbox 1296 1432 1327 1495; x_wconf 75' lang='lat'><strong>2.</strong></span> 
     </span>
     <span class='ocr_line' id='line_1_12' title="bbox 140 1531 1329 1621; baseline -0.003 -18"><span class='ocrx_word' id='word_1_92' title='bbox 140 1534 313 1603; x_wconf 75' lang='lat' dir='ltr'><strong>Praeterea</strong></span> <span class='ocrx_word' id='word_1_93' title='bbox 343 1532 423 1599; x_wconf 90' lang='lat' dir='ltr'><strong>illud</strong></span> <span class='ocrx_word' id='word_1_94' title='bbox 458 1551 584 1619; x_wconf 89' lang='lat' dir='ltr'><strong>quoque</strong></span> <span class='ocrx_word' id='word_1_95' title='bbox 613 1531 694 1597; x_wconf 87' lang='lat' dir='ltr'><strong>mihi</strong></span> <span class='ocrx_word' id='word_1_96' title='bbox 728 1534 945 1600; x_wconf 74' lang='lat' dir='ltr'><strong>certissimum</strong></span> <span class='ocrx_word' id='word_1_97' title='bbox 970 1553 1039 1601; x_wconf 84' lang='lat' dir='ltr'><strong>esso</strong></span> <span class='ocrx_word' id='word_1_98' title='bbox 1063 1533 1210 1613; x_wconf 75' lang='lat' dir='ltr'><strong>videtur,</strong></span> <span class='ocrx_word' id='word_1_99' title='bbox 1242 1531 1329 1621; x_wconf 89' lang='lat' dir='ltr'><strong>quod</strong></span> 
     </span>
     <span class='ocr_line' id='line_1_13' title="bbox 140 1636 1329 1725; baseline -0.004 -16"><span class='ocrx_word' id='word_1_100' title='bbox 140 1639 323 1709; x_wconf 66' lang='lat' dir='ltr'><strong>brennus</strong></span> <span class='ocrx_word' id='word_1_101' title='bbox 343 1639 434 1725; x_wconf 81' lang='lat' dir='ltr'><strong>ponii</strong></span> <span class='ocrx_word' id='word_1_102' title='bbox 458 1645 490 1702; x_wconf 79' lang='lat' dir='ltr'><strong>ei</strong></span> <span class='ocrx_word' id='word_1_103' title='bbox 513 1636 651 1703; x_wconf 89' lang='lat' dir='ltr'><strong>aliorum</strong></span> <span class='ocrx_word' id='word_1_104' title='bbox 675 1647 708 1702; x_wconf 78' lang='lat' dir='ltr'><strong>et</strong></span> <span class='ocrx_word' id='word_1_105' title='bbox 727 1637 917 1705; x_wconf 83' lang='lat' dir='ltr'><strong>Schneideri</strong></span> <span class='ocrx_word' id='word_1_106' title='bbox 933 1641 1158 1707; x_wconf 73' lang='lat' dir='ltr'><strong>auctoritatem</strong></span> <span class='ocrx_word' id='word_1_107' title='bbox 1182 1647 1329 1717; x_wconf 78' lang='lat' dir='ltr'><strong>seculus,</strong></span> 
     </span>
     <span class='ocr_line' id='line_1_14' title="bbox 146 1742 1328 1830; baseline -0.003 -17"><span class='ocrx_word' id='word_1_108' title='bbox 146 1744 307 1813; x_wconf 68' lang='lat' dir='ltr'><strong>Thebanos</strong></span> <span class='ocrx_word' id='word_1_109' title='bbox 332 1765 402 1811; x_wconf 83' lang='lat' dir='ltr'><strong>esso</strong></span> <span class='ocrx_word' id='word_1_110' title='bbox 428 1763 507 1830; x_wconf 88' lang='lat' dir='ltr'><strong>qnos</strong></span> <span class='ocrx_word' id='word_1_111' title='bbox 539 1742 626 1808; x_wconf 78' lang='lat' dir='ltr'><strong>dicul</strong></span> <span class='ocrx_word' id='word_1_112' title='bbox 655 1742 828 1830; x_wconf 82' lang='lat' dir='ltr'><strong>Xenophon</strong></span> <span class='ocrx_word' id='word_1_113' title='bbox 858 1746 986 1819; x_wconf 77' lang='grc' dir='ltr'><em>ἐκείνους</em></span> <span class='ocrx_word' id='word_1_114' title='bbox 1013 1743 1118 1819; x_wconf 72' lang='grc' dir='ltr'><em>οἵτινες</em></span> <span class='ocrx_word' id='word_1_115' title='bbox 1142 1744 1328 1811; x_wconf 76' lang='grc' dir='ltr'><em>ἐκλιπόντων</em></span> 
     </span>
     <span class='ocr_line' id='line_1_15' title="bbox 141 1847 1327 1934; baseline -0.005 -14"><span class='ocrx_word' id='word_1_116' title='bbox 141 1856 203 1920; x_wconf 74' lang='grc' dir='ltr'><em>τῶν</em></span> <span class='ocrx_word' id='word_1_117' title='bbox 225 1849 351 1916; x_wconf 81' lang='grc' dir='ltr'><em>Φωκέων</em></span> <span class='ocrx_word' id='word_1_118' title='bbox 373 1851 408 1916; x_wconf 85' lang='grc' dir='ltr'><em>τό</em></span> <span class='ocrx_word' id='word_1_119' title='bbox 431 1851 508 1930; x_wconf 78' lang='grc' dir='ltr'><em>ἱερὸν</em></span> <span class='ocrx_word' id='word_1_120' title='bbox 529 1847 794 1928; x_wconf 68' lang='grc' dir='ltr'><em>καταλαμβάνειν</em></span> <span class='ocrx_word' id='word_1_121' title='bbox 824 1850 994 1931; x_wconf 83' lang='grc' dir='ltr'><em>ἐπειρῶντο.</em></span> <span class='ocrx_word' id='word_1_122' title='bbox 1041 1848 1127 1929; x_wconf 82' lang='lat' dir='ltr'><strong>Quos</strong></span> <span class='ocrx_word' id='word_1_123' title='bbox 1152 1847 1251 1916; x_wconf 82' lang='lat' dir='ltr'><strong>luisse</strong></span> <span class='ocrx_word' id='word_1_124' title='bbox 1272 1868 1327 1934; x_wconf 85' lang='lat' dir='ltr'><strong>po·</strong></span> 
     </span>
     <span class='ocr_line' id='line_1_16' title="bbox 142 1951 1330 2041; baseline -0.003 -17"><span class='ocrx_word' id='word_1_125' title='bbox 142 1955 332 2025; x_wconf 71' lang='grc' dir='ltr'><em>τοιιῶιιίιιιοι</em></span> <span class='ocrx_word' id='word_1_126' title='bbox 354 1974 393 2021; x_wconf 84' lang='lat' dir='ltr'><strong>ox</strong></span> <span class='ocrx_word' id='word_1_127' title='bbox 416 1955 495 2041; x_wconf 88' lang='lat' dir='ltr'><strong>ipsis</strong></span> <span class='ocrx_word' id='word_1_128' title='bbox 519 1953 569 2019; x_wconf 91' lang='lat' dir='ltr'><strong>his</strong></span> <span class='ocrx_word' id='word_1_129' title='bbox 594 1951 812 2038; x_wconf 72' lang='lat' dir='ltr'><strong>Xenophontis</strong></span> <span class='ocrx_word' id='word_1_130' title='bbox 844 1953 950 2019; x_wconf 81' lang='lat' dir='ltr'><strong>uerbis</strong></span> <span class='ocrx_word' id='word_1_131' title='bbox 972 1954 1142 2041; x_wconf 83' lang='lat' dir='ltr'><strong>perspicue</strong></span> <span class='ocrx_word' id='word_1_132' title='bbox 1165 1953 1330 2040; x_wconf 79' lang='lat' dir='ltr'><strong>oolligiim·</strong></span> 
     </span>
     <span class='ocr_line' id='line_1_17' title="bbox 144 2057 1329 2141; baseline -0.005 -10"><span class='ocrx_word' id='word_1_133' title='bbox 144 2061 198 2131; x_wconf 75' lang='lat' dir='ltr'><strong>ulli</strong></span> <span class='ocrx_word' id='word_1_134' title='bbox 220 2061 321 2127; x_wconf 71' lang='lat' dir='ltr'><strong>diris:</strong></span> <span class='ocrx_word' id='word_1_135' title='bbox 349 2058 473 2134; x_wconf 81' lang='grc' dir='ltr'><em>πάντας</em></span> <span class='ocrx_word' id='word_1_136' title='bbox 497 2059 536 2125; x_wconf 84' lang='grc' dir='ltr'><strong>άν</strong></span> <span class='ocrx_word' id='word_1_137' title='bbox 567 2061 637 2132; x_wconf 87' lang='grc' dir='ltr'><em>τοὺς</em></span> <span class='ocrx_word' id='word_1_138' title='bbox 659 2059 819 2134; x_wconf 79' lang='grc' dir='ltr'><em>Ἕλληνας</em></span> <span class='ocrx_word' id='word_1_139' title='bbox 843 2057 1060 2138; x_wconf 67' lang='grc' dir='ltr'><em>ὁμογνώμονας</em></span> <span class='ocrx_word' id='word_1_140' title='bbox 1085 2084 1123 2125; x_wconf 85' lang='grc' dir='ltr'><em>τε</em></span> <span class='ocrx_word' id='word_1_141' title='bbox 1151 2059 1204 2126; x_wconf 75' lang='grc' dir='ltr'><strong>καὶ</strong></span> <span class='ocrx_word' id='word_1_142' title='bbox 1228 2058 1329 2141; x_wconf 86' lang='grc' dir='ltr'><em>οωνόρ·</em></span> 
     </span>
     <span class='ocr_line' id='line_1_18' title="bbox 142 2162 1329 2257; baseline 0 -25"><span class='ocrx_word' id='word_1_143' title='bbox 142 2192 213 2243; x_wconf 73' lang='grc' dir='ltr'><em>κους</em></span> <span class='ocrx_word' id='word_1_144' title='bbox 241 2164 307 2257; x_wconf 77' lang='grc' dir='ltr'><strong>[καὶ</strong></span> <span class='ocrx_word' id='word_1_145' title='bbox 327 2164 532 2253; x_wconf 82' lang='grc' dir='ltr'><em>συμμάχους]</em></span> <span class='ocrx_word' id='word_1_146' title='bbox 560 2164 692 2244; x_wconf 82' lang='grc' dir='ltr'><em>λάβοιτε</em></span> <span class='ocrx_word' id='word_1_147' title='bbox 716 2165 766 2230; x_wconf 80' lang='grc' dir='ltr'><strong>ἐπ’</strong></span> <span class='ocrx_word' id='word_1_148' title='bbox 790 2164 919 2238; x_wconf 82' lang='grc' dir='ltr'><em>ἕκεόνοως</em></span> <span class='ocrx_word' id='word_1_149' title='bbox 947 2165 1012 2230; x_wconf 82' lang='grc' dir='ltr'><strong>κτὲ.</strong></span> <span class='ocrx_word' id='word_1_150' title='bbox 1039 2164 1070 2228; x_wconf 85' lang='lat' dir='ltr'><strong>in</strong></span> <span class='ocrx_word' id='word_1_151' title='bbox 1096 2183 1158 2251; x_wconf 86' lang='lat' dir='ltr'><strong>quo</strong></span> <span class='ocrx_word' id='word_1_152' title='bbox 1181 2162 1250 2231; x_wconf 87' lang='lat' dir='ltr'><strong>looo</strong></span> <span class='ocrx_word' id='word_1_153' title='bbox 1277 2184 1329 2232; x_wconf 83' lang='lat' dir='ltr'><strong>ve·</strong></span> 
     </span>
     <span class='ocr_line' id='line_1_19' title="bbox 142 2268 1330 2356; baseline -0.003 -15"><span class='ocrx_word' id='word_1_154' title='bbox 142 2273 311 2341; x_wconf 76' lang='lat' dir='ltr'><strong>dementer</strong></span> <span class='ocrx_word' id='word_1_155' title='bbox 339 2271 419 2337; x_wconf 88' lang='lat' dir='ltr'><strong>mihi</strong></span> <span class='ocrx_word' id='word_1_156' title='bbox 451 2279 599 2356; x_wconf 80' lang='lat' dir='ltr'><strong>suspecta</strong></span> <span class='ocrx_word' id='word_1_157' title='bbox 630 2276 707 2335; x_wconf 82' lang='lat' dir='ltr'><strong>sunt</strong></span> <span class='ocrx_word' id='word_1_158' title='bbox 735 2269 887 2336; x_wconf 81' lang='lat' dir='ltr'><strong>voeabula</strong></span> <span class='ocrx_word' id='word_1_159' title='bbox 922 2268 1212 2351; x_wconf 61' lang='lat' dir='ltr'><strong>solemnizare,</strong></span> <span class='ocrx_word' id='word_1_160' title='bbox 1247 2289 1330 2356; x_wconf 81' lang='lat' dir='ltr'><strong>quae</strong></span> 
     </span>
     <span class='ocr_line' id='line_1_20' title="bbox 141 2373 1330 2463; baseline -0.006 -16"><span class='ocrx_word' id='word_1_161' title='bbox 141 2378 183 2447; x_wconf 76' lang='lat' dir='ltr'><strong>oli</strong></span> <span class='ocrx_word' id='word_1_162' title='bbox 205 2379 313 2445; x_wconf 86' lang='lat' dir='ltr'><strong>nescio</strong></span> <span class='ocrx_word' id='word_1_163' title='bbox 336 2397 399 2463; x_wconf 90' lang='lat' dir='ltr'><strong>quo</strong></span> <span class='ocrx_word' id='word_1_164' title='bbox 426 2375 615 2460; x_wconf 76' lang='lat' dir='ltr'><strong>interpolala</strong></span> <span class='ocrx_word' id='word_1_165' title='bbox 646 2394 715 2440; x_wconf 85' lang='lat' dir='ltr'><strong>esse</strong></span> <span class='ocrx_word' id='word_1_166' title='bbox 746 2375 885 2440; x_wconf 84' lang='lat' dir='ltr'><strong>arbilror</strong></span> <span class='ocrx_word' id='word_1_167' title='bbox 913 2374 954 2441; x_wconf 83' lang='lat' dir='ltr'><strong>ad</strong></span> <span class='ocrx_word' id='word_1_168' title='bbox 978 2373 1202 2462; x_wconf 80' lang='lat' dir='ltr'><strong>explicandum</strong></span> <span class='ocrx_word' id='word_1_169' title='bbox 1234 2393 1330 2442; x_wconf 84' lang='lat' dir='ltr'><strong>rora·</strong></span> 
     </span>
     <span class='ocr_line' id='line_1_21' title="bbox 140 2478 1330 2568; baseline -0.004 -15"><span class='ocrx_word' id='word_1_170' title='bbox 140 2482 256 2553; x_wconf 74' lang='lat' dir='ltr'><strong>bolum</strong></span> <span class='ocrx_word' id='word_1_171' title='bbox 279 2483 459 2564; x_wconf 85' lang='grc' dir='ltr'><em>οονόρκοιις,</em></span> <span class='ocrx_word' id='word_1_172' title='bbox 484 2480 569 2567; x_wconf 91' lang='lat' dir='ltr'><strong>quod</strong></span> <span class='ocrx_word' id='word_1_173' title='bbox 593 2479 632 2546; x_wconf 88' lang='lat' dir='ltr'><strong>ad</strong></span> <span class='ocrx_word' id='word_1_174' title='bbox 654 2478 898 2565; x_wconf 76' lang='lat' dir='ltr'><strong>intelligendum</strong></span> <span class='ocrx_word' id='word_1_175' title='bbox 923 2487 1070 2568; x_wconf 75' lang='lat' dir='ltr'><strong>apertum</strong></span> <span class='ocrx_word' id='word_1_176' title='bbox 1096 2488 1145 2547; x_wconf 79' lang='lat' dir='ltr'><strong>esi</strong></span> <span class='ocrx_word' id='word_1_177' title='bbox 1172 2481 1227 2548; x_wconf 87' lang='lat' dir='ltr'><strong>sed</strong></span> <span class='ocrx_word' id='word_1_178' title='bbox 1256 2500 1330 2548; x_wconf 90' lang='lat' dir='ltr'><strong>nus·</strong></span> 
     </span>
     <span class='ocr_line' id='line_1_22' title="bbox 141 2585 1329 2678; baseline -0.004 -21"><span class='ocrx_word' id='word_1_179' title='bbox 141 2609 240 2678; x_wconf 80' lang='lat' dir='ltr'><strong>qnam</strong></span> <span class='ocrx_word' id='word_1_180' title='bbox 275 2587 351 2654; x_wconf 84' lang='lat' dir='ltr'><strong>alibi</strong></span> <span class='ocrx_word' id='word_1_181' title='bbox 378 2587 497 2673; x_wconf 75' lang='lat' dir='ltr'><strong>legitur</strong></span> <span class='ocrx_word' id='word_1_182' title='bbox 529 2606 587 2673; x_wconf 91' lang='lat' dir='ltr'><strong>pro</strong></span> <span class='ocrx_word' id='word_1_183' title='bbox 618 2586 885 2666; x_wconf 85' lang='grc' dir='ltr'><em>οωνομωμοκότας.</em></span> <span class='ocrx_word' id='word_1_184' title='bbox 934 2585 1022 2668; x_wconf 80' lang='lat' dir='ltr'><strong>Quae</strong></span> <span class='ocrx_word' id='word_1_185' title='bbox 1045 2587 1130 2655; x_wconf 78' lang='lat' dir='ltr'><strong>inest</strong></span> <span class='ocrx_word' id='word_1_186' title='bbox 1161 2586 1194 2652; x_wconf 90' lang='lat' dir='ltr'><strong>in</strong></span> <span class='ocrx_word' id='word_1_187' title='bbox 1223 2586 1329 2654; x_wconf 86' lang='lat' dir='ltr'><strong>verbis</strong></span> 
     </span>
     <span class='ocr_line' id='line_1_23' title="bbox 142 2690 1329 2779; baseline -0.003 -16"><span class='ocrx_word' id='word_1_188' title='bbox 142 2691 359 2778; x_wconf 62' lang='lat' dir='ltr'><strong>lusoviensis</strong></span> <span class='ocrx_word' id='word_1_189' title='bbox 386 2717 422 2758; x_wconf 85' lang='grc' dir='ltr'><em>τε</em></span> <span class='ocrx_word' id='word_1_190' title='bbox 449 2693 502 2758; x_wconf 67' lang='grc' dir='ltr'><em>κοιλ</em></span> <span class='ocrx_word' id='word_1_191' title='bbox 525 2690 683 2773; x_wconf 85' lang='grc' dir='ltr'><em>οωνόρκοος</em></span> <span class='ocrx_word' id='word_1_192' title='bbox 708 2691 861 2757; x_wconf 74' lang='lat' dir='ltr'><strong>orationis</strong></span> <span class='ocrx_word' id='word_1_193' title='bbox 882 2693 1018 2758; x_wconf 87' lang='lat' dir='ltr'><strong>minime</strong></span> <span class='ocrx_word' id='word_1_194' title='bbox 1046 2691 1195 2779; x_wconf 78' lang='lat' dir='ltr'><strong>vulgaiae</strong></span> <span class='ocrx_word' id='word_1_195' title='bbox 1221 2693 1329 2772; x_wconf 83' lang='grc' dir='ltr'><em>τεμνό-</em></span> 
     </span>
     <span class='ocr_line' id='line_1_24' title="bbox 140 2797 1331 2885; baseline 0.001 -20"><span class='ocrx_word' id='word_1_196' title='bbox 140 2826 221 2880; x_wconf 77' lang='grc' dir='ltr'><em>ςιρς,</em></span> <span class='ocrx_word' id='word_1_197' title='bbox 254 2797 415 2866; x_wconf 75' lang='lat' dir='ltr'><strong>claudicat</strong></span> <span class='ocrx_word' id='word_1_198' title='bbox 444 2797 499 2864; x_wconf 87' lang='lat' dir='ltr'><strong>ubi</strong></span> <span class='ocrx_word' id='word_1_199' title='bbox 533 2797 573 2863; x_wconf 91' lang='lat' dir='ltr'><strong>de</strong></span> <span class='ocrx_word' id='word_1_200' title='bbox 601 2798 696 2862; x_wconf 75' lang='lat' dir='ltr'><strong>triuio</strong></span> <span class='ocrx_word' id='word_1_201' title='bbox 720 2805 864 2862; x_wconf 77' lang='lat' dir='ltr'><strong>sumtum</strong></span> <span class='ocrx_word' id='word_1_202' title='bbox 891 2798 944 2864; x_wconf 76' lang='lat' dir='ltr'><strong>eui</strong></span> <span class='ocrx_word' id='word_1_203' title='bbox 976 2797 1168 2880; x_wconf 75' lang='grc' dir='ltr'><em>συμμάχους</em></span> <span class='ocrx_word' id='word_1_204' title='bbox 1202 2807 1331 2885; x_wconf 78' lang='lat' dir='ltr'><strong>praeter</strong></span> 
     </span>
     <span class='ocr_line' id='line_1_25' title="bbox 142 2901 1331 2988; baseline -0.004 -13"><span class='ocrx_word' id='word_1_205' title='bbox 142 2906 243 2976; x_wconf 87' lang='lat' dir='ltr'><strong>ullam</strong></span> <span class='ocrx_word' id='word_1_206' title='bbox 276 2904 498 2971; x_wconf 84' lang='lat' dir='ltr'><strong>necessilatem</strong></span> <span class='ocrx_word' id='word_1_207' title='bbox 533 2901 697 2968; x_wconf 78' lang='lat' dir='ltr'><strong>adiicitur.</strong></span> <span class='ocrx_word' id='word_1_208' title='bbox 747 2901 889 2968; x_wconf 82' lang='lat' dir='ltr'><strong>Thebani</strong></span> <span class='ocrx_word' id='word_1_209' title='bbox 925 2903 1027 2988; x_wconf 78' lang='lat' dir='ltr'><strong>igilur</strong></span> <span class='ocrx_word' id='word_1_210' title='bbox 1057 2904 1092 2969; x_wconf 79' lang='grc' dir='ltr'><em>τό</em></span> <span class='ocrx_word' id='word_1_211' title='bbox 1127 2906 1158 2970; x_wconf 85' lang='grc' dir='ltr'><strong>ἐν</strong></span> <span class='ocrx_word' id='word_1_212' title='bbox 1189 2910 1331 2986; x_wconf 76' lang='grc' dir='ltr'><em>Δελφοῖς</em></span> 
     </span>
     <span class='ocr_line' id='line_1_26' title="bbox 142 3007 1331 3097; baseline -0.006 -15"><span class='ocrx_word' id='word_1_213' title='bbox 142 3015 219 3097; x_wconf 74' lang='grc' dir='ltr'><em>ἱερόν</em></span> <span class='ocrx_word' id='word_1_214' title='bbox 241 3009 475 3079; x_wconf 80' lang='grc' dir='ltr'><em>ἐκλιπόντων</em></span> <span class='ocrx_word' id='word_1_215' title='bbox 500 3008 651 3074; x_wconf 77' lang='grc' dir='ltr'><em>Φωκέων</em></span> <span class='ocrx_word' id='word_1_216' title='bbox 680 3007 947 3088; x_wconf 68' lang='grc' dir='ltr'><em>καταλαμβάνειν</em></span> <span class='ocrx_word' id='word_1_217' title='bbox 972 3008 1130 3089; x_wconf 75' lang='grc' dir='ltr'><em>ἐπειρῶντο</em></span> <span class='ocrx_word' id='word_1_218' title='bbox 1158 3017 1233 3075; x_wconf 80' lang='lat' dir='ltr'><strong>onie</strong></span> <span class='ocrx_word' id='word_1_219' title='bbox 1256 3008 1331 3076; x_wconf 85' lang='lat' dir='ltr'><strong>belli</strong></span> 
     </span>
     <span class='ocr_line' id='line_1_27' title="bbox 141 3111 1330 3202; baseline -0.006 -14"><span class='ocrx_word' id='word_1_220' title='bbox 141 3119 228 3188; x_wconf 80' lang='lat' dir='ltr'><strong>sarri</strong></span> <span class='ocrx_word' id='word_1_221' title='bbox 252 3117 382 3183; x_wconf 79' lang='lat' dir='ltr'><strong>initium</strong></span> <span class='ocrx_word' id='word_1_222' title='bbox 410 3112 534 3202; x_wconf 81' lang='lat' dir='ltr'><strong>Olymp.</strong></span> <span class='ocrx_word' id='word_1_223' title='bbox 555 3113 633 3179; x_wconf 82' lang='lat' dir='ltr'><strong>cvl.</strong></span> <span class='ocrx_word' id='word_1_224' title='bbox 658 3117 690 3179; x_wconf 68' lang='grc' dir='ltr'><strong>λ.</strong></span> <span class='ocrx_word' id='word_1_225' title='bbox 738 3112 934 3179; x_wconf 84' lang='lat' dir='ltr'><strong>Gravissima</strong></span> <span class='ocrx_word' id='word_1_226' title='bbox 957 3111 1131 3179; x_wconf 76' lang='lat' dir='ltr'><strong>difficultas</strong></span> <span class='ocrx_word' id='word_1_227' title='bbox 1161 3113 1272 3183; x_wconf 77' lang='lat' dir='ltr'><strong>haeret</strong></span> <span class='ocrx_word' id='word_1_228' title='bbox 1297 3116 1330 3181; x_wconf 90' lang='lat' dir='ltr'><strong>in</strong></span> 
     </span>
     <span class='ocr_line' id='line_1_28' title="bbox 142 3217 1330 3309; baseline -0.006 -17"><span class='ocrx_word' id='word_1_229' title='bbox 142 3223 196 3292; x_wconf 77' lang='lat' dir='ltr'><strong>llis</strong></span> <span class='ocrx_word' id='word_1_230' title='bbox 216 3223 295 3309; x_wconf 85' lang='lat' dir='ltr'><strong>ipsis</strong></span> <span class='ocrx_word' id='word_1_231' title='bbox 318 3220 425 3287; x_wconf 79' lang='lat' dir='ltr'><strong>verbis</strong></span> <span class='ocrx_word' id='word_1_232' title='bbox 445 3219 631 3285; x_wconf 79' lang='grc' dir='ltr'><em>ἐκλιπόντων</em></span> <span class='ocrx_word' id='word_1_233' title='bbox 656 3217 781 3284; x_wconf 75' lang='grc' dir='ltr'><em>Φωκέων</em></span> <span class='ocrx_word' id='word_1_234' title='bbox 800 3220 834 3285; x_wconf 85' lang='grc' dir='ltr'><em>τό</em></span> <span class='ocrx_word' id='word_1_235' title='bbox 863 3220 939 3300; x_wconf 80' lang='grc' dir='ltr'><em>ἱερόν</em></span> <span class='ocrx_word' id='word_1_236' title='bbox 960 3218 1225 3298; x_wconf 80' lang='grc' dir='ltr'><em>καταλαμβάνειν</em></span> <span class='ocrx_word' id='word_1_237' title='bbox 1248 3222 1330 3287; x_wconf 80' lang='grc' dir='ltr'><em>ε’πεῖ·</em></span> 
     </span>
     <span class='ocr_line' id='line_1_29' title="bbox 142 3322 1330 3415; baseline -0.003 -17"><span class='ocrx_word' id='word_1_238' title='bbox 142 3337 234 3415; x_wconf 88' lang='grc' dir='ltr'><em>ρῶντο</em></span> <span class='ocrx_word' id='word_1_239' title='bbox 257 3330 284 3395; x_wconf 86' lang='lat' dir='ltr'><strong>oi</strong></span> <span class='ocrx_word' id='word_1_240' title='bbox 308 3330 454 3408; x_wconf 72' lang='grc' dir='ltr'><em>Θηβαῖοι.</em></span> <span class='ocrx_word' id='word_1_241' title='bbox 501 3322 606 3390; x_wconf 87' lang='lat' dir='ltr'><strong>Verba</strong></span> <span class='ocrx_word' id='word_1_242' title='bbox 627 3325 696 3410; x_wconf 91' lang='lat' dir='ltr'><strong>ipsa</strong></span> <span class='ocrx_word' id='word_1_243' title='bbox 719 3343 828 3411; x_wconf 89' lang='lat' dir='ltr'><strong>perse</strong></span> <span class='ocrx_word' id='word_1_244' title='bbox 848 3330 991 3411; x_wconf 73' lang='lat' dir='ltr'><strong>speciata</strong></span> <span class='ocrx_word' id='word_1_245' title='bbox 1017 3323 1056 3389; x_wconf 91' lang='lat' dir='ltr'><strong>ad</strong></span> <span class='ocrx_word' id='word_1_246' title='bbox 1084 3324 1330 3412; x_wconf 71' lang='lat' dir='ltr'><strong>intelligendum</strong></span> 
     </span>
     <span class='ocr_line' id='line_1_30' title="bbox 141 3429 1331 3522; baseline -0.004 -18"><span class='ocrx_word' id='word_1_247' title='bbox 141 3447 221 3505; x_wconf 85' lang='lat' dir='ltr'><strong>sont</strong></span> <span class='ocrx_word' id='word_1_248' title='bbox 251 3435 466 3522; x_wconf 78' lang='lat' dir='ltr'><strong>apertissima.</strong></span> <span class='ocrx_word' id='word_1_249' title='bbox 521 3429 605 3511; x_wconf 83' lang='lat' dir='ltr'><strong>Quid</strong></span> <span class='ocrx_word' id='word_1_250' title='bbox 641 3431 684 3495; x_wconf 80' lang='lat' dir='ltr'><strong>sil</strong></span> <span class='ocrx_word' id='word_1_251' title='bbox 716 3430 869 3496; x_wconf 76' lang='grc' dir='ltr'><em>ἐκλείπειν</em></span> <span class='ocrx_word' id='word_1_252' title='bbox 895 3440 958 3496; x_wconf 81' lang='lat' dir='ltr'><strong>lam</strong></span> <span class='ocrx_word' id='word_1_253' title='bbox 995 3437 1082 3496; x_wconf 80' lang='lat' dir='ltr'><strong>cerlo</strong></span> <span class='ocrx_word' id='word_1_254' title='bbox 1117 3431 1194 3498; x_wconf 88' lang='lat' dir='ltr'><strong>sciri</strong></span> <span class='ocrx_word' id='word_1_255' title='bbox 1226 3441 1331 3519; x_wconf 78' lang='lat' dir='ltr'><strong>polest</strong></span> 
     </span>
     <span class='ocr_line' id='line_1_31' title="bbox 143 3535 1331 3631; baseline -0.005 -22"><span class='ocrx_word' id='word_1_256' title='bbox 143 3561 242 3631; x_wconf 80' lang='lat' dir='ltr'><strong>quam</strong></span> <span class='ocrx_word' id='word_1_257' title='bbox 269 3538 347 3627; x_wconf 84' lang='lat' dir='ltr'><strong>quid</strong></span> <span class='ocrx_word' id='word_1_258' title='bbox 378 3539 422 3604; x_wconf 85' lang='lat' dir='ltr'><strong>sii</strong></span> <span class='ocrx_word' id='word_1_259' title='bbox 454 3539 488 3605; x_wconf 83' lang='grc' dir='ltr'><em>τό</em></span> <span class='ocrx_word' id='word_1_260' title='bbox 520 3536 617 3618; x_wconf 74' lang='grc' dir='ltr'><em>ἱερόν,</em></span> <span class='ocrx_word' id='word_1_261' title='bbox 651 3543 708 3601; x_wconf 76' lang='lat' dir='ltr'><strong>arnt</strong></span> <span class='ocrx_word' id='word_1_262' title='bbox 740 3535 816 3622; x_wconf 86' lang='lat' dir='ltr'><strong>quid</strong></span> <span class='ocrx_word' id='word_1_263' title='bbox 852 3537 895 3602; x_wconf 83' lang='lat' dir='ltr'><strong>sii</strong></span> <span class='ocrx_word' id='word_1_264' title='bbox 925 3539 1201 3618; x_wconf 82' lang='grc' dir='ltr'><em>καταλαμβάνειν.</em></span> <span class='ocrx_word' id='word_1_265' title='bbox 1248 3537 1331 3605; x_wconf 79' lang='lat' dir='ltr'><strong>Soirr&#39;</strong></span> 
     </span>
     <span class='ocr_line' id='line_1_32' title="bbox 139 3639 1329 3738; baseline -0.005 -25"><span class='ocrx_word' id='word_1_266' title='bbox 139 3657 262 3738; x_wconf 76' lang='lat' dir='ltr'><strong>polest,</strong></span> <span class='ocrx_word' id='word_1_267' title='bbox 288 3647 443 3731; x_wconf 87' lang='lat' dir='ltr'><strong>inquam,</strong></span> <span class='ocrx_word' id='word_1_268' title='bbox 468 3662 541 3708; x_wconf 87' lang='lat' dir='ltr'><strong>nam</strong></span> <span class='ocrx_word' id='word_1_269' title='bbox 564 3639 742 3708; x_wconf 81' lang='lat' dir='ltr'><strong>Boeolrhius</strong></span> <span class='ocrx_word' id='word_1_270' title='bbox 766 3650 797 3709; x_wconf 83' lang='lat' dir='ltr'><strong>el</strong></span> <span class='ocrx_word' id='word_1_271' title='bbox 821 3641 898 3722; x_wconf 88' lang='lat' dir='ltr'><strong>alii,</strong></span> <span class='ocrx_word' id='word_1_272' title='bbox 932 3642 1008 3709; x_wconf 91' lang='lat' dir='ltr'><strong>dum</strong></span> <span class='ocrx_word' id='word_1_273' title='bbox 1031 3644 1090 3708; x_wconf 87' lang='lat' dir='ltr'><strong>loti</strong></span> <span class='ocrx_word' id='word_1_274' title='bbox 1111 3651 1188 3708; x_wconf 82' lang='lat' dir='ltr'><strong>sunt</strong></span> <span class='ocrx_word' id='word_1_275' title='bbox 1220 3643 1252 3707; x_wconf 92' lang='lat' dir='ltr'><strong>in</strong></span> <span class='ocrx_word' id='word_1_276' title='bbox 1281 3664 1329 3708; x_wconf 86' lang='lat' dir='ltr'><strong>re·</strong></span> 
     </span>
     <span class='ocr_line' id='line_1_33' title="bbox 143 3747 1330 3835; baseline -0.006 -15"><span class='ocrx_word' id='word_1_277' title='bbox 143 3753 220 3831; x_wconf 81' lang='lat' dir='ltr'><strong>dns,</strong></span> <span class='ocrx_word' id='word_1_278' title='bbox 244 3761 281 3818; x_wconf 85' lang='lat' dir='ltr'><strong>ut</strong></span> <span class='ocrx_word' id='word_1_279' title='bbox 304 3751 414 3826; x_wconf 85' lang='lat' dir='ltr'><strong>aiunt,</strong></span> <span class='ocrx_word' id='word_1_280' title='bbox 438 3747 658 3835; x_wconf 83' lang='lat' dir='ltr'><strong>explorandis,</strong></span> <span class='ocrx_word' id='word_1_281' title='bbox 679 3749 843 3814; x_wconf 86' lang='lat' dir='ltr'><strong>uerborum</strong></span> <span class='ocrx_word' id='word_1_282' title='bbox 866 3758 987 3815; x_wconf 78' lang='lat' dir='ltr'><strong>ceriam</strong></span> <span class='ocrx_word' id='word_1_283' title='bbox 1014 3756 1201 3832; x_wconf 82' lang='lat' dir='ltr'><strong>poteslalem</strong></span> <span class='ocrx_word' id='word_1_284' title='bbox 1215 3755 1330 3833; x_wconf 85' lang='lat' dir='ltr'><strong>elper-</strong></span> 
     </span>
     <span class='ocr_line' id='line_1_34' title="bbox 143 3853 1330 3948; baseline -0.006 -23"><span class='ocrx_word' id='word_1_285' title='bbox 143 3868 278 3948; x_wconf 83' lang='lat' dir='ltr'><strong>peluum</strong></span> <span class='ocrx_word' id='word_1_286' title='bbox 309 3855 436 3921; x_wconf 85' lang='lat' dir='ltr'><strong>dicendi</strong></span> <span class='ocrx_word' id='word_1_287' title='bbox 460 3875 554 3921; x_wconf 90' lang='lat' dir='ltr'><strong>usnm</strong></span> <span class='ocrx_word' id='word_1_288' title='bbox 580 3857 766 3941; x_wconf 75' lang='lat' dir='ltr'><strong>ignorantes</strong></span> <span class='ocrx_word' id='word_1_289' title='bbox 793 3853 912 3920; x_wconf 86' lang='lat' dir='ltr'><strong>Graeca</strong></span> <span class='ocrx_word' id='word_1_290' title='bbox 935 3873 1175 3939; x_wconf 83' lang='lat' dir='ltr'><strong>nonnumquam</strong></span> <span class='ocrx_word' id='word_1_291' title='bbox 1206 3856 1251 3919; x_wconf 81' lang='lat' dir='ltr'><strong>ila</strong></span> <span class='ocrx_word' id='word_1_292' title='bbox 1283 3853 1330 3918; x_wconf 90' lang='lat' dir='ltr'><strong>in-</strong></span> 
     </span>
     <span class='ocr_line' id='line_1_35' title="bbox 143 3958 1329 4051; baseline -0.008 -17"><span class='ocrx_word' id='word_1_293' title='bbox 143 3971 366 4051; x_wconf 79' lang='lat' dir='ltr'><strong>terpreranrur</strong></span> <span class='ocrx_word' id='word_1_294' title='bbox 400 3959 669 4048; x_wconf 88' lang='lat' dir='ltr'><strong>quemadmodum</strong></span> <span class='ocrx_word' id='word_1_295' title='bbox 712 3958 904 4025; x_wconf 85' lang='lat' dir='ltr'><strong>Plularchus</strong></span> <span class='ocrx_word' id='word_1_296' title='bbox 940 3958 1052 4024; x_wconf 83' lang='lat' dir='ltr'><strong>lalina</strong></span> <span class='ocrx_word' id='word_1_297' title='bbox 1090 3959 1140 4047; x_wconf 89' lang='lat' dir='ltr'><strong>(in</strong></span> <span class='ocrx_word' id='word_1_298' title='bbox 1171 3959 1236 4024; x_wconf 82' lang='lat' dir='ltr'><strong>vila</strong></span> <span class='ocrx_word' id='word_1_299' title='bbox 1270 3960 1329 4025; x_wconf 85' lang='lat' dir='ltr'><strong>lle·</strong></span> 
     </span>
     <span class='ocr_line' id='line_1_36' title="bbox 144 4063 1331 4155; baseline -0.007 -18"><span class='ocrx_word' id='word_1_300' title='bbox 144 4069 263 4139; x_wconf 84' lang='lat' dir='ltr'><strong>moslh.</strong></span> <span class='ocrx_word' id='word_1_301' title='bbox 301 4087 371 4155; x_wconf 79' lang='lat' dir='ltr'><strong>cap.</strong></span> <span class='ocrx_word' id='word_1_302' title='bbox 393 4068 460 4155; x_wconf 70' lang='lat'>2.):</span> <span class='ocrx_word' id='word_1_303' title='bbox 503 4070 564 4149; x_wconf 78' lang='grc' dir='ltr'><strong>οὐχ</strong></span> <span class='ocrx_word' id='word_1_304' title='bbox 598 4063 691 4138; x_wconf 71' lang='grc' dir='ltr'><em>οὕτως</em></span> <span class='ocrx_word' id='word_1_305' title='bbox 725 4065 760 4129; x_wconf 81' lang='grc' dir='ltr'><strong>ἐκ</strong></span> <span class='ocrx_word' id='word_1_306' title='bbox 790 4072 848 4131; x_wconf 88' lang='grc' dir='ltr'><em>τῶν</em></span> <span class='ocrx_word' id='word_1_307' title='bbox 884 4063 1040 4143; x_wconf 89' lang='grc' dir='ltr'><em>όνομάτοιν</em></span> <span class='ocrx_word' id='word_1_308' title='bbox 1072 4065 1115 4130; x_wconf 87' lang='grc' dir='ltr'><em>τά</em></span> <span class='ocrx_word' id='word_1_309' title='bbox 1149 4063 1331 4146; x_wconf 87' lang='grc' dir='ltr'><em>πράγματα</em></span> 
     </span>
     <span class='ocr_line' id='line_1_37' title="bbox 143 4168 1329 4253; baseline -0.007 -9"><span class='ocrx_word' id='word_1_310' title='bbox 143 4177 296 4249; x_wconf 81' lang='grc' dir='ltr'><em>συνιέντες</em></span> <span class='ocrx_word' id='word_1_311' title='bbox 327 4177 365 4249; x_wconf 81' lang='grc' dir='ltr'><strong>ῶς</strong></span> <span class='ocrx_word' id='word_1_312' title='bbox 398 4174 432 4239; x_wconf 79' lang='grc' dir='ltr'><strong>ἐκ</strong></span> <span class='ocrx_word' id='word_1_313' title='bbox 466 4180 524 4238; x_wconf 89' lang='grc' dir='ltr'><em>τῶν</em></span> <span class='ocrx_word' id='word_1_314' title='bbox 559 4168 756 4253; x_wconf 72' lang='grc' dir='ltr'><em>πραγμάτων</em></span> <span class='ocrx_word' id='word_1_315' title='bbox 791 4171 989 4250; x_wconf 81' lang='grc' dir='ltr'><em>άμωογέπως</em></span> <span class='ocrx_word' id='word_1_316' title='bbox 1024 4170 1076 4236; x_wconf 80' lang='grc' dir='ltr'><strong>καὶ</strong></span> <span class='ocrx_word' id='word_1_317' title='bbox 1112 4170 1156 4237; x_wconf 83' lang='grc' dir='ltr'><em>τά</em></span> <span class='ocrx_word' id='word_1_318' title='bbox 1190 4171 1329 4249; x_wconf 91' lang='grc' dir='ltr'><em>όνόματα</em></span> 
     </span>
    </p>
   </div>
   <div class='ocr_carea' id='block_1_3' title="bbox 144 4273 1328 4427">
    <p class='ocr_par' dir='ltr' id='par_1_3' title="bbox 144 4273 1328 4427">
     <span class='ocr_line' id='line_1_38' title="bbox 144 4273 1328 4367; baseline -0.008 -17"><span class='ocrx_word' id='word_1_319' title='bbox 144 4281 360 4367; x_wconf 74' lang='grc' dir='ltr'><em>γνωρίζοντες,</em></span> <span class='ocrx_word' id='word_1_320' title='bbox 395 4277 478 4366; x_wconf 87' lang='lat' dir='ltr'><strong>quod</strong></span> <span class='ocrx_word' id='word_1_321' title='bbox 511 4298 608 4365; x_wconf 90' lang='lat' dir='ltr'><strong>quam</strong></span> <span class='ocrx_word' id='word_1_322' title='bbox 642 4277 685 4343; x_wconf 86' lang='lat' dir='ltr'><strong>sit</strong></span> <span class='ocrx_word' id='word_1_323' title='bbox 719 4275 880 4344; x_wconf 85' lang='lat' dir='ltr'><strong>lubricum</strong></span> <span class='ocrx_word' id='word_1_324' title='bbox 904 4287 936 4343; x_wconf 78' lang='lat' dir='ltr'><strong>et</strong></span> <span class='ocrx_word' id='word_1_325' title='bbox 968 4275 1062 4343; x_wconf 80' lang='lat' dir='ltr'><strong>fallax</strong></span> <span class='ocrx_word' id='word_1_326' title='bbox 1094 4273 1328 4364; x_wconf 76' lang='lat' dir='ltr'><strong>interpretandi</strong></span> 
     </span>
     <span class='ocr_line' id='line_1_39' title="bbox 1076 4387 1103 4427; baseline -0.037 0"><span class='ocrx_word' id='word_1_327' title='bbox 1076 4387 1103 4427; x_wconf 66' lang='lat'><strong>84</strong></span> 
     </span>
    </p>
   </div>
   <div class='ocr_carea' id='block_1_4' title="bbox 0 0 1474 5010">
    <p class='ocr_par' dir='ltr' id='par_1_4' title="bbox 0 0 1474 5010">
     <span class='ocr_line' id='line_1_40' title="bbox 0 0 1474 5010; baseline 0 0"><span class='ocrx_word' id='word_1_328' title='bbox 0 0 1474 5010; x_wconf 95' lang='lat' dir='ltr'><strong> </strong></span> 
     </span>
    </p>
   </div>
  </div>
 </body>
</html>
