2940 5010
698 283 760 346 rec

138 456 187 524 τὰ
217 456 345 542 ἔσχατα
379 456 411 523 in
447 476 481 522 re
517 454 649 522 molesta
672 464 729 522 aut
760 457 867 523 odiosa
900 462 1084 541 ponuntur:
1120 455 1172 522 τοὶ·
1195 454 1323 536 ἔσχατα

138 564 284 646 πάσχειν
307 573 364 630 aul
392 564 507 644 λέγειν.
556 562 855 636 siccatamve
884 560 1011 643 ἔσχατα
1044 561 1164 627 dicitur
1192 562 1223 626 itt
1257 561 1326 627 Hel·

138 668 206 737 leu.
228 670 265 736 V.
288 690 330 736 tv.
356 674 419 748 55,
451 678 482 735 et
514 670 546 733 in
579 666 717 734 Auahasl
743 668 782 733 ll.
808 688 848 732 vr.
877 673 905 733 1.
937 666 1151 749 φιλοπόλεμος
1178 667 1323 748 ἔσχατος

138 774 283 863 aliquam
316 774 410 840 hahet
442 772 700 860 reprehensionis
723 775 905 841 notionem:
940 772 994 839 sed
1020 773 1096 859 qula
1119 775 1257 838 inadusto
1281 775 1324 847 εἰς

136 880 176 946 τὸ
200 879 338 963 ἔσχατον
372 882 403 945 in
437 889 609 964 utramque
635 888 756 964 perlem
780 879 844 944 dici
878 877 979 954 solet,
1011 877 1185 964 Xenophon
1214 880 1256 951 εἰς
1280 878 1324 944 τοὶ

136 983 269 1069 ἔτχατα
296 986 391 1069 σοφόν
415 983 669 1051 admirabundus
698 985 802 1071 potuit
827 984 944 1050 dicere.
1026 1036 1037 1071 ·,

185 1091 311 1157 Revoca
335 1089 508 1156 articulum
530 1090 553 1154 1.
574 1095 602 1154 4.
630 1091 661 1155 in
688 1090 810 1156 verbis:
836 1092 966 1164 ε’τοῆτας
988 1092 1044 1169 μὲν
1068 1090 1121 1155 κα)
1148 1088 1232 1179 (τὰς)
1258 1087 1323 1153 δού-

137 1208 203 1270 λοις
234 1197 384 1279 παρέχειν
420 1196 529 1269 ἱκανὰς
564 1197 705 1273 ἡγήσατο
738 1192 838 1272 εἶναι,
874 1204 960 1270 ταῖς
996 1196 1021 1260 δ’
1058 1195 1227 1276 ἐλευθέραις
1258 1195 1323 1259 xri.

137 1319 204 1367 non
229 1303 353 1388 patitur
376 1303 462 1367 enim
495 1302 650 1386 oppositio
680 1322 841 1366 servorum
863 1310 895 1367 et
919 1303 1149 1388 inperitorum,
1183 1307 1218 1366 ut
1249 1299 1325 1365 arti·

136 1404 236 1472 culus
258 1426 320 1473 non
353 1408 499 1492 utrisque
527 1414 584 1470 aut
608 1414 788 1492 apponatur
812 1407 934 1494 pariter
957 1414 1021 1472 aut·
1042 1406 1212 1471 omittatur
1237 1414 1325 1470 utro·

135 1508 247 1598 hique.

183 1615 335 1683 Desidere
360 1615 550 1704 particulam
574 1614 612 1681 ἄν
641 1615 674 1680 in
701 1615 805 1682 verbis
824 1617 848 1682 1.
874 1622 904 1681 t.
936 1617 1063 1700 νομίζων
1085 1614 1120 1692 ἐξ
1140 1615 1324 1698 ἀμφοτέρων

135 1722 271 1804 laxando
294 1723 346 1788 cal
369 1724 412 1788 τοὶ
435 1721 548 1800 ἔκγονα
573 1720 794 1802 ἕρροοροενέςεροο
818 1722 1004 1800 γίγνεσθαι,
1038 1721 1090 1787 ubi
1118 1720 1325 1804 dppopceodsep'
1426 1758 1429 1763 ·

134 1824 178 1895 ἂν
201 1826 365 1907 γίγνεσθαι
390 1825 609 1913 reponendum
634 1845 758 1891 censeo.
805 1826 851 1893 dl.
876 1827 929 1893 IV.
955 1831 985 1892 ⁶2.
1022 1826 1058 1892 V.
1082 1830 1113 1892 2.
1146 1826 1203 1892 xl.
1228 1831 1259 1890 5.
1293 1835 1326 1892 et

136 1930 216 1998 alihi
240 1934 383 2018 passim,
418 1931 472 1996 uhi
505 1934 632 2017 farturae
665 1931 713 1995 rei
742 1940 877 1998 eventus
908 1929 1080 2018 probabilis
1112 1930 1325 2014 significatur.

132 2036 262 2105 llerum
294 2037 458 2104 intercidit
489 2035 528 2101 ἄν
554 2037 585 2101 in
608 2035 661 2101 Vl.
687 2039 718 2100 2.
750 2033 827 2102 οὕτω
851 2036 1024 2106 conedouera
1048 2036 1207 2111 ἀλλήλους
1230 2037 1325 2115 μηδὲν

133 2142 266 2225 αἰσχρὸν
300 2142 485 2225 προτάττειν
510 2148 574 2214 τοῖς
599 2141 725 2219 παισίν,
749 2139 804 2206 ubi
838 2143 980 2227 primum
1003 2141 1129 2226 corrige
1153 2141 1326 2209 τιςιύοοοιν

135 2250 313 2324 ὶλλήλοις,
350 2244 434 2333 quod
470 2244 594 2311 dictum
639 2253 688 2311 est
723 2265 761 2311 ex
798 2247 904 2311 Attica
940 2244 1196 2321 consuetudine,
1233 2248 1326 2313 cuius

136 2352 286 2440 exempla
319 2350 475 2438 quaedam
507 2349 547 2415 ad
582 2350 742 2416 hnabasiu
779 2348 1021 2436 adscripsimus.
1080 2349 1199 2415 Eodem
1233 2351 1327 2418 modo

136 2456 223 2525 dixit
246 2459 278 2524 ln
301 2458 432 2523 Memor.
453 2454 491 2520 ll.
517 2475 558 2520 vr.
585 2459 616 2522 6.
651 2451 682 2521 ὃν
706 2455 745 2521 ἂν
766 2456 879 2537 ὁρῶμεν
901 2457 971 2529 τοὺς
994 2455 1120 2537 πρόσθεν
1144 2456 1326 2538 ἀνδριάντος

137 2570 242 2638 καλῶς
266 2561 466 2645 εἰργασμένον
490 2562 610 2644 τούτῳ
634 2560 848 2641 τιςεύοροεν
872 2560 924 2625 καὶ
956 2563 1026 2634 τοὺς
1049 2561 1172 2635 λοιποὺς
1196 2558 1230 2627 εὖ
1250 2587 1325 2629 τοι·

137 2669 255 2747 ἧττον.
303 2665 425 2733 Deinde
447 2665 581 2731 emenda
604 2667 698 2744 μηδὲν
720 2665 759 2732 ἂν
783 2668 911 2748 αἰσχρὸν
935 2665 1142 2747 προτάττειν,
1168 2670 1327 2735 sententia

137 2774 227 2849 enim
252 2771 412 2859 postulat:
437 2771 518 2836 nihil
540 2772 622 2858 quod
646 2781 736 2858 turpe
759 2771 800 2835 sit
823 2771 1050 2857 imperaturos,
1075 2791 1137 2835 non
1160 2770 1325 2858 imperare.

138 2876 236 2947 Aliud
259 2874 366 2943 mendi
388 2895 490 2961 genus
512 2877 543 2940 in
567 2875 667 2940 simili
688 2876 848 2941 sententia
871 2878 1081 2941 eontulissum
1102 2884 1151 2941 est
1171 2877 1202 2940 iu
1225 2876 1262 2942 ll.
1290 2885 1327 2958 4,

140 2982 269 3065 νομίζων
294 2979 370 3048 οὕτω
395 2980 447 3047 καὶ
473 2983 545 3061 πρὸς
571 2982 662 3062 ψύχη
688 2978 740 3045 καὶ
764 2981 837 3060 πρὸς
860 2978 965 3054 dalton
990 2979 1114 3059 ἄμεινον
1143 2979 1182 3046 ἂν
1215 3007 1328 3065 ταρα-

139 3087 435 3163 τκενοέοατοαι,
468 3087 532 3150 imo
564 3105 639 3150 vcro
673 3083 935 3165 παρεσκευάσθαι,
984 3085 1014 3149 ls
1047 3104 1137 3149 error
1169 3095 1234 3152 iam
1268 3088 1327 3156 lrc·

139 3213 246 3282 queus
278 3193 310 3257 in
344 3190 437 3256 libris
469 3198 539 3268 est,
572 3198 607 3255 ut
631 3199 739 3276 sprota
763 3210 873 3256 eorum
905 3189 1207 3258 auctoritatenihil
1240 3192 1329 3262 aliud

139 3295 362 3385 indagandum
384 3297 426 3362 sit
457 3313 554 3380 quam
578 3303 651 3359 utra
674 3296 836 3381 scriptura
859 3295 977 3380 cuique
1001 3295 1069 3360 loco
1092 3296 1186 3363 unice
1209 3298 1252 3363 sit
1280 3319 1331 3366 ao·

141 3400 356 3471 commodalia.
413 3398 520 3465 Facile
548 3399 671 3465 videbis
703 3410 735 3466 ei
764 3398 907 3466 medium
934 3400 1218 3483 repraesentandam
1251 3401 1328 3471 serti

141 3526 206 3576 nou
225 3527 333 3594 posse,
356 3515 388 3572 et
413 3506 557 3592 passivae
582 3504 703 3570 formae
725 3503 1075 3592 plusquamperfectum
1101 3508 1232 3593 requiri.
1271 3510 1329 3598 Ly·

140 3632 265 3698 durgus
287 3619 375 3677 recte
398 3608 623 3686 existimabat,
647 3607 692 3674 ὅτι
717 3606 810 3682 οὕτως
835 3609 959 3690 ἄμεινον
983 3612 1034 3677 καὶ
1060 3613 1132 3694 πρὸς
1155 3614 1246 3695 ψύχη
1275 3618 1327 3681 καὶ

140 3719 215 3802 πρὸς
237 3716 342 3791 drittun
375 3715 766 3796 repraesentantem
793 3714 837 3781 ἂν
867 3712 953 3782 εἶεν.
1003 3717 1123 3782 lterum
1148 3716 1185 3782 ἄν
1210 3720 1330 3786 excidit

139 3823 182 3891 ll.
208 3828 239 3889 ὅ.
273 3818 362 3896 ἦττον
392 3824 417 3886 δ’
442 3821 480 3886 ἂν
507 3821 583 3903 ἕψον
607 3822 746 3900 δεῖσθαι,
779 3823 972 3904 εὐχερέςερον
1006 3824 1037 3888 δὲ
1062 3824 1133 3903 πρὸς
1158 3828 1222 3888 τᾶν
1244 3825 1328 3906 ἔχειν

139 3930 273 4011 βρῶμα,
307 3926 359 3991 καὶ
394 3927 596 4007 ὑγιεινοτέρας
631 3929 656 3992 δ’
681 3926 719 3992 ἂν
748 3925 889 4005 διάγειν,
924 3925 978 3992 ulti
1009 3925 1222 4012 supplendum
1257 3934 1329 4013 πρὸς

141 4038 209 4102 τὶν
232 4033 297 4122 (to)
323 4031 419 4112 ἔχειν.

188 4136 280 4220 Quod
302 4138 505 4223 reposuimus
531 4137 582 4202 Vl.
609 4142 639 4202 h.
669 4135 745 4204 οὕτω
770 4136 944 4206 amedaeum
968 4138 1159 4213 αλλήλοις
1186 4158 1242 4224 pro
1268 4143 1329 4206 οέλ-

143 4244 278 4321 aduam,
302 4240 488 4329 planissime
512 4241 714 4308 conhrnmhit
729 4240 921 4309 Plutarchus
946 4243 977 4308 in
1003 4241 1331 4312 liastituticdoconicis

143 4368 174 4437 p.
196 4352 272 4415 257.
298 4347 335 4413 li.
370 4347 610 4434 Xenophontem
637 4349 683 4415 sio
709 4346 915 4416 describens:
941 4349 1078 4418 ἐπίτινον
1103 4348 1166 4430 γὰρ
1189 4351 1329 4425 αὐτοῖς
