2940 5010
697 290 761 355 eoi

136 460 266 529 brevem
287 480 357 529 esse
379 468 536 549 oportere.
583 459 665 529 daie
695 460 860 530 Bekirerus
891 460 925 526 in
956 457 1087 529 Homeri
1125 459 1328 531 carminibus

137 566 275 633 retinuit
294 566 425 633 vitiosas
449 566 629 655 scripturas
652 568 793 651 πρόριρς,
822 566 1061 650 κυανοπρώροιο,
1092 572 1127 633 et
1156 564 1327 635 barborum

139 670 277 738 [ormam
301 670 552 754 ιιυιινοπριιρείους
582 672 615 739 in
640 670 755 761 Odyu.
779 681 815 737 Γ.
837 676 926 751 799,
951 670 1006 737 ubi
1033 670 1099 737 iam
1130 670 1261 759 pridem
1289 690 1325 740 ex
1357 708 1360 777 ρ

140 776 280 867 Etymoi.
305 776 371 845 1.1.
396 776 603 844 scribendum
626 796 696 844 esse
716 774 917 843 ostendimus
938 774 1208 860 κυσνοπρυείρους.
1240 776 1322 861 Quod
1357 786 1360 801 '

141 883 175 949 in
209 880 350 948 secundo
381 880 546 970 Euripidis
576 881 645 948 loco
677 879 842 970 praecedit
877 900 923 947 rs.
950 884 1050 952 rust.
1084 880 1175 968 δεξιᾷ
1202 882 1231 949 δ’
1255 882 1322 949 iris

141 986 233 1071 ξίφος
254 985 261 1079 Ι
281 988 311 1062 ἒς
332 990 450 1071 πρῷροιν
474 983 559 1070 ε1ρπε
583 986 697 1054 leviter
720 992 770 1053 est
791 984 1000 1074 depravatum
1029 1003 1068 1051 ex
1091 984 1182 1072 δεξιᾷ
1200 986 1228 1053 δ’
1249 984 1320 1071 ἔχει

140 1090 252 1178 ξίφος,
288 1100 326 1159 ut
362 1098 449 1159 reete
483 1092 604 1180 legitur
633 1112 679 1157 rs.
709 1095 811 1161 1810.
863 1088 1028 1165 Μενίλειος
1062 1089 1090 1156 δ’
1118 1086 1203 1172 ἔχειν
1231 1086 1320 1161 itta.

141 1195 315 1264 tralaticia
351 1196 429 1264 haec
460 1204 510 1266 est
539 1199 571 1264 in
601 1196 694 1264 iibris
724 1193 889 1264 confusio:
925 1196 958 1262 in
990 1192 1217 1283 Aristophanis
1247 1195 1326 1265 ricc

141 1320 189 1368 rs.
214 1305 291 1369 219.
316 1301 349 1368 in
370 1300 463 1369 libris
485 1310 550 1369 est:

322 1404 425 1484 ἥξουσι
449 1405 575 1487 ιιιιῦόις,
599 1408 635 1486 εῖν
658 1405 784 1490 ἔχοιμεν
805 1408 862 1483 τὴν
884 1404 997 1481 πόλιν,

142 1510 198 1579 sed
225 1511 430 1578 verissimum
454 1520 503 1579 est
533 1513 569 1590 ἣν
592 1511 712 1593 ῖλυμεν
738 1514 795 1588 σὺν
822 1511 946 1587 Πόλιν,
980 1508 1066 1599 quod
1089 1510 1218 1599 primns
1241 1528 1335 1599 repn-

144 1615 212 1682 suit
235 1615 272 1682 11.
296 1615 448 1704 Hirschig
471 1616 511 1683 ad
534 1617 633 1684 Arist.
658 1615 753 1703 Vesp.
777 1636 809 1704 p.
833 1618 908 1681 149.

188 1719 226 1787 ln
250 1728 394 1789 extrema
417 1720 525 1789 fabula
551 1742 598 1788 vs.
622 1724 721 1790 1666.

324 1827 370 1893 σοί
391 1829 449 1908 μὲν
471 1827 544 1894 τόδ’
566 1828 658 1895 αὐδῶ.
683 1826 828 1909 συγγόνῳ
846 1825 873 1891 δ’
894 1824 955 1907 ἒμρῖ
978 1822 1083 1903 λόγοι·

324 1942 416 1999 πλεῖν
439 1934 495 2000 σὺν
518 1933 608 1999 πόσει
627 1934 681 2013 σῷ.
706 1936 832 2011 πνεῦμιι
855 1930 883 1996 δ’
906 1926 988 2005 ἕξετ’
1010 1928 1126 2012 οόριον,

143 2033 206 2101 init
225 2054 325 2123 quum
350 2037 434 2116 λέγω
459 2036 539 2103 mihi
561 2042 646 2103 esset
668 2034 707 2101 de
732 2033 849 2101 mendo
880 2039 1068 2119 suspectum
1092 2039 1127 2100 et
1149 2031 1338 2120 suspiceret·

144 2138 266 2227 duplici
301 2141 379 2207 vitio
404 2140 529 2208 subiato
553 2138 760 2207 scribendum
784 2159 871 2206 esse:
895 2136 1039 2220 συγγόνῳ
1065 2138 1093 2204 δ’
1122 2139 1185 2223 ἐμῆ
1211 2136 1333 2205 τόδε·

143 2254 244 2311 πλεῖ
271 2248 327 2312 σὺν
362 2246 450 2312 πόσει
484 2248 537 2327 σῷ.
587 2244 762 2331 Utramque
798 2243 1014 2332 suspicionem
1039 2249 1073 2308 et
1099 2242 1329 2309 correctionem

143 2347 306 2416 Badhamo
330 2349 478 2437 probavi,
502 2369 597 2437 quem
619 2370 723 2427 nunc,
748 2356 784 2415 ut
815 2350 950 2415 suntsi
981 2346 1124 2431 δεύτεροι
1145 2370 1211 2422 πυς
1241 2354 1322 2433 φρει·

142 2454 224 2528 τίδες
260 2456 453 2538 σοφώτεροι,
488 2452 626 2522 conabor
660 2456 882 2534 μετιιπείόειν,
917 2459 955 2518 ut
986 2451 1072 2531 λόγον
1107 2450 1223 2519 saitem
1255 2448 1320 2519 reii-

143 2564 241 2636 nent,
263 2559 348 2645 quod
372 2559 579 2626 sanissimum
611 2578 679 2625 esse
707 2557 739 2624 hi
764 2558 931 2647 Euripidis
954 2556 1016 2623 ioci
1042 2556 1318 2625 demonstrabunt:

144 2661 307 2729 Phoeniss.
334 2667 409 2731 568.

323 2770 369 2835 σοί
392 2770 451 2850 μὲν
476 2767 549 2836 τόδ’
569 2769 661 2837 αὐδῶ.
686 2769 732 2834 σοί
757 2768 789 2835 δὲ
801 2816 810 2847 ,
835 2768 1040 2846 Πολύνεικες,
1064 2766 1162 2848 λόγον.

142 2879 175 2939 et
202 2871 278 2940 ibid.
302 2894 348 2940 rs.
372 2879 449 2940 778.

324 2979 369 3045 σοί
393 2979 451 3060 μὲν
471 2977 542 3046 τόδ’
566 2975 662 3046 εἶπον.
687 2979 870 3063 προσπόλοις
894 2978 921 3044 δ’
945 2978 1031 3058 ἐμοῖς
1053 2976 1162 3057 λόγον·

326 3085 472 3167 ε’κφίρετε
499 3083 601 3165 τεόχν
621 3083 772 3151 ποίνοπλό
795 3086 826 3151 τ’
849 3084 1110 3169 ἀμφιβλήματα.

142 3196 174 3254 et
200 3186 340 3276 Supplic.
367 3194 462 3257 1213.

325 3294 370 3359 σοί
391 3295 449 3374 μὲν
467 3291 537 3359 τόδ’
563 3291 659 3362 εἶπον.
682 3296 773 3362 πιιισί
797 3294 825 3360 δ’
844 3293 993 3376 Ἀργείων
1014 3292 1110 3372 λέγει.

145 3393 200 3462 sed
223 3405 303 3463 πλεῖ
319 3399 375 3462 σὺν
401 3397 489 3463 πόσει
514 3400 556 3479 σῷ
581 3397 824 3465 rescribendum
856 3418 926 3464 esse
953 3418 1011 3486 pro
1042 3404 1135 3464 πλεῖν
1157 3403 1191 3463 ei
1214 3416 1278 3485 pet·
1301 3418 1339 3469 no

144 3501 224 3565 satis
246 3507 372 3566 certum
398 3510 431 3567 et
454 3501 585 3568 evidens
608 3508 658 3569 est
681 3510 713 3568 et
737 3502 783 3567 iiii
805 3503 865 3588 ipsi
888 3501 949 3569 loci
974 3502 1178 3569 confirment.

190 3603 281 3686 Quod
303 3623 401 3691 supra
423 3604 565 3671 diximus
594 3604 721 3673 Stobeei
746 3606 844 3671 libros
868 3609 1008 3695 turpiter
1031 3606 1245 3695 interpolatos
1267 3626 1341 3679 esne

144 3708 269 3777 duobus
302 3710 392 3775 noris
421 3709 576 3797 exemplis
605 3729 644 3776 ex
674 3710 792 3777 Helene
825 3710 1099 3779 confirmabimus.
1145 3712 1184 3777 ln
1211 3713 1341 3800 optimo

144 3813 259 3883 Codice
281 3814 518 3883 vindobonensi
536 3835 575 3882 ex
600 3814 719 3883 Helene
743 3815 821 3883 haec
850 3815 1031 3884 aiiernntnr
1055 3814 1280 3885 1101111111.
1307 3824 1340 3887 2.

327 3922 388 4000 ἐγὼ
412 3923 443 3987 δὲ
466 3921 571 3996 δοῦλος
595 3924 621 3987 εί
644 3920 769 4005 πέφυχ’
792 3918 873 4002 ipos
895 3922 1020 4004 λοίτρις,

143 4026 284 4113 ρ1οέγόι
307 4026 366 4106 μὲν
385 4025 466 4105 είην,
491 4029 538 4093 xci
557 4027 682 4110 πέφυχ’
702 4024 783 4106 ὅμως
804 4026 930 4109 λοίτρις,
956 4025 1039 4116 (flet.
1062 4045 1108 4091 vs·
1128 4026 1221 4115 727.)
1247 4026 1341 4099 dein-

144 4128 183 4196 de
213 4149 272 4217 pro
301 4130 422 4211 τοῦνομ’
450 4135 504 4198 οὐκ
537 4130 618 4213 ἔχων
640 4132 811 4213 ἐλεόόερον,
836 4132 868 4196 in
894 4132 955 4198 AB.
992 4131 1147 4197 Parisinis
1168 4138 1220 4199 est
1249 4138 1345 4203 τοῦτ’

144 4233 234 4314 όμμιι
262 4238 316 4303 oin
349 4236 453 4319 ἔχειν,
486 4236 520 4301 in
552 4234 686 4303 vindob.
710 4241 795 4304 τοῦτ’
824 4237 905 4317 ὄνομ’
934 4239 988 4304 οὐκ
1012 4237 1116 4321 ἔχειν,
1149 4244 1268 4305 natum
1299 4258 1346 4309 ex

144 4383 284 4463 τουνομ,
308 4389 341 4449 et
362 4384 547 4474 paulopost
571 4402 629 4473 pro
652 4381 694 4453 ἕν’
724 4384 798 4455 tna
825 4383 910 4474 qood
936 4388 1022 4455 erct'
1038 4386 1072 4453 in
1098 4390 1229 4452 vetusto
1257 4382 1346 4457 libro
