2940 5010
709 271 761 319 XVl

142 441 335 528 experientis
367 459 464 527 quam
495 448 531 507 nt
564 460 673 506 »urere
705 450 735 506 et
768 440 904 508 secore”
940 438 1056 509 audeat
1089 447 1122 507 et
1162 440 1322 528 sacrilega

140 581 240 629 mann
261 581 324 628 non
350 560 555 628 convellenda
584 559 772 629 convellere.
820 560 884 629 Sed
906 562 1004 631 etiam
1026 560 1060 628 in
1083 560 1144 630 bac
1172 581 1209 629 re
1233 563 1322 631 timi·

139 682 179 750 da
202 694 235 750 et
258 679 438 750 verecunda
457 679 612 749 modestia
636 680 693 750 nbi
712 679 842 749 modum
867 682 1040 750 excesserit
1061 682 1095 748 in
1117 679 1243 749 lutilem
1266 701 1322 750 sn·

138 803 359 890 perstitionem
379 801 499 880 abibit,
522 810 553 869 et
577 821 659 890 quae
681 809 887 869 contemnere
905 801 1042 871 debebas
1058 801 1157 871 stulte
1183 801 1322 871 mirabe-

137 925 193 989 ris.
224 922 298 991 tibi
334 931 459 991 veteres
488 921 692 991 membranas
720 923 788 1011 ipse
818 923 958 993 multum
993 925 1172 992 versaveris
1203 932 1235 991 et
1267 943 1322 992 ex·

138 1043 297 1123 cumeris,
332 1040 540 1131 dissipabitur
564 1042 618 1110 illa
649 1044 889 1132 superstitionis
914 1043 1030 1113 nebula
1061 1055 1095 1113 et
1125 1045 1222 1113 simul
1249 1065 1322 1134 per·

137 1164 254 1252 spicies
287 1182 371 1250 quae
401 1164 512 1250 spuria
545 1170 578 1231 et
612 1165 837 1232 commenticia
872 1165 1022 1251 genuinis
1053 1164 1258 1233 adhaeserint
1288 1173 1323 1233 et

137 1305 201 1374 quo
231 1291 325 1372 pacto
357 1285 421 1353 ista
446 1286 554 1351 omnia
583 1285 618 1351 in
649 1285 804 1353 Veterum
825 1283 924 1352 libros
953 1286 1036 1354 male
1067 1285 1179 1374 pedem
1204 1285 1321 1353 intule-

137 1406 216 1472 rint.
272 1402 364 1472 Nulla
397 1405 429 1470 in
461 1424 498 1472 re
529 1411 635 1473 tantos
666 1405 824 1473 clamores
860 1406 1119 1475 dissentientium
1154 1406 1321 1475 excitabis.

137 1524 225 1592 Nibil
247 1533 297 1593 est
315 1525 401 1592 enim
419 1522 546 1592 lucilius
564 1545 661 1613 quam
681 1527 715 1592 in
741 1525 796 1593 tali
818 1546 855 1594 re
878 1535 935 1594 ant
955 1528 1047 1614 queri
1070 1535 1128 1595 ant
1151 1528 1323 1595 criminari

138 1654 195 1713 aut
218 1647 298 1713 iocis
317 1646 470 1713 insectari
490 1665 603 1714 eorum
622 1646 837 1715 temeritatem
857 1649 913 1733 qui
940 1645 1203 1714 membranarum
1224 1646 1322 1714 fidem

139 1788 198 1856 pro
221 1765 322 1833 nibilo
344 1764 474 1833 ducant.
520 1764 650 1834 lindum
674 1775 706 1835 te
736 1766 888 1836 excedere
911 1775 945 1835 et
974 1767 1056 1834 nibil
1083 1767 1174 1855 pensi
1204 1765 1325 1837 habere

140 1887 304 1967 fremunt,
339 1887 461 1974 optima
491 1894 524 1954 et
553 1886 724 1954 sanissima
753 1905 900 1974 quaeque
929 1894 1051 1955 temere
1079 1895 1112 1954 et
1143 1886 1326 1954 inconsulto

140 2026 294 2077 resecare.
342 2005 528 2075 Ridiculum
552 2025 622 2074 esse
648 2025 686 2076 ea
710 2007 819 2073 omnia
852 2025 1035 2094 expungere
1057 2005 1137 2075 velle
1160 2027 1242 2095 quae
1265 2007 1326 2074 ali·

141 2148 204 2217 qun
227 2125 322 2195 modo
344 2128 451 2195 omitti
472 2127 663 2215 potuissent.
708 2126 844 2195 llicendi
864 2127 1043 2197 ubertatem
1072 2128 1157 2197 banc
1179 2149 1248 2197 esse
1267 2139 1326 2198 aut

143 2257 292 2318 accurate
312 2240 473 2335 loquentis
493 2255 551 2316 aut
573 2249 673 2314 animi
694 2250 913 2335 commotioris
943 2248 1036 2337 plura
1066 2268 1165 2336 qnam
1195 2269 1327 2319 necesse

143 2379 228 2439 esset
251 2367 454 2438 effundentis.
500 2369 646 2457 lienique
667 2369 845 2457 elegantem
866 2379 899 2436 et
921 2368 1061 2457 lepidam
1084 2368 1172 2437 illam
1197 2370 1328 2441 dicendi

143 2494 266 2581 copiam
301 2511 372 2559 esse
398 2498 431 2558 et
461 2499 547 2559 certe
583 2490 755 2560 Veteribus
790 2491 833 2558 ita
869 2489 1010 2558 scribere
1039 2489 1218 2578 placuisse,
1250 2513 1309 2560 nar

144 2614 261 2682 nubem
285 2610 504 2700 exemplorum
528 2610 638 2679 afferri
661 2632 771 2699 posse,
803 2610 858 2678 ubi
888 2610 1006 2679 similia
1032 2631 1071 2678 ac
1093 2631 1192 2699 paene
1215 2614 1283 2681 eadt

145 2738 215 2803 sine
239 2733 304 2801 ulla
333 2731 505 2800 offensione
533 2731 693 2818 legantur.
739 2731 804 2798 Gur
827 2751 879 2799 me
913 2731 978 2799 ista
1007 2733 1115 2800 omnia
1149 2732 1230 2800 nibil
1260 2754 1284 2802 n

146 2864 241 2924 veant
273 2852 361 2920 lubet
388 2854 421 2919 in
450 2872 515 2919 uno
536 2850 700 2939 alteroque
732 2850 801 2918 loco
831 2850 1056 2920 Demosthenis
1086 2851 1267 2921 demonstra

146 2996 241 3066 quem
274 2980 440 3062 propterea
474 2993 513 3040 ex
545 2971 694 3038 omnibus
726 2991 826 3039 unum
855 2970 958 3059 deligo
989 2973 1216 3061 potissimum,

147 3099 234 3164 niam
259 3102 291 3162 et
320 3094 375 3161 alii
408 3095 590 3181 complures
618 3094 795 3180 pervetusti
827 3094 898 3161 eins
925 3092 1057 3162 Codices
1087 3115 1221 3182 supersn

148 3236 233 3285 unns
254 3217 398 3281 omnium
425 3212 519 3300 longe
542 3214 839 3300 praestantissimus
863 3215 1029 3282 Parisinus
1055 3213 1099 3293 S,
1129 3235 1213 3302 quen

147 3336 227 3406 nulli
251 3342 340 3402 tanto
362 3353 457 3422 opere
476 3332 679 3399 admirantur
699 3341 737 3400 ut
760 3353 832 3401 eum
856 3335 1073 3402 recentiorum
1099 3332 1214 3402 addita

143 3478 274 3546 prorem
302 3476 413 3522 vocure
434 3451 630 3540 praedicent.
676 3451 810 3538 Legitur
839 3454 871 3520 in
898 3455 1044 3521 oratione
1073 3456 1146 3537 πρὸς
1172 3481 1193 3523 r

145 3583 236 3658 cotia
271 3580 326 3655 rto
352 3575 527 3652 Φιλίππου,
564 3592 646 3660 quae
670 3574 756 3640 inter
791 3574 1054 3643 Demosthenicas
1077 3575 1112 3641 iu
1136 3574 1172 3644 o

144 3701 238 3768 nibus
271 3695 520 3773 circumfertur,
550 3713 622 3782 pag.
647 3698 735 3771 lto,
761 3697 824 3761 tt:
860 3696 894 3762 αἱ
929 3695 992 3777 γὰρ
1031 3694 1149 3778 stupae

143 3820 323 3903 συγκρύψαι
347 3817 399 3884 καὶ
426 3813 592 3883 συσκιάσαι
622 3813 682 3890 τὰς
702 3814 863 3897 ἁμαρτιας
884 3820 943 3881 τῶν
967 3815 1126 3897 ἀνθρώπων

142 3944 193 4009 his
217 3943 318 4029 igitur
340 3937 614 4025 operaepretium
636 3943 686 4003 est
706 3934 816 4003 videre
838 3934 1108 4021 quemadmodum
1131 3958 1140 3995 ι

143 4068 337 4139 nascantur,
360 4066 393 4127 et
416 4056 456 4124 ab
475 4059 569 4125 initio
596 4058 662 4125 sint
689 4057 820 4124 innoxia
843 4065 876 4124 ct
897 4055 938 4123 ab
961 4076 1118 4146 unoquoqv

142 4188 332 4262 vertantur,
365 4177 480 4249 deinde
505 4178 658 4267 paulatim
695 4177 919 4247 convalescant
939 4187 972 4246 et
1003 4179 1092 4247 radio

143 4302 268 4372 tandem
294 4304 345 4370 vix
373 4299 464 4370 evelli
494 4300 627 4387 possint.
664 4298 869 4379 Orationem,
901 4301 934 4368 in
960 4321 1022 4387 qua
1048 4300 1067 4366 b
