<?xml version="1.0" encoding="UTF-8"?>
<!DOCTYPE html PUBLIC "-//W3C//DTD XHTML 1.0 Transitional//EN"
    "http://www.w3.org/TR/xhtml1/DTD/xhtml1-transitional.dtd">
<html xmlns="http://www.w3.org/1999/xhtml" xml:lang="en" lang="en">
 <head>
  <title>
</title>
<meta http-equiv="Content-Type" content="text/html;charset=utf-8" />
  <meta name='ocr-system' content='tesseract 3.04.00' />
  <meta name='ocr-capabilities' content='ocr_page ocr_carea ocr_par ocr_line ocrx_word'/>
</head>
<body>
  <div class='ocr_page' id='page_1' title='image "./novaelectionesq00cobegoog/novaelectionesq00cobegoog_0022.png"; bbox 0 0 2940 5010; ppageno 0'>
   <div class='ocr_carea' id='block_1_1' title="bbox 665 228 739 275">
    <p class='ocr_par' dir='ltr' id='par_1_1' title="bbox 665 228 739 275">
     <span class='ocr_line' id='line_1_1' title="bbox 665 228 739 275; baseline 0 -2"><span class='ocrx_word' id='word_1_1' title='bbox 665 228 739 275; x_wconf 71' lang='lat' dir='ltr'><strong>xiiii</strong></span> 
     </span>
    </p>
   </div>
   <div class='ocr_carea' id='block_1_2' title="bbox 123 392 1309 722">
    <p class='ocr_par' dir='ltr' id='par_1_2' title="bbox 123 392 1309 722">
     <span class='ocr_line' id='line_1_2' title="bbox 125 392 1309 484; baseline 0 -23"><span class='ocrx_word' id='word_1_2' title='bbox 125 397 353 478; x_wconf 69' lang='grc' dir='ltr'><strong><em>σκορακίζονται</em></strong></span> <span class='ocrx_word' id='word_1_3' title='bbox 378 411 457 462; x_wconf 89' lang='lat' dir='ltr'><strong>usus</strong></span> <span class='ocrx_word' id='word_1_4' title='bbox 476 403 544 475; x_wconf 89' lang='lat' dir='ltr'><strong>est,</strong></span> <span class='ocrx_word' id='word_1_5' title='bbox 566 393 649 484; x_wconf 80' lang='lat' dir='ltr'><strong>qnod</strong></span> <span class='ocrx_word' id='word_1_6' title='bbox 673 400 706 462; x_wconf 86' lang='lat' dir='ltr'><strong>et</strong></span> <span class='ocrx_word' id='word_1_7' title='bbox 729 394 892 460; x_wconf 81' lang='lat' dir='ltr'><strong>novicium</strong></span> <span class='ocrx_word' id='word_1_8' title='bbox 915 400 1008 461; x_wconf 84' lang='lat' dir='ltr'><strong>estet</strong></span> <span class='ocrx_word' id='word_1_9' title='bbox 1031 392 1189 482; x_wconf 84' lang='lat' dir='ltr'><strong>plebeium</strong></span> <span class='ocrx_word' id='word_1_10' title='bbox 1213 399 1244 461; x_wconf 87' lang='lat' dir='ltr'><strong>et</strong></span> <span class='ocrx_word' id='word_1_11' title='bbox 1265 392 1309 461; x_wconf 86' lang='lat' dir='ltr'><strong>de</strong></span> 
     </span>
     <span class='ocr_line' id='line_1_3' title="bbox 123 511 1309 602; baseline 0.001 -21"><span class='ocrx_word' id='word_1_12' title='bbox 123 516 221 581; x_wconf 85' lang='lat' dir='ltr'><strong>trivio</strong></span> <span class='ocrx_word' id='word_1_13' title='bbox 244 524 399 582; x_wconf 89' lang='lat' dir='ltr'><strong>sumtum.</strong></span> <span class='ocrx_word' id='word_1_14' title='bbox 445 515 723 602; x_wconf 79' lang='lat' dir='ltr'><strong>Negiigentissime</strong></span> <span class='ocrx_word' id='word_1_15' title='bbox 748 516 810 598; x_wconf 83' lang='grc' dir='ltr'><strong>ούχ</strong></span> <span class='ocrx_word' id='word_1_16' title='bbox 841 511 931 591; x_wconf 78' lang='grc' dir='ltr'><strong><em>ἧσσον</em></strong></span> <span class='ocrx_word' id='word_1_17' title='bbox 963 517 1068 602; x_wconf 77' lang='lat' dir='ltr'><strong>posuit</strong></span> <span class='ocrx_word' id='word_1_18' title='bbox 1091 534 1151 602; x_wconf 88' lang='lat' dir='ltr'><strong>pro</strong></span> <span class='ocrx_word' id='word_1_19' title='bbox 1179 518 1309 595; x_wconf 74' lang='grc' dir='ltr'><strong><em>μᾶλλον</em></strong></span> 
     </span>
     <span class='ocr_line' id='line_1_4' title="bbox 124 635 1307 722; baseline 0.003 -22"><span class='ocrx_word' id='word_1_20' title='bbox 124 654 196 722; x_wconf 84' lang='lat' dir='ltr'><strong>pag.</strong></span> <span class='ocrx_word' id='word_1_21' title='bbox 225 640 306 715; x_wconf 81' lang='grc'><strong>156,</strong></span> <span class='ocrx_word' id='word_1_22' title='bbox 332 635 499 704; x_wconf 73' lang='grc' dir='ltr'><strong>11.ἕλοισ’</strong></span> <span class='ocrx_word' id='word_1_23' title='bbox 525 637 564 704; x_wconf 66' lang='grc' dir='ltr'><strong>ἄν</strong></span> <span class='ocrx_word' id='word_1_24' title='bbox 591 663 638 713; x_wconf 83' lang='grc' dir='ltr'><strong><em>σιρ</em></strong></span> <span class='ocrx_word' id='word_1_25' title='bbox 661 641 722 721; x_wconf 85' lang='grc' dir='ltr'><strong>ούχ</strong></span> <span class='ocrx_word' id='word_1_26' title='bbox 746 637 835 716; x_wconf 78' lang='grc' dir='ltr'><strong><em>ἧσσον</em></strong></span> <span class='ocrx_word' id='word_1_27' title='bbox 856 638 911 712; x_wconf 78' lang='grc' dir='ltr'><strong><em>τίον</em></strong></span> <span class='ocrx_word' id='word_1_28' title='bbox 933 638 1085 721; x_wconf 79' lang='grc' dir='ltr'><strong><em>οίμοπίραν</em></strong></span> <span class='ocrx_word' id='word_1_29' title='bbox 1108 638 1262 719; x_wconf 81' lang='grc' dir='ltr'><strong><em>εύπνχίαν</em></strong></span> <span class='ocrx_word' id='word_1_30' title='bbox 1287 640 1307 717; x_wconf 70' lang='grc' dir='ltr'><strong><em>ψ</em></strong></span> 
     </span>
    </p>
   </div>
   <div class='ocr_carea' id='block_1_3' title="bbox 72 748 1309 861">
    <p class='ocr_par' dir='ltr' id='par_1_3' title="bbox 72 748 1309 861">
     <span class='ocr_line' id='line_1_5' title="bbox 72 748 1309 861; baseline 0.001 -38"><span class='ocrx_word' id='word_1_31' title='bbox 72 748 76 765; x_wconf 86' lang='grc'><strong>’</strong></span> <span class='ocrx_word' id='word_1_32' title='bbox 123 759 179 832; x_wconf 67' lang='grc' dir='ltr'><strong>σὺν</strong></span> <span class='ocrx_word' id='word_1_33' title='bbox 202 756 331 835; x_wconf 83' lang='grc' dir='ltr'><strong>ἐκείνου,</strong></span> <span class='ocrx_word' id='word_1_34' title='bbox 363 776 436 824; x_wconf 86' lang='lat' dir='ltr'><strong>num</strong></span> <span class='ocrx_word' id='word_1_35' title='bbox 462 757 516 824; x_wconf 81' lang='lat' dir='ltr'><strong>utri</strong></span> <span class='ocrx_word' id='word_1_36' title='bbox 541 757 637 861; x_wconf 62' lang='lat' dir='ltr'><strong>deutur</strong></span> <span class='ocrx_word' id='word_1_37' title='bbox 662 759 742 849; x_wconf 86' lang='lat' dir='ltr'><strong>optio</strong></span> <span class='ocrx_word' id='word_1_38' title='bbox 765 760 826 841; x_wconf 80' lang='grc' dir='ltr'><strong>οὐχ</strong></span> <span class='ocrx_word' id='word_1_39' title='bbox 853 753 943 832; x_wconf 73' lang='grc' dir='ltr'><strong><em>ἧσσον</em></strong></span> <span class='ocrx_word' id='word_1_40' title='bbox 970 755 1075 824; x_wconf 89' lang='lat' dir='ltr'><strong>looum</strong></span> <span class='ocrx_word' id='word_1_41' title='bbox 1101 756 1225 824; x_wconf 89' lang='lat' dir='ltr'><strong>nuttnm</strong></span> <span class='ocrx_word' id='word_1_42' title='bbox 1252 758 1309 825; x_wconf 80' lang='lat' dir='ltr'><strong>irn-</strong></span> 
     </span>
    </p>
   </div>
   <div class='ocr_carea' id='block_1_4' title="bbox 117 856 1309 4218">
    <p class='ocr_par' dir='ltr' id='par_1_4' title="bbox 117 856 1309 3501">
     <span class='ocr_line' id='line_1_6' title="bbox 123 856 1306 945; baseline 0.003 -4"><span class='ocrx_word' id='word_1_43' title='bbox 123 876 188 942; x_wconf 86' lang='lat' dir='ltr'><strong>het.</strong></span> <span class='ocrx_word' id='word_1_44' title='bbox 235 878 403 944; x_wconf 78' lang='lat' dir='ltr'><strong>Praetereo</strong></span> <span class='ocrx_word' id='word_1_45' title='bbox 427 876 656 944; x_wconf 79' lang='lat' dir='ltr'><strong>Demosthenes</strong></span> <span class='ocrx_word' id='word_1_46' title='bbox 679 885 716 943; x_wconf 90' lang='lat' dir='ltr'><strong>ut</strong></span> <span class='ocrx_word' id='word_1_47' title='bbox 741 877 871 944; x_wconf 76' lang='lat' dir='ltr'><strong>Veteres</strong></span> <span class='ocrx_word' id='word_1_48' title='bbox 892 896 1003 944; x_wconf 88' lang='lat' dir='ltr'><strong>omnus</strong></span> <span class='ocrx_word' id='word_1_49' title='bbox 1027 856 1150 944; x_wconf 48' lang='grc' dir='ltr'><strong><em>ίιί-’ῑοίί</em></strong></span> <span class='ocrx_word' id='word_1_50' title='bbox 1181 896 1217 945; x_wconf 88' lang='lat' dir='ltr'><strong>re</strong></span> <span class='ocrx_word' id='word_1_51' title='bbox 1240 898 1306 945; x_wconf 89' lang='lat' dir='ltr'><strong>nou</strong></span> 
     </span>
     <span class='ocr_line' id='line_1_7' title="bbox 121 995 1309 1084; baseline 0.003 -21"><span class='ocrx_word' id='word_1_52' title='bbox 121 996 275 1080; x_wconf 69' lang='grc' dir='ltr'><strong><em>εὐτυχίαν</em></strong></span> <span class='ocrx_word' id='word_1_53' title='bbox 298 995 355 1063; x_wconf 86' lang='lat' dir='ltr'><strong>sed</strong></span> <span class='ocrx_word' id='word_1_54' title='bbox 383 997 484 1078; x_wconf 82' lang='grc' dir='ltr'><strong><em>σύχνυ</em></strong></span> <span class='ocrx_word' id='word_1_55' title='bbox 508 998 677 1084; x_wconf 89' lang='lat' dir='ltr'><strong>posuisset.</strong></span> <span class='ocrx_word' id='word_1_56' title='bbox 725 997 862 1063; x_wconf 86' lang='lat' dir='ltr'><strong>Prorsus</strong></span> <span class='ocrx_word' id='word_1_57' title='bbox 892 1003 1050 1083; x_wconf 76' lang='lat' dir='ltr'><strong>repugnet</strong></span> <span class='ocrx_word' id='word_1_58' title='bbox 1083 995 1215 1084; x_wconf 79' lang='lat' dir='ltr'><strong>linguae</strong></span> <span class='ocrx_word' id='word_1_59' title='bbox 1248 1018 1309 1066; x_wconf 77' lang='lat' dir='ltr'><strong>nn·</strong></span> 
     </span>
     <span class='ocr_line' id='line_1_8' title="bbox 121 1117 1305 1205; baseline 0.002 -21"><span class='ocrx_word' id='word_1_60' title='bbox 121 1120 272 1204; x_wconf 86' lang='lat' dir='ltr'><strong>tiquioris</strong></span> <span class='ocrx_word' id='word_1_61' title='bbox 295 1117 370 1185; x_wconf 87' lang='lat' dir='ltr'><strong>usui</strong></span> <span class='ocrx_word' id='word_1_62' title='bbox 390 1117 475 1205; x_wconf 87' lang='lat' dir='ltr'><strong>qnod</strong></span> <span class='ocrx_word' id='word_1_63' title='bbox 495 1117 614 1204; x_wconf 77' lang='lat' dir='ltr'><strong>tegitur</strong></span> <span class='ocrx_word' id='word_1_64' title='bbox 638 1134 712 1204; x_wconf 77' lang='lat' dir='ltr'><strong>pag.</strong></span> <span class='ocrx_word' id='word_1_65' title='bbox 738 1123 824 1197; x_wconf 78' lang='lat' dir='ltr'><strong>tt‘t,</strong></span> <span class='ocrx_word' id='word_1_66' title='bbox 849 1119 911 1184; x_wconf 88' lang='lat'><strong>11:</strong></span> <span class='ocrx_word' id='word_1_67' title='bbox 935 1124 993 1184; x_wconf 79' lang='grc' dir='ltr'><strong>τῶν</strong></span> <span class='ocrx_word' id='word_1_68' title='bbox 1015 1117 1127 1184; x_wconf 72' lang='grc' dir='ltr'><strong><em>ἐκείνου</em></strong></span> <span class='ocrx_word' id='word_1_69' title='bbox 1149 1119 1305 1201; x_wconf 68' lang='grc' dir='ltr'><strong><em>πραγμά-</em></strong></span> 
     </span>
     <span class='ocr_line' id='line_1_9' title="bbox 120 1237 1304 1326; baseline 0.003 -21"><span class='ocrx_word' id='word_1_70' title='bbox 120 1264 180 1306; x_wconf 86' lang='grc' dir='ltr'><strong>πυν</strong></span> <span class='ocrx_word' id='word_1_71' title='bbox 199 1237 282 1306; x_wconf 73' lang='grc' dir='ltr'><strong><em>οὐδὲν</em></strong></span> <span class='ocrx_word' id='word_1_72' title='bbox 301 1237 460 1322; x_wconf 77' lang='grc' dir='ltr'><strong><em>ςασιύζιιυ</em></strong></span> <span class='ocrx_word' id='word_1_73' title='bbox 481 1237 776 1321; x_wconf 77' lang='grc' dir='ltr'><strong><em>παρασκευοίζοροον,</em></strong></span> <span class='ocrx_word' id='word_1_74' title='bbox 799 1239 876 1326; x_wconf 78' lang='lat' dir='ltr'><strong>quia</strong></span> <span class='ocrx_word' id='word_1_75' title='bbox 891 1241 966 1305; x_wconf 80' lang='grc' dir='ltr'><strong><em>ποιῶ</em></strong></span> <span class='ocrx_word' id='word_1_76' title='bbox 991 1256 1053 1304; x_wconf 89' lang='lat' dir='ltr'><strong>non</strong></span> <span class='ocrx_word' id='word_1_77' title='bbox 1073 1240 1304 1325; x_wconf 63' lang='grc' dir='ltr'><strong>παρασκευάζει</strong></span> 
     </span>
     <span class='ocr_line' id='line_1_10' title="bbox 122 1357 1308 1447; baseline 0.002 -21"><span class='ocrx_word' id='word_1_78' title='bbox 122 1360 323 1447; x_wconf 85' lang='lat' dir='ltr'><strong>requiritur,</strong></span> <span class='ocrx_word' id='word_1_79' title='bbox 343 1368 376 1426; x_wconf 91' lang='lat' dir='ltr'><strong>et</strong></span> <span class='ocrx_word' id='word_1_80' title='bbox 396 1359 534 1426; x_wconf 76' lang='lat' dir='ltr'><strong>dominos</strong></span> <span class='ocrx_word' id='word_1_81' title='bbox 555 1360 641 1426; x_wconf 88' lang='lat' dir='ltr'><strong>inter</strong></span> <span class='ocrx_word' id='word_1_82' title='bbox 661 1357 876 1442; x_wconf 65' lang='lat' dir='ltr'><strong>resumitur</strong></span> <span class='ocrx_word' id='word_1_83' title='bbox 896 1366 1048 1445; x_wconf 87' lang='lat' dir='ltr'><strong>possunt,</strong></span> <span class='ocrx_word' id='word_1_84' title='bbox 1072 1377 1135 1425; x_wconf 91' lang='lat' dir='ltr'><strong>non</strong></span> <span class='ocrx_word' id='word_1_85' title='bbox 1147 1360 1191 1427; x_wconf 78' lang='grc' dir='ltr'><strong><em>σαὶ</em></strong></span> <span class='ocrx_word' id='word_1_86' title='bbox 1203 1360 1308 1443; x_wconf 75' lang='grc' dir='ltr'><strong><em>πρύγ·</em></strong></span> 
     </span>
     <span class='ocr_line' id='line_1_11' title="bbox 119 1477 1305 1566; baseline 0.002 -21"><span class='ocrx_word' id='word_1_87' title='bbox 119 1504 222 1560; x_wconf 80' lang='grc' dir='ltr'><strong><em>ματα.</em></strong></span> <span class='ocrx_word' id='word_1_88' title='bbox 270 1481 440 1566; x_wconf 68' lang='lat' dir='ltr'><strong>Perpetem</strong></span> <span class='ocrx_word' id='word_1_89' title='bbox 463 1477 745 1565; x_wconf 65' lang='lat' dir='ltr'><strong>disrumpsit,</strong></span> <span class='ocrx_word' id='word_1_90' title='bbox 768 1482 831 1546; x_wconf 74' lang='lat'><strong>20:</strong></span> <span class='ocrx_word' id='word_1_91' title='bbox 864 1479 1066 1562; x_wconf 70' lang='grc' dir='ltr'><strong>προηγόρευκε</strong></span> <span class='ocrx_word' id='word_1_92' title='bbox 1087 1480 1140 1546; x_wconf 83' lang='grc' dir='ltr'><strong>τίν</strong></span> <span class='ocrx_word' id='word_1_93' title='bbox 1164 1481 1305 1562; x_wconf 78' lang='grc' dir='ltr'><strong><em>πόλεμον</em></strong></span> 
     </span>
     <span class='ocr_line' id='line_1_12' title="bbox 121 1597 1305 1688; baseline 0.003 -22"><span class='ocrx_word' id='word_1_94' title='bbox 121 1620 222 1688; x_wconf 89' lang='lat' dir='ltr'><strong>quum</strong></span> <span class='ocrx_word' id='word_1_95' title='bbox 246 1601 401 1683; x_wconf 71' lang='grc' dir='ltr'><strong><em>προείρηκε</em></strong></span> <span class='ocrx_word' id='word_1_96' title='bbox 428 1597 578 1679; x_wconf 83' lang='lat' dir='ltr'><strong>deberet,</strong></span> <span class='ocrx_word' id='word_1_97' title='bbox 610 1606 643 1666; x_wconf 89' lang='lat' dir='ltr'><strong>et</strong></span> <span class='ocrx_word' id='word_1_98' title='bbox 670 1603 931 1686; x_wconf 76' lang='lat' dir='ltr'><strong>pag.1t57,tss.</strong></span> <span class='ocrx_word' id='word_1_99' title='bbox 961 1600 1180 1683; x_wconf 65' lang='grc' dir='ltr'><strong>ἀναλήψεσθαι</strong></span> <span class='ocrx_word' id='word_1_100' title='bbox 1210 1620 1305 1670; x_wconf 86' lang='lat' dir='ltr'><strong>usur·</strong></span> 
     </span>
     <span class='ocr_line' id='line_1_13' title="bbox 120 1718 1306 1810; baseline 0.003 -22"><span class='ocrx_word' id='word_1_101' title='bbox 120 1722 209 1810; x_wconf 84' lang='lat' dir='ltr'><strong>puvit</strong></span> <span class='ocrx_word' id='word_1_102' title='bbox 233 1740 296 1808; x_wconf 87' lang='lat' dir='ltr'><strong>quo</strong></span> <span class='ocrx_word' id='word_1_103' title='bbox 328 1739 425 1787; x_wconf 85' lang='lat' dir='ltr'><strong>sensu</strong></span> <span class='ocrx_word' id='word_1_104' title='bbox 449 1738 543 1786; x_wconf 87' lang='lat' dir='ltr'><strong>nemo</strong></span> <span class='ocrx_word' id='word_1_105' title='bbox 573 1738 726 1807; x_wconf 83' lang='lat' dir='ltr'><strong>umquem</strong></span> <span class='ocrx_word' id='word_1_106' title='bbox 752 1718 842 1786; x_wconf 81' lang='lat' dir='ltr'><strong>dixit.</strong></span> <span class='ocrx_word' id='word_1_107' title='bbox 889 1719 1040 1786; x_wconf 74' lang='lat' dir='ltr'><strong>Homines</strong></span> <span class='ocrx_word' id='word_1_108' title='bbox 1069 1721 1155 1788; x_wconf 86' lang='lat' dir='ltr'><strong>onim</strong></span> <span class='ocrx_word' id='word_1_109' title='bbox 1189 1721 1306 1791; x_wconf 84' lang='lat' dir='ltr'><strong>dieun-</strong></span> 
     </span>
     <span class='ocr_line' id='line_1_14' title="bbox 121 1840 1304 1921; baseline 0.003 -13"><span class='ocrx_word' id='word_1_110' title='bbox 121 1849 179 1908; x_wconf 90' lang='lat' dir='ltr'><strong>tur</strong></span> <span class='ocrx_word' id='word_1_111' title='bbox 201 1860 240 1909; x_wconf 86' lang='lat' dir='ltr'><strong>ex</strong></span> <span class='ocrx_word' id='word_1_112' title='bbox 263 1840 357 1907; x_wconf 83' lang='lat' dir='ltr'><strong>motis</strong></span> <span class='ocrx_word' id='word_1_113' title='bbox 380 1849 412 1907; x_wconf 85' lang='lat' dir='ltr'><strong>et</strong></span> <span class='ocrx_word' id='word_1_114' title='bbox 434 1841 599 1907; x_wconf 85' lang='lat' dir='ltr'><strong>aerumnis</strong></span> <span class='ocrx_word' id='word_1_115' title='bbox 621 1840 862 1921; x_wconf 75' lang='grc' dir='ltr'><strong><em>αναλαροβύνειν</em></strong></span> <span class='ocrx_word' id='word_1_116' title='bbox 891 1843 1041 1920; x_wconf 77' lang='grc' dir='ltr'><strong><em>ἑαυτούς,</em></strong></span> <span class='ocrx_word' id='word_1_117' title='bbox 1064 1842 1120 1909; x_wconf 88' lang='lat' dir='ltr'><strong>sod</strong></span> <span class='ocrx_word' id='word_1_118' title='bbox 1150 1844 1304 1912; x_wconf 85' lang='lat' dir='ltr'><strong>vitiosum</strong></span> 
     </span>
     <span class='ocr_line' id='line_1_15' title="bbox 119 1960 1306 2044; baseline 0.003 -15"><span class='ocrx_word' id='word_1_119' title='bbox 119 1971 170 2030; x_wconf 87' lang='lat' dir='ltr'><strong>est</strong></span> <span class='ocrx_word' id='word_1_120' title='bbox 195 1961 301 2029; x_wconf 83' lang='lat' dir='ltr'><strong>dicere</strong></span> <span class='ocrx_word' id='word_1_121' title='bbox 323 1961 367 2028; x_wconf 75' lang='lat' dir='ltr'><strong>roi</strong></span> <span class='ocrx_word' id='word_1_122' title='bbox 391 1960 572 2042; x_wconf 70' lang='grc' dir='ltr'><strong><em>πράγματα</em></strong></span> <span class='ocrx_word' id='word_1_123' title='bbox 591 1962 793 2044; x_wconf 67' lang='grc' dir='ltr'><strong><em>διαλήψεται</em></strong></span> <span class='ocrx_word' id='word_1_124' title='bbox 816 1962 869 2028; x_wconf 80' lang='grc' dir='ltr'><strong><em>καί</em></strong></span> <span class='ocrx_word' id='word_1_125' title='bbox 889 1965 1055 2041; x_wconf 67' lang='grc' dir='ltr'><strong><em>γενήσεται</em></strong></span> <span class='ocrx_word' id='word_1_126' title='bbox 1078 1964 1209 2044; x_wconf 82' lang='grc' dir='ltr'><strong><em>βελσίυ.</em></strong></span> <span class='ocrx_word' id='word_1_127' title='bbox 1245 1964 1306 2032; x_wconf 78' lang='lat' dir='ltr'><strong>Du·</strong></span> 
     </span>
     <span class='ocr_line' id='line_1_16' title="bbox 118 2082 1306 2172; baseline 0 -21"><span class='ocrx_word' id='word_1_128' title='bbox 118 2087 218 2172; x_wconf 85' lang='lat' dir='ltr'><strong>nique</strong></span> <span class='ocrx_word' id='word_1_129' title='bbox 241 2082 377 2150; x_wconf 79' lang='lat' dir='ltr'><strong>ridieuiu</strong></span> <span class='ocrx_word' id='word_1_130' title='bbox 407 2082 490 2149; x_wconf 81' lang='lat' dir='ltr'><strong>dixit</strong></span> <span class='ocrx_word' id='word_1_131' title='bbox 515 2102 587 2170; x_wconf 76' lang='lat' dir='ltr'><strong>pag.</strong></span> <span class='ocrx_word' id='word_1_132' title='bbox 611 2088 696 2161; x_wconf 77' lang='lat' dir='ltr'><strong>rte,</strong></span> <span class='ocrx_word' id='word_1_133' title='bbox 722 2090 773 2150; x_wconf 94' lang='grc'><strong>11.</strong></span> <span class='ocrx_word' id='word_1_134' title='bbox 808 2082 1054 2164; x_wconf 64' lang='grc' dir='ltr'><strong><em>ἐγκαταλείπειν</em></strong></span> <span class='ocrx_word' id='word_1_135' title='bbox 1084 2085 1128 2152; x_wconf 79' lang='grc' dir='ltr'><strong>σίν</strong></span> <span class='ocrx_word' id='word_1_136' title='bbox 1150 2086 1210 2150; x_wconf 79' lang='grc' dir='ltr'><strong>τῶν</strong></span> <span class='ocrx_word' id='word_1_137' title='bbox 1233 2110 1306 2169; x_wconf 88' lang='grc' dir='ltr'><strong><em>προ-</em></strong></span> 
     </span>
     <span class='ocr_line' id='line_1_17' title="bbox 119 2203 1306 2288; baseline 0.001 -15"><span class='ocrx_word' id='word_1_138' title='bbox 119 2207 216 2286; x_wconf 68' lang='lat' dir='ltr'><strong>ytres</strong></span> <span class='ocrx_word' id='word_1_139' title='bbox 247 2205 324 2288; x_wconf 72' lang='grc' dir='ltr'><strong><em>ἔργα</em></strong></span> <span class='ocrx_word' id='word_1_140' title='bbox 357 2205 409 2270; x_wconf 81' lang='grc' dir='ltr'><strong><em>καί</em></strong></span> <span class='ocrx_word' id='word_1_141' title='bbox 438 2204 483 2271; x_wconf 75' lang='grc' dir='ltr'><strong><em>παὶ</em></strong></span> <span class='ocrx_word' id='word_1_142' title='bbox 508 2203 707 2288; x_wconf 80' lang='grc' dir='ltr'><strong><em>ουριψίρονποο</em></strong></span> <span class='ocrx_word' id='word_1_143' title='bbox 737 2210 793 2279; x_wconf 75' lang='grc' dir='ltr'><strong>τῆς</strong></span> <span class='ocrx_word' id='word_1_144' title='bbox 816 2203 958 2283; x_wconf 76' lang='grc' dir='ltr'><strong><em>πίλους,</em></strong></span> <span class='ocrx_word' id='word_1_145' title='bbox 989 2205 1121 2273; x_wconf 77' lang='lat' dir='ltr'><strong>Veteres</strong></span> <span class='ocrx_word' id='word_1_146' title='bbox 1144 2207 1230 2272; x_wconf 85' lang='lat' dir='ltr'><strong>euim</strong></span> <span class='ocrx_word' id='word_1_147' title='bbox 1252 2225 1306 2274; x_wconf 80' lang='lat' dir='ltr'><strong>ne·</strong></span> 
     </span>
     <span class='ocr_line' id='line_1_18' title="bbox 119 2322 1306 2411; baseline 0.001 -18"><span class='ocrx_word' id='word_1_148' title='bbox 119 2326 329 2393; x_wconf 74' lang='lat' dir='ltr'><strong>curatissime</strong></span> <span class='ocrx_word' id='word_1_149' title='bbox 352 2333 384 2390; x_wconf 89' lang='lat' dir='ltr'><strong>et</strong></span> <span class='ocrx_word' id='word_1_150' title='bbox 408 2324 547 2410; x_wconf 78' lang='lat' dir='ltr'><strong>cogitare</strong></span> <span class='ocrx_word' id='word_1_151' title='bbox 569 2332 601 2390; x_wconf 89' lang='lat' dir='ltr'><strong>et</strong></span> <span class='ocrx_word' id='word_1_152' title='bbox 624 2322 711 2411; x_wconf 88' lang='lat' dir='ltr'><strong>ioqui</strong></span> <span class='ocrx_word' id='word_1_153' title='bbox 741 2323 827 2391; x_wconf 87' lang='lat' dir='ltr'><strong>soitti</strong></span> <span class='ocrx_word' id='word_1_154' title='bbox 855 2322 1004 2391; x_wconf 74' lang='lat' dir='ltr'><strong>dicebant</strong></span> <span class='ocrx_word' id='word_1_155' title='bbox 1024 2325 1067 2392; x_wconf 81' lang='lat' dir='ltr'><strong>roi</strong></span> <span class='ocrx_word' id='word_1_156' title='bbox 1094 2326 1153 2407; x_wconf 79' lang='grc' dir='ltr'><strong>μὲν</strong></span> <span class='ocrx_word' id='word_1_157' title='bbox 1179 2327 1306 2411; x_wconf 74' lang='grc' dir='ltr'><strong><em>συμφέ-</em></strong></span> 
     </span>
     <span class='ocr_line' id='line_1_19' title="bbox 122 2444 1307 2532; baseline -0.001 -17"><span class='ocrx_word' id='word_1_158' title='bbox 122 2472 212 2532; x_wconf 80' lang='grc' dir='ltr'><strong><em>ροντα</em></strong></span> <span class='ocrx_word' id='word_1_159' title='bbox 246 2455 286 2532; x_wconf 72' lang='lat' dir='ltr'><strong>rii</strong></span> <span class='ocrx_word' id='word_1_160' title='bbox 315 2444 405 2512; x_wconf 75' lang='grc' dir='ltr'><strong><em>πόλει</em></strong></span> <span class='ocrx_word' id='word_1_161' title='bbox 434 2446 776 2526; x_wconf 74' lang='grc' dir='ltr'><strong><em>καταπροδοῦναι,</em></strong></span> <span class='ocrx_word' id='word_1_162' title='bbox 809 2444 853 2511; x_wconf 68' lang='grc' dir='ltr'><strong>τὸ</strong></span> <span class='ocrx_word' id='word_1_163' title='bbox 888 2444 919 2511; x_wconf 72' lang='lat' dir='ltr'><strong>ii</strong></span> <span class='ocrx_word' id='word_1_164' title='bbox 953 2452 1011 2512; x_wconf 77' lang='grc' dir='ltr'><strong>σῶν</strong></span> <span class='ocrx_word' id='word_1_165' title='bbox 1037 2445 1190 2529; x_wconf 83' lang='grc' dir='ltr'><strong><em>προγίνυν</em></strong></span> <span class='ocrx_word' id='word_1_166' title='bbox 1225 2446 1307 2530; x_wconf 80' lang='grc' dir='ltr'><strong><em>ἔργα</em></strong></span> 
     </span>
     <span class='ocr_line' id='line_1_20' title="bbox 122 2565 1306 2652; baseline 0.001 -17"><span class='ocrx_word' id='word_1_167' title='bbox 122 2572 409 2651; x_wconf 77' lang='grc' dir='ltr'><strong><em>καταισχῦναι.</em></strong></span> <span class='ocrx_word' id='word_1_168' title='bbox 457 2566 492 2632; x_wconf 89' lang='lat' dir='ltr'><strong>ln</strong></span> <span class='ocrx_word' id='word_1_169' title='bbox 524 2585 561 2632; x_wconf 88' lang='lat' dir='ltr'><strong>oo</strong></span> <span class='ocrx_word' id='word_1_170' title='bbox 591 2565 660 2632; x_wconf 85' lang='lat' dir='ltr'><strong>ioco</strong></span> <span class='ocrx_word' id='word_1_171' title='bbox 689 2566 811 2652; x_wconf 79' lang='lat' dir='ltr'><strong>igitur,</strong></span> <span class='ocrx_word' id='word_1_172' title='bbox 846 2565 931 2632; x_wconf 90' lang='lat' dir='ltr'><strong>unde</strong></span> <span class='ocrx_word' id='word_1_173' title='bbox 964 2570 1068 2634; x_wconf 86' lang='lat' dir='ltr'><strong>exorsi</strong></span> <span class='ocrx_word' id='word_1_174' title='bbox 1104 2588 1238 2645; x_wconf 86' lang='lat' dir='ltr'><strong>sumus,</strong></span> <span class='ocrx_word' id='word_1_175' title='bbox 1270 2572 1306 2637; x_wconf 82' lang='grc' dir='ltr'><strong><em>αί</em></strong></span> 
     </span>
     <span class='ocr_line' id='line_1_21' title="bbox 124 2685 1297 2772; baseline 0.002 -18"><span class='ocrx_word' id='word_1_176' title='bbox 124 2690 188 2772; x_wconf 76' lang='grc' dir='ltr'><strong><em>γὰρ</em></strong></span> <span class='ocrx_word' id='word_1_177' title='bbox 211 2686 374 2770; x_wconf 77' lang='grc' dir='ltr'><strong><em>εὐπραξίαι</em></strong></span> <span class='ocrx_word' id='word_1_178' title='bbox 397 2687 492 2754; x_wconf 80' lang='grc' dir='ltr'><strong><em>δειναί</em></strong></span> <span class='ocrx_word' id='word_1_179' title='bbox 515 2686 686 2768; x_wconf 89' lang='grc' dir='ltr'><strong><em>ουνκρύψαι</em></strong></span> <span class='ocrx_word' id='word_1_180' title='bbox 711 2686 762 2752; x_wconf 82' lang='grc' dir='ltr'><strong><em>καί</em></strong></span> <span class='ocrx_word' id='word_1_181' title='bbox 796 2685 962 2753; x_wconf 88' lang='grc' dir='ltr'><strong><em>συσκιοίσοιι</em></strong></span> <span class='ocrx_word' id='word_1_182' title='bbox 985 2688 1045 2762; x_wconf 72' lang='grc' dir='ltr'><strong>σας</strong></span> <span class='ocrx_word' id='word_1_183' title='bbox 1068 2688 1227 2772; x_wconf 80' lang='grc' dir='ltr'><strong><em>οίρααρσίοις</em></strong></span> <span class='ocrx_word' id='word_1_184' title='bbox 1252 2687 1297 2757; x_wconf 79' lang='lat' dir='ltr'><strong>de</strong></span> 
     </span>
     <span class='ocr_line' id='line_1_22' title="bbox 121 2804 1283 2897; baseline -0.005 -22"><span class='ocrx_word' id='word_1_185' title='bbox 121 2811 252 2896; x_wconf 78' lang='lat' dir='ltr'><strong>scripsit</strong></span> <span class='ocrx_word' id='word_1_186' title='bbox 287 2807 436 2874; x_wconf 79' lang='lat' dir='ltr'><strong>falsarius</strong></span> <span class='ocrx_word' id='word_1_187' title='bbox 469 2806 565 2873; x_wconf 83' lang='lat' dir='ltr'><strong>rerba</strong></span> <span class='ocrx_word' id='word_1_188' title='bbox 605 2804 830 2872; x_wconf 88' lang='lat' dir='ltr'><strong>Demosthenis</strong></span> <span class='ocrx_word' id='word_1_189' title='bbox 864 2826 902 2874; x_wconf 83' lang='lat' dir='ltr'><strong>ex</strong></span> <span class='ocrx_word' id='word_1_190' title='bbox 941 2805 1130 2897; x_wconf 77' lang='lat' dir='ltr'><strong>Olynthiaou</strong></span> <span class='ocrx_word' id='word_1_191' title='bbox 1164 2808 1283 2875; x_wconf 67' lang='lat' dir='ltr'><strong>serunt</strong></span> 
     </span>
     <span class='ocr_line' id='line_1_23' title="bbox 122 2925 1253 3018; baseline 0 -22"><span class='ocrx_word' id='word_1_192' title='bbox 122 2949 196 3018; x_wconf 77' lang='lat' dir='ltr'><strong>pag.</strong></span> <span class='ocrx_word' id='word_1_193' title='bbox 220 2934 285 3008; x_wconf 72' lang='lat'><strong>23,</strong></span> <span class='ocrx_word' id='word_1_194' title='bbox 311 2934 371 2996; x_wconf 69' lang='lat'><strong>28:</strong></span> <span class='ocrx_word' id='word_1_195' title='bbox 405 2929 439 2995; x_wconf 86' lang='grc' dir='ltr'><strong><em>αί</em></strong></span> <span class='ocrx_word' id='word_1_196' title='bbox 473 2929 536 3009; x_wconf 79' lang='grc' dir='ltr'><strong><em>γὰρ</em></strong></span> <span class='ocrx_word' id='word_1_197' title='bbox 571 2925 736 3008; x_wconf 77' lang='grc' dir='ltr'><strong><em>εὐπραξίαι</em></strong></span> <span class='ocrx_word' id='word_1_198' title='bbox 769 2927 863 2994; x_wconf 75' lang='grc' dir='ltr'><strong><em>δειναί</em></strong></span> <span class='ocrx_word' id='word_1_199' title='bbox 895 2930 1074 3013; x_wconf 87' lang='grc' dir='ltr'><strong><em>συγκρύψαι</em></strong></span> <span class='ocrx_word' id='word_1_200' title='bbox 1108 2931 1151 2997; x_wconf 75' lang='grc' dir='ltr'><strong>σοὶ</strong></span> <span class='ocrx_word' id='word_1_201' title='bbox 1185 2953 1253 2996; x_wconf 80' lang='grc' dir='ltr'><strong><em>ποια</em></strong></span> 
     </span>
     <span class='ocr_line' id='line_1_24' title="bbox 117 3046 1246 3137; baseline -0.001 -19"><span class='ocrx_word' id='word_1_202' title='bbox 117 3052 229 3127; x_wconf 67' lang='lat' dir='ltr'><strong>tostin.</strong></span> <span class='ocrx_word' id='word_1_203' title='bbox 286 3050 375 3118; x_wconf 81' lang='lat' dir='ltr'><strong>flauo</strong></span> <span class='ocrx_word' id='word_1_204' title='bbox 407 3050 502 3116; x_wconf 83' lang='lat' dir='ltr'><strong>unire</strong></span> <span class='ocrx_word' id='word_1_205' title='bbox 531 3067 640 3115; x_wconf 86' lang='lat' dir='ltr'><strong>rorum</strong></span> <span class='ocrx_word' id='word_1_206' title='bbox 669 3046 839 3115; x_wconf 85' lang='lat' dir='ltr'><strong>tentionem</strong></span> <span class='ocrx_word' id='word_1_207' title='bbox 870 3058 937 3117; x_wconf 89' lang='lat' dir='ltr'><strong>tres</strong></span> <span class='ocrx_word' id='word_1_208' title='bbox 968 3052 1079 3137; x_wconf 88' lang='lat' dir='ltr'><strong>optimi</strong></span> <span class='ocrx_word' id='word_1_209' title='bbox 1109 3049 1184 3117; x_wconf 86' lang='lat' dir='ltr'><strong>iibri</strong></span> <span class='ocrx_word' id='word_1_210' title='bbox 1213 3050 1246 3117; x_wconf 87' lang='lat' dir='ltr'><strong>B.</strong></span> 
     </span>
     <span class='ocr_line' id='line_1_25' title="bbox 122 3167 1237 3256; baseline 0 -17"><span class='ocrx_word' id='word_1_211' title='bbox 122 3181 156 3239; x_wconf 91' lang='lat' dir='ltr'><strong>et</strong></span> <span class='ocrx_word' id='word_1_212' title='bbox 179 3172 211 3238; x_wconf 88' lang='lat' dir='ltr'><strong>S.</strong></span> <span class='ocrx_word' id='word_1_213' title='bbox 244 3170 303 3236; x_wconf 91' lang='lat' dir='ltr'><strong>soii</strong></span> <span class='ocrx_word' id='word_1_214' title='bbox 338 3177 519 3238; x_wconf 88' lang='lat' dir='ltr'><strong>servarunt.</strong></span> <span class='ocrx_word' id='word_1_215' title='bbox 566 3169 601 3235; x_wconf 92' lang='lat' dir='ltr'><strong>Iu</strong></span> <span class='ocrx_word' id='word_1_216' title='bbox 627 3167 661 3236; x_wconf 87' lang='lat' dir='ltr'><strong>B.</strong></span> <span class='ocrx_word' id='word_1_217' title='bbox 687 3176 860 3235; x_wconf 83' lang='lat' dir='ltr'><strong>annotatur</strong></span> <span class='ocrx_word' id='word_1_218' title='bbox 892 3170 925 3235; x_wconf 91' lang='lat' dir='ltr'><strong>in</strong></span> <span class='ocrx_word' id='word_1_219' title='bbox 959 3171 1106 3256; x_wconf 81' lang='lat' dir='ltr'><strong>margine</strong></span> <span class='ocrx_word' id='word_1_220' title='bbox 1140 3197 1237 3252; x_wconf 85' lang='grc' dir='ltr'><strong><em>συγι</em></strong></span> 
     </span>
     <span class='ocr_line' id='line_1_26' title="bbox 123 3288 1222 3378; baseline 0.001 -19"><span class='ocrx_word' id='word_1_221' title='bbox 123 3301 200 3378; x_wconf 86' lang='grc' dir='ltr'><strong><em>ψαι</em></strong></span> <span class='ocrx_word' id='word_1_222' title='bbox 224 3292 294 3359; x_wconf 76' lang='lat' dir='ltr'><strong>cirri</strong></span> <span class='ocrx_word' id='word_1_223' title='bbox 318 3295 372 3358; x_wconf 80' lang='grc' dir='ltr'><strong>σοῦ</strong></span> <span class='ocrx_word' id='word_1_224' title='bbox 395 3290 621 3357; x_wconf 80' lang='grc' dir='ltr'><strong><em>συσκιοίσοιι.</em></strong></span> <span class='ocrx_word' id='word_1_225' title='bbox 669 3289 705 3355; x_wconf 89' lang='lat' dir='ltr'><strong>in</strong></span> <span class='ocrx_word' id='word_1_226' title='bbox 726 3288 817 3356; x_wconf 88' lang='lat' dir='ltr'><strong>libris</strong></span> <span class='ocrx_word' id='word_1_227' title='bbox 837 3290 1074 3378; x_wconf 83' lang='lat' dir='ltr'><strong>antiquioribus</strong></span> <span class='ocrx_word' id='word_1_228' title='bbox 1095 3294 1195 3359; x_wconf 86' lang='lat' dir='ltr'><strong>veteri</strong></span> <span class='ocrx_word' id='word_1_229' title='bbox 1217 3315 1222 3360; x_wconf 83' lang='lat'><strong>1-</strong></span> 
     </span>
     <span class='ocr_line' id='line_1_27' title="bbox 123 3408 1222 3501; baseline -0.003 -20"><span class='ocrx_word' id='word_1_230' title='bbox 123 3413 226 3480; x_wconf 89' lang='lat' dir='ltr'><strong>sotum</strong></span> <span class='ocrx_word' id='word_1_231' title='bbox 250 3415 574 3498; x_wconf 81' lang='lat' dir='ltr'><strong>interpretamentum</strong></span> <span class='ocrx_word' id='word_1_232' title='bbox 594 3408 759 3495; x_wconf 81' lang='lat' dir='ltr'><strong>legebatur</strong></span> <span class='ocrx_word' id='word_1_233' title='bbox 786 3418 843 3477; x_wconf 82' lang='lat' dir='ltr'><strong>aut</strong></span> <span class='ocrx_word' id='word_1_234' title='bbox 867 3411 899 3476; x_wconf 92' lang='lat' dir='ltr'><strong>in</strong></span> <span class='ocrx_word' id='word_1_235' title='bbox 920 3430 976 3477; x_wconf 87' lang='lat' dir='ltr'><strong>ora</strong></span> <span class='ocrx_word' id='word_1_236' title='bbox 1000 3410 1075 3478; x_wconf 86' lang='lat' dir='ltr'><strong>iibri</strong></span> <span class='ocrx_word' id='word_1_237' title='bbox 1105 3411 1222 3501; x_wconf 72' lang='lat' dir='ltr'><strong>adseri]</strong></span> 
     </span>
    </p>

    <p class='ocr_par' dir='ltr' id='par_1_5' title="bbox 124 3529 1211 3742">
     <span class='ocr_line' id='line_1_28' title="bbox 124 3529 1211 3619; baseline -0.002 -17"><span class='ocrx_word' id='word_1_238' title='bbox 124 3543 180 3602; x_wconf 82' lang='lat' dir='ltr'><strong>aut</strong></span> <span class='ocrx_word' id='word_1_239' title='bbox 204 3536 288 3601; x_wconf 89' lang='lat' dir='ltr'><strong>inter</strong></span> <span class='ocrx_word' id='word_1_240' title='bbox 311 3553 425 3601; x_wconf 86' lang='lat' dir='ltr'><strong>vorsus</strong></span> <span class='ocrx_word' id='word_1_241' title='bbox 458 3550 556 3619; x_wconf 81' lang='lat' dir='ltr'><strong>supra</strong></span> <span class='ocrx_word' id='word_1_242' title='bbox 573 3531 752 3612; x_wconf 76' lang='grc' dir='ltr'><strong><em>συγκρύψαι</em></strong></span> <span class='ocrx_word' id='word_1_243' title='bbox 777 3529 979 3599; x_wconf 84' lang='lat' dir='ltr'><strong>oottooatum.</strong></span> <span class='ocrx_word' id='word_1_244' title='bbox 1026 3532 1108 3600; x_wconf 84' lang='lat' dir='ltr'><strong>Hine</strong></span> <span class='ocrx_word' id='word_1_245' title='bbox 1136 3534 1211 3600; x_wconf 79' lang='lat' dir='ltr'><strong>mr</strong></span> 
     </span>
     <span class='ocr_line' id='line_1_29' title="bbox 124 3648 1187 3742; baseline -0.001 -20"><span class='ocrx_word' id='word_1_246' title='bbox 124 3663 255 3723; x_wconf 85' lang='lat' dir='ltr'><strong>notatur</strong></span> <span class='ocrx_word' id='word_1_247' title='bbox 275 3680 326 3738; x_wconf 87' lang='grc' dir='ltr'><strong><em>γρ.</em></strong></span> <span class='ocrx_word' id='word_1_248' title='bbox 351 3651 528 3721; x_wconf 86' lang='grc' dir='ltr'><strong><em>συσκιοίσαι.</em></strong></span> <span class='ocrx_word' id='word_1_249' title='bbox 576 3650 688 3720; x_wconf 83' lang='lat' dir='ltr'><strong>Scriba</strong></span> <span class='ocrx_word' id='word_1_250' title='bbox 711 3650 797 3718; x_wconf 89' lang='lat' dir='ltr'><strong>onim</strong></span> <span class='ocrx_word' id='word_1_251' title='bbox 828 3648 1151 3739; x_wconf 77' lang='lat' dir='ltr'><strong>interpretamentum</strong></span> <span class='ocrx_word' id='word_1_252' title='bbox 1175 3674 1187 3742; x_wconf 83' lang='lat' dir='ltr'><strong>p</strong></span> 
     </span>
    </p>

    <p class='ocr_par' dir='ltr' id='par_1_6' title="bbox 124 3771 1171 3863">
     <span class='ocr_line' id='line_1_30' title="bbox 124 3771 1171 3863; baseline 0.001 -21"><span class='ocrx_word' id='word_1_253' title='bbox 124 3796 216 3844; x_wconf 80' lang='lat' dir='ltr'><strong>versa</strong></span> <span class='ocrx_word' id='word_1_254' title='bbox 239 3777 401 3863; x_wconf 83' lang='lat' dir='ltr'><strong>scriptura</strong></span> <span class='ocrx_word' id='word_1_255' title='bbox 432 3772 555 3840; x_wconf 82' lang='lat' dir='ltr'><strong>habuit.</strong></span> <span class='ocrx_word' id='word_1_256' title='bbox 602 3772 743 3839; x_wconf 80' lang='lat' dir='ltr'><strong>Mannrit</strong></span> <span class='ocrx_word' id='word_1_257' title='bbox 772 3771 856 3838; x_wconf 85' lang='lat' dir='ltr'><strong>idem</strong></span> <span class='ocrx_word' id='word_1_258' title='bbox 881 3773 914 3838; x_wconf 89' lang='lat' dir='ltr'><strong>in</strong></span> <span class='ocrx_word' id='word_1_259' title='bbox 944 3772 976 3840; x_wconf 89' lang='lat' dir='ltr'><strong>S.</strong></span> <span class='ocrx_word' id='word_1_260' title='bbox 1000 3792 1171 3863; x_wconf 83' lang='lat' dir='ltr'><strong>quoquea</strong></span> 
     </span>
    </p>

    <p class='ocr_par' dir='ltr' id='par_1_7' title="bbox 119 3891 1177 4107">
     <span class='ocr_line' id='line_1_31' title="bbox 122 3891 1177 3983; baseline -0.009 -18"><span class='ocrx_word' id='word_1_261' title='bbox 122 3900 204 3966; x_wconf 87' lang='lat' dir='ltr'><strong>tiore</strong></span> <span class='ocrx_word' id='word_1_262' title='bbox 237 3915 345 3964; x_wconf 82' lang='lat' dir='ltr'><strong>manu.</strong></span> <span class='ocrx_word' id='word_1_263' title='bbox 403 3896 439 3962; x_wconf 88' lang='lat' dir='ltr'><strong>Iu</strong></span> <span class='ocrx_word' id='word_1_264' title='bbox 474 3893 606 3981; x_wconf 89' lang='lat' dir='ltr'><strong>reliquis</strong></span> <span class='ocrx_word' id='word_1_265' title='bbox 638 3892 788 3960; x_wconf 86' lang='lat' dir='ltr'><strong>omnibus</strong></span> <span class='ocrx_word' id='word_1_266' title='bbox 823 3891 943 3960; x_wconf 84' lang='lat' dir='ltr'><strong>tantum</strong></span> <span class='ocrx_word' id='word_1_267' title='bbox 972 3900 1022 3962; x_wconf 87' lang='lat' dir='ltr'><strong>est</strong></span> <span class='ocrx_word' id='word_1_268' title='bbox 1052 3895 1138 3983; x_wconf 89' lang='lat' dir='ltr'><strong>quod</strong></span> <span class='ocrx_word' id='word_1_269' title='bbox 1168 3916 1177 3955; x_wconf 75' lang='grc' dir='ltr'><strong><em>ι</em></strong></span> 
     </span>
     <span class='ocr_line' id='line_1_32' title="bbox 119 4014 1128 4107; baseline -0.002 -23"><span class='ocrx_word' id='word_1_270' title='bbox 119 4020 258 4107; x_wconf 79' lang='lat' dir='ltr'><strong>genuino</strong></span> <span class='ocrx_word' id='word_1_271' title='bbox 292 4018 452 4104; x_wconf 86' lang='lat' dir='ltr'><strong>seriptum</strong></span> <span class='ocrx_word' id='word_1_272' title='bbox 476 4034 551 4082; x_wconf 92' lang='lat' dir='ltr'><strong>oum</strong></span> <span class='ocrx_word' id='word_1_273' title='bbox 587 4015 873 4102; x_wconf 82' lang='lat' dir='ltr'><strong>interpretamento</strong></span> <span class='ocrx_word' id='word_1_274' title='bbox 899 4014 1047 4102; x_wconf 83' lang='lat' dir='ltr'><strong>ooputnta</strong></span> <span class='ocrx_word' id='word_1_275' title='bbox 1079 4023 1128 4082; x_wconf 87' lang='lat' dir='ltr'><strong>est</strong></span> 
     </span>
    </p>

    <p class='ocr_par' dir='ltr' id='par_1_8' title="bbox 120 4135 1154 4218">
     <span class='ocr_line' id='line_1_33' title="bbox 120 4135 1154 4218; baseline -0.003 -12"><span class='ocrx_word' id='word_1_276' title='bbox 120 4136 260 4207; x_wconf 81' lang='lat' dir='ltr'><strong>heptad</strong></span> <span class='ocrx_word' id='word_1_277' title='bbox 283 4156 384 4204; x_wconf 90' lang='lat' dir='ltr'><strong>unum</strong></span> <span class='ocrx_word' id='word_1_278' title='bbox 414 4156 544 4204; x_wconf 85' lang='lat' dir='ltr'><strong>omnes:</strong></span> <span class='ocrx_word' id='word_1_279' title='bbox 582 4137 676 4203; x_wconf 75' lang='grc' dir='ltr'><strong><em>δειναί</em></strong></span> <span class='ocrx_word' id='word_1_280' title='bbox 700 4135 879 4218; x_wconf 74' lang='grc' dir='ltr'><strong><em>συγκρύψαι</em></strong></span> <span class='ocrx_word' id='word_1_281' title='bbox 910 4137 963 4205; x_wconf 82' lang='grc' dir='ltr'><strong><em>καί</em></strong></span> <span class='ocrx_word' id='word_1_282' title='bbox 987 4135 1154 4205; x_wconf 88' lang='grc' dir='ltr'><strong><em>συοκιοίσαι</em></strong></span> 
     </span>
    </p>
   </div>
   <div class='ocr_carea' id='block_1_5' title="bbox 121 4256 1125 4346">
    <p class='ocr_par' dir='ltr' id='par_1_9' title="bbox 121 4256 1125 4346">
     <span class='ocr_line' id='line_1_34' title="bbox 121 4256 1125 4346; baseline 0 -21"><span class='ocrx_word' id='word_1_283' title='bbox 121 4260 225 4346; x_wconf 89' lang='lat' dir='ltr'><strong>ipsum</strong></span> <span class='ocrx_word' id='word_1_284' title='bbox 261 4260 293 4324; x_wconf 90' lang='lat' dir='ltr'><strong>in</strong></span> <span class='ocrx_word' id='word_1_285' title='bbox 325 4259 469 4346; x_wconf 83' lang='lat' dir='ltr'><strong>spuriam</strong></span> <span class='ocrx_word' id='word_1_286' title='bbox 504 4257 680 4324; x_wconf 85' lang='lat' dir='ltr'><strong>orationem</strong></span> <span class='ocrx_word' id='word_1_287' title='bbox 716 4257 879 4325; x_wconf 80' lang='lat' dir='ltr'><strong>insuetum</strong></span> <span class='ocrx_word' id='word_1_288' title='bbox 915 4265 974 4325; x_wconf 87' lang='lat' dir='ltr'><strong>ost.</strong></span> <span class='ocrx_word' id='word_1_289' title='bbox 1029 4256 1062 4325; x_wconf 91' lang='lat' dir='ltr'><strong>Si</strong></span> <span class='ocrx_word' id='word_1_290' title='bbox 1092 4259 1125 4325; x_wconf 91' lang='lat' dir='ltr'><strong>io</strong></span> 
     </span>
    </p>
   </div>
   <div class='ocr_carea' id='block_1_6' title="bbox 0 0 1474 5010">
    <p class='ocr_par' dir='ltr' id='par_1_10' title="bbox 0 0 1474 5010">
     <span class='ocr_line' id='line_1_35' title="bbox 0 0 1474 5010; baseline 0 0"><span class='ocrx_word' id='word_1_291' title='bbox 0 0 1474 5010; x_wconf 95' lang='lat' dir='ltr'><strong> </strong></span> 
     </span>
    </p>
   </div>
  </div>
 </body>
</html>
