2940 5010
719 269 781 334 tlt

157 444 218 516 aed
243 445 446 535 praevalebat
469 442 574 511 nobile
594 462 709 510 nomen
729 451 762 509 et
780 440 975 507 disertorum
996 438 1165 507 bominum
1186 439 1345 510 facundia.

157 551 248 623 itinn
265 551 306 620 do
327 572 365 619 ea
388 571 425 618 re
448 549 622 637 Xenophon
646 550 715 635 ipse
734 547 864 624 scribit,
889 543 969 612 nihil
988 543 1137 632 Ephorus
1158 549 1347 634 scripserat,

156 656 333 725 vincebant
358 666 468 724 tamen
492 659 517 721 oi
544 656 617 737 πρὸς
644 654 738 738 χάριν
769 653 927 731 λέγοντες.
974 652 1079 737 Atque
1107 651 1185 719 haec
1216 654 1347 740 quidem

157 782 214 831 rea
236 772 287 831 est
297 760 455 829 eiusmodi
479 772 531 839 ut,
552 779 749 848 quamquam
763 778 836 825 vere
858 777 920 822 non
940 766 1008 837 est,
1025 765 1134 824 tamen
1156 779 1215 846 per
1234 780 1346 828 rerum

157 876 312 937 naturam
339 876 372 936 et
404 867 550 935 ordinem
578 875 611 933 et
640 874 823 952 temporum
854 863 1012 929 rationem
1041 883 1117 931 vera
1139 884 1209 933 esso
1227 876 1346 953 posset.

157 972 264 1059 Quam
292 974 414 1041 multae
436 981 514 1039 sunt
538 971 620 1039 aliae
643 973 676 1038 in
703 971 872 1036 historiam
896 978 1061 1055 receptae,
1091 970 1266 1058 inquibus
1291 972 1346 1040 bo-

155 1098 234 1147 rum
262 1079 409 1147 omnium
439 1078 519 1145 nihil
548 1087 607 1145 est.
663 1076 746 1160 Quid
779 1085 828 1143 est
858 1075 1001 1161 apertius
1030 1074 1070 1141 ad
1099 1077 1343 1165 intelligendum

154 1203 257 1273 qnam
274 1184 393 1273 quihus
410 1183 450 1252 de
466 1185 573 1251 causis
591 1181 710 1249 bellum
724 1181 1025 1268 Peloponnesiacum
1038 1183 1197 1269 eruperit,
1214 1196 1246 1252 et
1266 1187 1345 1273 quid

154 1308 229 1359 esse
252 1298 357 1378 potest
376 1289 529 1357 disertius
553 1290 611 1365 iis,
635 1308 717 1375 quae
741 1288 780 1355 de
807 1286 861 1352 illo
880 1296 1071 1372 argumento
1101 1289 1233 1376 scripsit
1257 1292 1343 1360 Thu·

155 1394 312 1485 cydides?
350 1396 507 1482 Compara
532 1395 611 1460 mihi
632 1415 708 1461 cum
726 1393 789 1459 illis
812 1410 950 1478 eaquae
970 1392 1127 1459 Diodorus
1147 1397 1343 1483 scriptitavit

155 1500 227 1569 llll.
253 1506 312 1581 58,
334 1500 391 1567 ubi
415 1501 552 1569 Pericles
580 1510 733 1568 narratur
763 1500 916 1587 pecunias
948 1497 1092 1584 publicas
1118 1500 1151 1566 in
1181 1504 1344 1589 priuatum

154 1626 253 1675 usum
266 1608 479 1682 convertisse,
502 1609 610 1694 itaque
628 1628 728 1695 quum
750 1608 892 1672 rationes
907 1584 1131 1690 posterorum,
1149 1628 1230 1699 quas
1255 1612 1344 1681 nullo

155 1710 252 1779 modo
273 1721 380 1801 posset
399 1712 550 1791 reddere,
573 1712 776 1800 aegritudine
799 1710 900 1776 animi
923 1711 955 1774 in
970 1708 1117 1776 morbum
1141 1732 1212 1781 esse
1236 1717 1344 1806 impli-

154 1818 261 1885 citum
284 1818 340 1909 (ris
363 1818 513 1900 decoctor
536 1819 709 1907 ἐνέπεσεν),
733 1818 787 1884 sed
814 1814 1014 1883 convaluisse
1042 1820 1135 1902 pueri
1167 1820 1342 1893 Alcibiadis

153 1923 307 2002 oonsilio,
332 1926 454 1991 uideret
475 1926 581 2011 potius
604 1946 668 2012 quo
692 1933 784 2012 pacto
808 1922 949 1988 rationes
970 1920 1075 1987 nullas
1092 1923 1256 1995 redderet:
1281 1932 1341 1998 ita-

152 2048 218 2117 que
239 2030 437 2117 quaesivisse
457 2031 496 2098 δι’
515 2028 550 2098 οὗ
572 2030 684 2113 τρόπον
704 2031 774 2104 τοὺς
794 2027 969 2102 Ἀθηναίους
990 2027 1108 2096 δύναιτ’
1127 2030 1166 2098 ἂν
1185 2034 1341 2114 ἐμβαλεῖν

152 2134 496 2216 iteremberto.
546 2136 687 2203 Eandem
717 2132 889 2201 absurdam
915 2131 1060 2198 tabellam
1090 2134 1282 2210 Plutarchus
1306 2146 1340 2213 in

153 2238 256 2307 Ateio.
276 2259 346 2327 cap.
360 2240 417 2307 Vll
437 2243 483 2307 ita
505 2251 615 2308 narrat
633 2262 670 2308 ac
688 2242 715 2306 si
738 2259 811 2306 curn
836 2239 971 2305 ianitore
992 2238 1172 2309 Alcibiades
1189 2245 1229 2313 de
1249 2258 1340 2320 tanta

152 2364 191 2413 re
212 2344 311 2413 luerit
328 2345 570 2413 conlebulatus:
593 2346 793 2436 Thucydidis
815 2352 923 2411 antem
944 2345 1061 2411 similis
1081 2349 1207 2418 vivebat
1231 2375 1339 2441 nemo,

151 2452 209 2539 qui
234 2450 400 2518 Plutarchi
419 2451 543 2519 similes
564 2460 656 2519 erant
681 2451 863 2519 scribebant
882 2450 1113 2538 complusculi,
1140 2457 1267 2527 Diodori
1289 2465 1337 2533 si.

151 2554 217 2625 onli
242 2556 463 2645 Diogenesque
490 2578 608 2645 niagno
632 2578 767 2626 nurnero
791 2555 1049 2645 propullulabant
1076 2568 1108 2627 et
1133 2565 1274 2635 nondum
1299 2592 1336 2641 ea

149 2660 275 2731 soboles
294 2661 420 2731 deiecit.

193 2766 303 2835 Etiam
324 2768 409 2856 apud
432 2770 592 2837 Romanos
612 2773 731 2859 passim
760 2768 993 2839 eiusdemmodi
1015 2773 1255 2853 dilacerasset
1280 2808 1335 2850 πε-

148 2872 318 2954 πλασμένη
340 2874 508 2956 παράδοσις
537 2886 569 2943 et
593 2887 882 2964 rerumgestarum
910 2874 1005 2943 iidem
1025 2889 1057 2945 et
1082 2883 1225 2952 virorum
1246 2892 1334 2975 prin.

148 2980 260 3067 cipum
280 2980 365 3046 vitas
384 2980 517 3067 perinde
540 2983 699 3071 inquinat.
748 2983 920 3058 Suetonius
940 2990 974 3054 in
993 2987 1060 3053 vita
1083 2988 1223 3074 Augusti
1246 3014 1275 3060 c.
1289 3000 1331 3063 94

146 3084 250 3153 refert
273 3094 371 3151 ›acte
393 3108 509 3173 paucos
538 3110 634 3176 qaccm
658 3102 838 3159 nosceretur
868 3094 1060 3186 (Augustus)
1085 3115 1204 3161 menses
1226 3100 1333 3184 prodi·

144 3190 236 3281 pium
264 3188 379 3257 Romae
404 3194 525 3279 sactum
548 3194 690 3282 publice,
722 3216 782 3283 qao
814 3201 1059 3268 denoncicbctur
1087 3220 1193 3287 repam
1217 3206 1334 3292 populo

145 3294 286 3363 Rmnneo
314 3306 460 3363 notorem
487 3301 666 3384 parturire:
698 3300 852 3372 Senatum
884 3311 1074 3375 exterritum
1104 3311 1270 3379 censuisse
1292 3333 1332 3381 ne

144 3399 293 3489 quirillo
315 3420 399 3467 anno
420 3404 551 3489 genitus
574 3403 782 3477 educaretur:
807 3434 857 3478 eos
882 3414 937 3501 qni
963 3411 1112 3500 qrovidcs
1139 3436 1254 3482 nones
1277 3418 1331 3486 bn·

145 3504 255 3573 mr
274 3526 334 3593 quo
356 3508 398 3573 od
419 3529 452 3573 se
478 3510 609 3596 quisquc
626 3535 720 3600 ‘rpem
748 3517 898 3598 traheret,
922 3540 1047 3585 curasse
1068 3539 1107 3584 ne
1129 3518 1331 3592 Senatuscon·

143 3610 265 3677 mrem
294 3611 337 3677 od
367 3615 526 3679 aaronem
555 3616 763 3703 deferretur?
810 3624 912 3705 Quam
941 3625 1116 3689 miraretur
1145 3624 1272 3708 Cicero,
1302 3632 1331 3699 si

142 3712 258 3783 aetum
282 3714 467 3785 huiusmodi
487 3740 520 3786 se
543 3722 679 3790 Consule
702 3724 823 3795 lactum
849 3750 918 3798 esse
938 3729 1075 3796 audiret.
1102 3730 1186 3799 Bone
1205 3735 1248 3800 sit
1272 3736 1330 3816 iis,

142 3820 203 3907 qui
234 3822 341 3888 nescio
372 3825 530 3909 quoroodo
555 3829 653 3894 veluti
684 3834 914 3921 surripuerunt
950 3834 1136 3923 pestiferum
1165 3835 1331 3911 decretum

140 3924 258 3992 multis
289 3925 457 3996 hominum
493 3931 634 4000 millibus
666 3947 787 4005 certam
820 3942 994 4027 perniciem
1027 3941 1211 4009 allaturum.
1270 3945 1333 4016 Sed

139 4040 309 4117 quaeest,
332 4054 468 4121 quaeso,
492 4056 574 4104 anns
598 4049 664 4106 tam
689 4044 798 4130 inepta
827 4056 864 4113 ut
894 4049 927 4113 in
956 4048 1028 4114 istis
1056 4047 1232 4135 quidquam
1261 4055 1330 4120 reri

139 4134 249 4204 inesse
267 4141 368 4225 possit
388 4141 423 4206 in
443 4144 589 4212 animum
606 4145 779 4216 inducere?
828 4151 1000 4220 Suetonius
1019 4161 1128 4220 tamen
1148 4155 1250 4243 ipsius
1267 4159 1331 4225 Au·

140 4242 230 4327 gnati
254 4240 407 4313 libertum
429 4258 594 4317 auctorem
615 4251 729 4333 habet,
758 4259 813 4345 qni
839 4259 878 4326 de
899 4258 1025 4346 patroni
1058 4260 1124 4328 vita
1147 4263 1329 4351 scripserat.

141 4350 242 4431 Νἱφε
264 4349 317 4417 nai
342 4352 481 4433 ndpuar'
498 4360 635 4427 ἀπιςεῖν.
