2940 5010
712 282 774 346 665

149 464 282 524 martem
313 457 450 523 Sacratis
481 456 576 523 istam
616 456 854 523 accusationem
887 457 1134 543 conscripsisse,
1168 459 1258 536 sire,
1295 469 1332 527 nt

149 560 286 631 Bentleii
304 561 410 629 verbis
430 571 504 629 utar
528 562 574 652 (in
592 562 761 629 Dissertat.
786 560 825 628 tle
844 562 995 649 Epistolis
1016 563 1156 630 Socratis
1179 564 1330 654 capvt.)

150 652 351 755 »Polynicis
373 668 541 734 orationem
563 669 598 733 in
622 668 780 733 Socratem
807 668 907 754 [uisse
934 680 1053 735 tantum
1076 668 1332 737 declamationem

148 774 461 860 emacitationemque
496 772 734 850 scholasticam,
766 793 826 837 non
860 794 966 840 veram
996 776 1166 841 orationem
1202 775 1333 841 Athenis

149 878 324 945 habitam.'’
377 877 581 945 Manifestum
612 880 713 966 igitur
743 887 792 944 est
826 877 891 946 illis
921 880 1119 966 [munoribus
1147 882 1331 947 constitisse

150 984 239 1051 inter
259 1004 370 1050 omnes
395 983 558 1050 Socratem
586 984 899 1071 praestantissimum
936 987 1038 1051 virum
1071 988 1182 1073 iniquo
1212 987 1331 1053 iudicio

149 1088 251 1157 luisse
273 1091 548 1168 circumventum,
579 1097 616 1154 ut
643 1087 742 1154 nihilo
767 1090 876 1155 suiuus
904 1089 1002 1156 luerit
1024 1092 1193 1176 τωράδοξον
1219 1095 1331 1159 Socra·

149 1203 217 1262 tem
239 1216 405 1273 accusare,
437 1214 533 1281 quam
565 1194 744 1261 Busiridem
776 1204 808 1261 et
837 1194 1122 1284 Clytaemnestram
1154 1198 1330 1285 defendero.

149 1297 235 1383 Quid
270 1298 310 1365 de
344 1298 477 1367 Socrate
506 1308 632 1365 mortuo
665 1303 751 1368 cives
780 1302 831 1367 sui
866 1302 1089 1369 existimarent
1112 1311 1243 1389 apparet
1282 1301 1331 1368 rel

146 1422 189 1473 ex
218 1404 272 1471 his
292 1404 399 1471 verbis
423 1403 536 1492 Lysiae
560 1424 600 1471 ex
623 1408 767 1473 oratione
785 1409 858 1489 πρὸς
886 1409 1037 1490 Λῖτχίνκν
1060 1409 1112 1474 τὸν
1135 1407 1330 1490 Σωκράτνκάν

148 1507 237 1597 apud
260 1508 377 1577 Athen.
403 1530 435 1596 p.
456 1514 532 1575 611.
556 1510 593 1575 Ε.
617 1512 749 1590 aliperus
773 1514 889 1580 τουτονὶ
914 1514 1066 1595 Αἰσχίνην
1099 1513 1332 1595 Σωκράτους

147 1616 357 1695 γεγονέναι
386 1615 561 1694 calanho
584 1615 637 1680 κοά
662 1617 728 1698 περὶ
753 1619 943 1693 δνκοωοοάνκς
976 1618 1029 1683 cal
1052 1621 1163 1700 άρετῆς
1195 1619 1330 1692 πολλοὺς

147 1720 203 1789 ul
225 1722 355 1801 σεμνοὺς
384 1721 523 1799 λέγοντά
552 1721 664 1799 λάγους
687 1724 740 1786 οὐκ
768 1721 806 1787 άν
836 1746 913 1788 τοτε
944 1725 1139 1806 ἐτνχενρῆτνιν
1172 1725 1238 1791 οὐδὲ
1260 1738 1332 1789 τολ-

146 1834 250 1907 μῆτιν
280 1823 361 1908 άτερ
385 1826 413 1891 ai
441 1827 638 1906 υτονκρότοοτον
667 1826 719 1892 nel
749 1827 932 1894 άδνκάτοοτον
965 1828 1109 1911 άνάρωτον
1144 1831 1331 1911 ἕτνχενροῦτν

146 1930 317 2013 πράττειν,
342 1930 396 1997 ubi
419 1931 446 1995 si
466 1929 572 1996 locum
594 1930 767 2017 diligenter
788 1931 977 2018 expenderis
1000 1933 1235 1999 eoncedendum
1260 1952 1332 1999 esse

147 2033 310 2121 intelliges
333 2037 515 2118 Σωκράτους
546 2037 760 2115 γενόμενον
787 2040 938 2118 μαθητήν.
987 2038 1156 2105 Praeterea
1179 2037 1329 2105 tnaniles·

148 2148 219 2207 tum
241 2148 292 2207 est
322 2140 409 2208 illam
439 2141 580 2207 Socratis
611 2142 849 2209 accusationem
871 2143 1030 2230 placuisse
1063 2143 1195 2222 multis,
1219 2164 1330 2230 quam-

146 2244 260 2313 obrem
283 2246 344 2313 iste
365 2250 426 2329 οὐχ
450 2245 541 2323 ἤκνςω
565 2246 616 2311 ἐντὶ
649 2246 751 2330 τοοάτρρ
781 2249 1105 2330 ἐμεγαλαυχεῖτο
1134 2256 1166 2314 et
1187 2248 1330 2336 placebat

145 2352 226 2431 sihi,
250 2370 346 2439 quam
370 2353 472 2438 ipsam
496 2372 565 2417 rem
589 2351 741 2417 Isocratis
766 2354 1014 2419 aemulationem
1034 2361 1067 2418 et
1088 2352 1242 2420 invidiam
1263 2374 1329 2420 mo·

145 2457 233 2525 risse
251 2458 407 2543 suspicor.
442 2456 620 2545 Polycratis
644 2461 818 2540 κωτκνορίω
839 2458 1019 2539 Σωκράτους
1044 2465 1180 2523 aetatem
1200 2459 1275 2525 tulit
1297 2467 1330 2525 et

144 2562 187 2631 ab
212 2562 351 2629 cruditis
373 2561 599 2641 lectitabatur,
624 2562 710 2629 unde
737 2571 813 2629 nata
836 2572 885 2629 est
915 2564 991 2628 olim
1020 2561 1099 2629 lalsa
1124 2571 1156 2628 et
1179 2584 1329 2650 perversa

143 2665 255 2755 opinio
279 2686 349 2733 eant
378 2668 480 2754 ipsam
504 2670 682 2735 orationem
714 2669 841 2756 inipso
869 2668 990 2736 iudicio
1021 2678 1133 2734 contra
1164 2668 1328 2735 Socratem

143 2792 216 2843 esea
239 2770 400 2848 habitam,
425 2773 518 2839 cuins
540 2774 587 2839 rei
614 2795 716 2841 unum
738 2783 853 2842 testem
882 2773 1058 2863 producere
1083 2773 1182 2838 iurat.
1231 2774 1328 2855 Quin·

143 2877 280 2947 tilianns
300 2878 333 2943 in
361 2877 441 2945 lust.
466 2875 554 2944 Orat.
573 2878 616 2947 11.
640 2900 715 2946 xvu.
743 2887 773 2948 t.
808 2883 854 2949 ita
876 2879 1009 2948 scribit:
1040 2877 1218 2965 »liquidem
1240 2879 1329 2955 illos,

142 2984 201 3073 qni
232 2994 338 3051 contra
365 2982 564 3068 disputarunt
599 2984 806 3073 (rhetoricam
836 2996 939 3053 artem
973 3004 1036 3050 non
1067 2982 1149 3072 osse)
1180 3004 1241 3049 non
1264 2995 1328 3049 tam

142 3088 278 3157 νοκοίοοο
298 3087 381 3176 quod
404 3088 559 3165 dicerent,
594 3112 687 3176 qnam
716 3112 860 3157 exercere
877 3090 1001 3176 inperia
1020 3088 1170 3154 materiae
1194 3088 1329 3175 difficul-

142 3202 208 3261 tate
230 3194 320 3261 creda
342 3192 498 3273 voluisse,
532 3194 611 3260 sicot
639 3195 839 3281 Polycratem
862 3215 932 3261 cnm
962 3193 1092 3259 Busirin
1127 3192 1269 3259 laudaret
1299 3205 1328 3260 ct

143 3296 450 3385 Clytaemnestram:
482 3320 671 3387 quamquam
694 3302 744 3381 is,
773 3300 854 3388 qncal
887 3299 936 3365 his
964 3297 1118 3364 dissimile
1140 3321 1200 3363 non
1228 3310 1327 3377 esset,

140 3404 349 3491 composuisse
360 3405 546 3481 orationem,
570 3416 710 3493 quaeest
728 3405 836 3472 babita
858 3415 964 3471 contra
981 3405 1158 3481 Socratem,
1179 3404 1326 3470 dicitur.”

140 3506 244 3577 Vides
265 3509 502 3591 Quintilianum
528 3512 560 3576 in
584 3533 620 3578 ca
646 3513 794 3599 opinione
818 3531 888 3578 esso
910 3514 965 3587 τήν
989 3535 1025 3576 τε
1056 3509 1220 3591 Βουσίριδος
1250 3512 1328 3577 cino-

139 3614 256 3695 mles
279 3614 332 3683 nni
355 3617 410 3692 rin
434 3620 694 3700 Κλντκνρνάςρως
726 3618 848 3705 ingenii
881 3615 1049 3682 exercendi
1073 3635 1171 3683 causa
1194 3635 1211 3681 a
1236 3615 1327 3704 Poly·

141 3727 236 3789 crate
257 3722 409 3807 scriptam
435 3741 524 3801 esse,
556 3722 612 3788 setl
635 3726 690 3798 rho
714 3723 895 3805 Σωκράτους
924 3723 1113 3802 κωτνγοράοον
1135 3720 1175 3785 ab
1198 3740 1234 3786 oo
1258 3741 1328 3787 esse

143 3827 355 3914 compositam
381 3837 474 3894 ntea
497 3836 666 3894 accusator
691 3831 722 3894 in
747 3827 866 3893 inclinio
896 3835 1008 3893 contra
1033 3826 1199 3893 Socratem
1224 3836 1328 3893 utore-

140 3940 212 4001 tur.
257 3932 378 4020 Nempe
402 3953 502 4019 quum
533 3933 729 4021 Polycratis,
762 3954 858 4019 quem
889 3932 1013 3998 Socrati
1038 3929 1203 4018 aequalem
1227 3930 1328 3998 luisse

140 4036 330 4117 constabat,
353 4041 438 4105 acris
461 4049 493 4106 et
517 4039 688 4106 velrernens
713 4038 855 4105 Socratis
880 4038 1043 4105 accusatio
1073 4044 1233 4115 exstaret,
1256 4057 1327 4124 pro·

139 4143 219 4213 clivi
240 4151 273 4211 et
293 4144 468 4210 excusabili
492 4165 601 4211 errore
624 4144 743 4211 eruditi
771 4144 917 4212 homines
940 4144 1026 4210 illam
1053 4145 1157 4231 ipsam
1181 4144 1214 4208 in
1244 4141 1328 4207 imli-

139 4250 195 4319 cio
214 4247 356 4316 habitam
381 4272 452 4317 osse
476 4252 652 4339 suspicati,
685 4250 800 4318 deiude
834 4252 913 4318 satis
939 4250 1053 4317 leviter
1087 4248 1126 4316 tle
1157 4269 1216 4315 suo
1244 4268 1328 4314 com·

139 4357 247 4427 menti
270 4365 348 4426 stant
372 4357 542 4438 tieletum,
574 4357 767 4427 intlisortunr
792 4357 977 4435 hominem,
1011 4355 1181 4453 Polycrati
1204 4352 1329 4421 dedisse
