2940 5010
651 297 670 361 5

242 476 386 554 ἤνεγκον.
411 485 444 539 Β.
470 475 604 553 ἤνεγκας
625 473 684 549 τίς
708 483 748 539 A.
772 474 806 550 νδς
829 476 884 553 τὴν
903 478 1065 560 Ἄρτεμιν.

61 579 291 668 Aristophanes
314 579 416 666 igitur
439 598 543 666 neque
562 581 682 660 ἤνεγκα
701 585 758 645 aut
778 576 854 646 εἶπα
876 579 998 651 dixisse
1017 590 1121 670 potest
1144 603 1249 673 neque

59 685 145 762 εἶπες
166 693 223 752 aut
242 688 383 765 ἤυεγκες.
407 686 505 752 εἰπεῖν
525 693 557 752 et
577 687 668 753 είπώυ
692 693 724 753 et
744 686 860 767 είποιμι
880 687 967 775 apud
985 696 1109 756 veteres
1129 689 1195 757 sola
1214 691 1247 760 iu

60 811 124 860 usu
153 801 242 860 sunt:
267 793 322 878 qui
343 791 435 867 οίπας
460 789 555 870 dicit,
579 798 636 858 aut
659 792 715 879 qui
736 791 860 872 ἔνεγκον
883 800 941 860 out
962 792 1094 873 ἐνέγκας
1118 815 1182 862 nou
1203 798 1249 863 vi·

59 905 131 965 tant
154 899 307 964 continuo
337 905 475 964 aetatem
507 905 650 985 arguunt
676 898 868 984 sequiorem.
915 897 991 966 Levi
1015 918 1123 967 errore
1147 901 1250 988 igitur

59 1004 220 1071 Porsenus
247 1003 398 1070 lacunam
422 1003 454 1069 in
476 1003 701 1092 Aristophanis
728 1001 909 1091 fragmento
937 1002 1023 1092 apud
1048 1003 1248 1076 Athenaeum

59 1109 114 1178 lx.
137 1114 214 1178 572.
235 1108 269 1177 G.
294 1110 342 1176 sio
364 1108 538 1197 supplerit:

239 1214 369 1296 μέγιςον
392 1216 512 1295 ἀγαθὸν
540 1212 654 1304 [εἶπες]
677 1212 763 1298 simp
786 1214 833 1286 ἔτι
854 1215 893 1284 δι’
913 1217 1053 1286 ἐνιαυτοῦ

240 1318 310 1389 ὅπου
329 1347 377 1397 τις
400 1323 547 1401 ἒπιίυςοεῒ
562 1322 687 1401 λαβεῖν.

61 1425 116 1494 u'hi
140 1423 270 1494 malim:

239 1531 370 1614 μίγιςον
392 1528 485 1608 εἶπας
505 1531 640 1613 eyselo,
664 1531 748 1616 οἵπερ
771 1531 1045 1603 derationaret.

58 1637 96 1706 ln
122 1636 232 1705 eodem
262 1636 443 1726 fragmento
466 1645 498 1705 et
521 1637 584 1705 alia
615 1645 707 1714 sunl,
738 1656 821 1725 quae
850 1636 1044 1707 Gritioorum
1073 1658 1186 1710 curam
1217 1649 1250 1710 et

60 1762 197 1811 acumen
220 1751 417 1832 exspectant.
466 1742 677 1811 Enumeravit
701 1740 819 1830 aliquis
840 1762 1003 1811 summam
1035 1765 1180 1814 annonae
1200 1767 1251 1813 oo·

58 1850 146 1937 piam
167 1856 201 1916 et
223 1848 455 1916 abundantiam
480 1847 720 1927 incredibilem,
745 1836 827 1934 quae
854 1849 989 1917 Athenis
1012 1848 1097 1920 lacta
1119 1853 1179 1932 sit,
1204 1851 1250 1919 id·

59 1973 124 2042 que
143 1953 226 2021 alius
248 1953 369 2041 gaudet
387 1953 527 2031 lactum,
553 1952 637 2021 alius
660 1952 810 2040 queritur
833 1953 885 2021 his
907 1954 1028 2023 verbis:

675 2059 770 2125 κανδν
792 2059 850 2138 μὲν
873 2057 923 2128 οὖν
944 2059 1074 2141 perosos

194 2167 221 2231 εί
241 2167 287 2245 αδ
307 2165 372 2247 γοδς
395 2162 430 2243 ἦν
453 2165 507 2230 οὐκ
530 2163 569 2229 ἂν
592 2163 762 2245 ἐπεθύμουν
785 2165 847 2232 οὐδ’
868 2164 907 2232 διν
923 2166 1129 2235 ἐδαπανῶντο.

59 2273 112 2340 cui
135 2271 245 2338 neseio
268 2271 341 2357 quis
363 2272 408 2337 ita
427 2268 617 2357 respondet:

194 2378 255 2456 ἐγὼ
278 2375 310 2442 δὲ
329 2379 415 2443 τοῦτ’
438 2374 544 2454 ὀλίγον
566 2374 674 2457 χρόνον
698 2377 806 2459 φήσας
828 2375 1008 2461 οίφειλίιαιιν
1029 2376 1080 2445 rio.

57 2486 192 2553 haerent
218 2500 329 2547 omues
359 2481 393 2547 iu
422 2483 541 2564 φήνας.
595 2481 695 2547 hliror
726 2482 884 2568 quomodo
916 2483 1074 2570 Bergkius
1105 2484 1248 2571 potuerit

56 2589 192 2680 prohare
211 2594 243 2655 et
260 2586 402 2672 recipere
419 2585 678 2653 Frilzsohianum
697 2587 816 2670 φύσας.
848 2585 1002 2655 Novimus
1021 2587 1100 2675 quid
1124 2590 1166 2655 sit
1186 2590 1247 2672 oe·

58 2723 117 2772 τας
137 2693 257 2776 erepat,
279 2692 421 2769 ίδίντας,
447 2696 600 2771 πώγωνα,
624 2688 702 2778 quid
721 2698 788 2758 νοῦν
808 2693 916 2775 φύσας
936 2700 968 2760 et
989 2692 1108 2760 similia
1129 2694 1248 2762 multu:

57 2800 136 2891 quid
159 2800 220 2867 sihi
242 2798 318 2866 velit
341 2799 373 2865 iu
395 2797 448 2864 illo
464 2817 561 2864 versu
580 2796 687 2880 φύσας
710 2797 813 2864 solum
833 2799 894 2864 οὐδ’
913 2797 952 2865 δον
971 2799 1120 2867 Asinaeo
1139 2802 1249 2881 μοίίοι,

58 2917 96 2976 ut
117 2906 201 2996 apud
222 2905 386 2972 domicum
409 2903 539 2970 dieitur.
586 2894 673 2968 Nihil
693 2910 801 2970 autem
823 2913 1012 2992 corruptum
1034 2925 1103 2972 esse
1122 2915 1249 2993 praeter

58 3016 166 3099 φήσας
185 3017 333 3099 apparet:
359 3009 423 3076 iam
446 3028 520 3076 vero
540 3009 613 3094 quis
636 3015 700 3085 est,
724 3010 779 3094 qui
804 3029 842 3075 ex
864 3010 954 3098 copia
977 3009 1083 3078 lacere
1107 3011 1247 3098 inopiam

58 3117 182 3209 possiti
208 3135 322 3202 nempe
341 3112 386 3190 is.
412 3134 509 3202 quem
533 3112 618 3201 apud
640 3112 885 3200 Aristophanem
905 3116 1057 3184 audimus
1077 3115 1109 3180 in
1129 3115 1248 3182 Achar-

58 3222 211 3292 nensihus
231 3222 391 3289 dicentem
414 3242 460 3286 vs.
475 3225 551 3288 819.

283 3327 327 3393 rol
351 3326 486 3408 χοιρίδια
507 3325 606 3391 τοίνυν
630 3325 691 3403 ἐγὼ
714 3324 815 3408 φαίνω
836 3324 919 3391 ταδί.

61 3436 150 3524 (uam
171 3434 218 3499 sic
241 3431 432 3519 legendum,
457 3449 519 3494 nou
540 3428 655 3518 φανῶ).
679 3437 712 3497 et
736 3450 781 3496 rs.
802 3433 864 3497 911

285 3537 347 3616 ἐγὼ
370 3535 469 3602 τοίνυν
491 3533 534 3600 ὁδί
557 3532 562 3623 Ι
582 3535 683 3618 φαίνοι
707 3535 847 3615 πολέμια
868 3540 991 3602 ταῦτα.
1075 3615 1079 3626 Ι

58 3644 114 3712 isti
137 3642 329 3730 nequissimi
360 3639 578 3733 sycophantae
601 3641 771 3727 penuriam
793 3649 827 3708 et
850 3638 968 3709 lamem
992 3638 1152 3710 faciehant
1175 3643 1249 3724 soli,

59 3749 188 3819 etiamsi
211 3747 354 3836 undique
376 3766 503 3815 annona
525 3743 682 3814 afflueret.

287 3853 317 3920 εί
337 3877 396 3919 που
418 3852 520 3920 σίκυον
542 3850 632 3919 ἴδοιεν
656 3853 674 3929 ἢ
698 3850 851 3935 λαγῴδιον

286 3961 304 4038 ἢ
328 3958 469 4043 χοιρίδιον
492 3959 509 4036 ἢ
531 3957 668 4039 ταίροδου
691 3959 709 4036 ἢ
731 3957 875 4040 χόνδρους
900 3955 1000 4038 ι’ίοιας,

285 4069 380 4133 ταῦτ’
401 4063 435 4144 ἦν
455 4064 626 4148 Μεγαρικοὶ
651 4062 831 4146 κάπέπρατ’
854 4064 1008 4147 αὐθημεςί
1031 4113 1040 4131 .

59 4172 199 4245 Acharn.
224 4175 291 4239 illo
313 4191 383 4259 sqq.
422 4169 534 4257 ltaque
554 4167 824 4258 quemadmodum
849 4170 1081 4259 Aristophanes
1105 4169 1180 4237 ibid.
1202 4189 1248 4237 rs.

61 4285 124 4349 1541
151 4275 247 4346 dixit:
801 4317 806 4328 ·
