2940 5010
703 276 768 339 tta

137 451 285 520 sthenem
318 471 347 537 p.
375 455 473 518 1510.
499 470 557 537 pro
580 450 756 532 Ἀμνίίων,
780 448 990 529 Ἀμυθέωνος,
1016 449 1186 529 ’nautam
1213 450 1248 517 in
1271 452 1321 521 Go-

136 558 207 625 dice
231 556 264 622 S.
288 557 443 636 οίμυνίεον
467 555 587 643 legitur
608 566 640 623 et
657 558 847 637 οίμννόοιινος
867 564 899 623 et
921 557 1101 635 όμυνίεοινι.
1148 553 1273 644 Nempe
1292 558 1322 624 ht

138 667 188 732 his
211 664 361 732 omnihus
384 685 446 731 una
466 674 563 752 atque
586 666 697 735 eadem
721 686 820 735 causa
840 666 966 755 peperit
986 683 1153 733 errorem:
1176 676 1322 735 ΛΤΕΛΣ

136 792 198 838 nou
223 779 294 838 erat
316 772 432 846 ἀντίοι
464 771 657 858 legendum,
691 771 744 841 sed
770 772 885 840 iiueota
914 791 1031 839 nornen
1063 772 1235 859 proprium
1258 792 1322 840 esse

134 880 353 969 significahat,
377 881 625 969 similiterque
616 904 649 950 m
673 864 933 961 ΤΙΡῙΔΑΤΛΝ,
956 889 1143 957 ΑΔΡΙΑΝ,
1142 892 1322 989 „Athm-

133 1003 211 1072 TE,
244 1002 419 1070 ΚΡΛΘΙΣ,
455 993 655 1080 eaeterisque
687 992 847 1059 omnihus.
894 992 1057 1080 ltaque
1031 1013 1094 1059 sm
1105 1000 1322 1060 ΜΕΓΛΡΗΣ·

133 1107 440 1167 ΑΝΕΑΕΤΘΕΡΟῙ
464 1098 497 1163 iu
521 1099 579 1178 μὲν
602 1096 709 1179 γὰρ
690 1121 768 1176 νσαν
792 1098 940 1180 ε’λεόόοροι
964 1105 1158 1186 corruptum
1171 1099 1323 1187 autiquae

133 1215 165 1271 nt
189 1206 349 1292 genuinae
373 1203 522 1270 lectionis
548 1213 701 1286 Μεγαρῆς
724 1213 813 1270 oerta
836 1213 868 1271 et
895 1202 1077 1270 indubitata
1102 1205 1242 1291 vestigia
1267 1206 1323 1272 im·

133 1331 245 1398 pressa
277 1310 420 1395 reliquit.
467 1309 534 1375 Nou
560 1320 629 1376 erat
663 1310 766 1396 igitur
799 1307 1017 1396 spernendum
1041 1308 1127 1396 quod
1151 1311 1186 1376 iu
1211 1310 1322 1378 eadem

133 1420 277 1483 oratioue
303 1436 331 1501 p.
358 1420 462 1491 1577,
487 1420 517 1481 4.
551 1435 610 1502 pro
633 1424 803 1489 πλαταιεῑο
827 1415 967 1482 eximius
994 1413 1077 1481 liher
1101 1413 1135 1483 S.
1159 1428 1321 1495 πλατονις

133 1522 269 1599 ohtutit,
293 1519 349 1586 sed
373 1540 411 1586 ex
437 1518 488 1584 his
510 1518 737 1608 similibusque
761 1519 892 1586 indiciis
920 1521 1073 1606 antiquae
1102 1519 1227 1589 termae
1247 1519 1322 1589 Ora·

131 1631 195 1695 tori
220 1626 348 1694 fuerant
371 1622 606 1704 restituendae,
631 1625 781 1713 idemque
804 1636 837 1694 et
859 1627 891 1691 in
917 1627 1054 1693 caeteris
1075 1624 1269 1695 Oratoribus
1290 1636 1322 1695 et

132 1735 165 1799 iu
192 1730 401 1820 Xenophonte
426 1728 600 1817 diiigenter
623 1730 816 1798 iaciendum.

177 1839 223 1904 De
246 1837 505 1904 accusativorum
526 1835 639 1902 tonniis
658 1837 691 1901 in
716 1846 774 1912 -εῐς
798 1857 857 1924 pro
876 1837 944 1912 -έοις
968 1836 1162 1905 exeuntibus
1182 1838 1321 1926 prodeo·

132 1954 182 2013 ter
206 1942 362 2011 Diodortii
384 1941 478 2008 anatho
501 1941 729 2009 iudicauerunt
753 1952 922 2031 corruptas
946 1963 1016 2011 esse
1041 1953 1074 2011 et
1100 1943 1246 2031 undique
1268 1944 1321 2011 eii·

131 2049 279 2128 eiendas,
311 2048 495 2116 Ludoricus
524 2049 557 2113 in
591 2047 689 2135 praei.
720 2049 760 2114 ad
793 2048 894 2115 Anah.
927 2070 958 2137 p.
983 2070 1026 2115 ιιι.
1067 2048 1262 2117 Guitielmus
1289 2051 1320 2116 iu

130 2155 265 2244 praefat.
297 2154 336 2220 ad
361 2152 585 2221 Demosthenis
609 2154 783 2222 editionem
813 2156 1012 2242 Lipsiensem
1044 2174 1117 2242 pag.
1138 2174 1250 2231 xxrru.
1281 2155 1320 2223 ad

130 2262 237 2328 locum
262 2258 406 2327 Oratoris
431 2281 461 2346 p.
483 2265 565 2340 353,
593 2266 643 2327 17.
672 2260 723 2327 uhi
746 2260 821 2328 libri
841 2277 952 2340 οιλεις,
975 2265 1065 2337 οίλεῖι
1090 2272 1121 2330 et
1146 2263 1242 2351 οίλεῖς
1258 2282 1321 2330 ser·

129 2378 227 2447 arant,
251 2365 306 2432 sed
328 2366 445 2439 Ἁλέας
469 2365 554 2451 apud
579 2366 866 2451 Harpocratiouern
890 2369 966 2435 tutit
985 2375 1137 2436 aetatem.

174 2474 211 2540 ln
236 2470 375 2539 huahasi
396 2471 465 2536 vlt.
491 2492 542 2535 vu.
571 2476 622 2538 18.
654 2474 785 2539 ἐίέλοιτε
817 2477 845 2541 δ’
869 2475 907 2540 όον
938 2475 1056 2548 τούτοις
1082 2474 1254 2558 ἐπιτρέψαι
1276 2512 1320 2527 -

128 2579 248 2660 ὁπότερ’
272 2577 311 2642 όιν
330 2579 533 2659 ψηφίσωνται
551 2578 605 2643 εἴθ’
630 2581 712 2656 ὑμᾶς
738 2589 936 2660 προσῆκεν
959 2583 993 2647 ἐκ
1016 2589 1073 2657 τῆς
1099 2580 1208 2664 χώρας
1232 2582 1321 2648 dard·

128 2710 177 2751 ναι
201 2684 266 2749 είτε
290 2682 370 2772 (είό)
394 2685 499 2761 ἡμᾶς,
525 2702 563 2748 ex
587 2684 718 2769 opthttis
750 2684 841 2750 lituis
871 2685 989 2772 prodiit
1021 2694 1193 2769 προσῆκεν,
1219 2704 1319 2772 quum

128 2793 161 2856 iu
186 2789 323 2857 caeteris
349 2787 498 2853 omnihus
521 2790 591 2854 sine
621 2809 719 2856 sensu
742 2792 869 2872 πρόσθεν
898 2791 1071 2878 legeretur.
1122 2789 1185 2858 Sed
1209 2798 1320 2873 προσῆ-

127 2922 178 2965 κεν
197 2915 325 2984 quoque
343 2894 457 2962 ieviter
476 2904 664 2982 corruptum
690 2903 748 2963 est.
800 2895 965 2964 Sententia
985 2897 1046 2963 ioci
1070 2905 1104 2964 et
1126 2896 1321 2966 Graecitatis

129 3023 208 3069 usus
245 3003 418 3088 requirunt
449 3019 602 3087 praesens
634 3006 787 3083 προσήκει.
847 3001 962 3069 Certus
993 3003 1047 3070 hio
1080 3012 1129 3071 est
1165 3001 1317 3090 loquendi

128 3128 227 3186 usus,
250 3105 306 3174 uhi
331 3114 436 3173 status
455 3108 695 3174 controversiae
724 3109 936 3175 constituitur
958 3114 985 3177 εί
1007 3113 1093 3193 χοι,
1126 3110 1318 3191 stupuerim

128 3224 161 3281 et
192 3215 266 3279 sim.
315 3212 477 3278 Lubenter
508 3212 589 3277 hane
618 3233 687 3280 rem
719 3234 953 3294 commemoro,
984 3226 1021 3282 ut
1044 3235 1102 3302 per
1125 3234 1198 3281 eam
1228 3232 1319 3281 osee·

127 3321 251 3385 sionem
275 3326 368 3383 retus
391 3317 543 3383 urendum
569 3338 586 3384 e
606 3318 700 3406 Lysia
722 3318 838 3386 etnam.
887 3321 1096 3387 Praemittaru
1117 3319 1203 3387 ioeos
1223 3338 1320 3408 quos·

127 3423 203 3490 dam
233 3422 290 3489 uhi
323 3419 492 3489 emendate
524 3422 653 3508 legitur.
701 3424 932 3493 Demosthenes
965 3430 1180 3513 p.475,1t.
1229 3428 1319 3501 ‘atn-

126 3537 202 3597 ναῖοι
229 3534 393 3595 σκοποῦσιν
419 3530 445 3593 εί
468 3532 531 3611 χρὴ
554 3531 625 3604 τοὺς
660 3532 828 3613 εὐεργέτας
853 3535 909 3599 ἒοῖν
937 3535 980 3600 πόο
1003 3532 1115 3598 δοθέντ’
1147 3530 1253 3614 ἔχειν,
1284 3542 1318 3600 et

126 3656 157 3722 p.
183 3638 269 3712 690,
293 3638 348 3699 hd.
382 3634 514 3710 ἡπόλις
539 3674 583 3684 -
606 3637 779 3719 seponunt
810 3641 836 3705 εἰ
861 3641 922 3720 χρὴ
951 3646 1092 3722 φρουρεῖν
1115 3637 1318 3715 βουλεύεται.

126 3738 307 3807 Andocides
327 3739 380 3805 IV.
406 3744 437 3805 2.
462 3741 476 3806 ό
499 3742 557 3820 μὲν
580 3739 630 3808 οὖν
654 3745 738 3821 ἀγὼν
764 3746 778 3809 ὁ
802 3747 904 3826 παρὼν
921 3746 955 3811 οὐ
980 3742 1218 3827 ςεφαννφόρος,
1240 3745 1319 3811 ἀλλ’

123 3851 151 3914 εί
181 3848 244 3931 χρὴ
275 3846 369 3925 μηδὲν
400 3846 595 3924 οίδικνίσοιντα
622 3851 678 3926 τίιν
703 3851 793 3916 πόλιν
817 3851 893 3916 δέκα
924 3849 978 3927 ἔτι
1003 3851 1146 3935 Φεόνειν.
1195 3849 1319 3917 Isocra·

124 3962 174 4023 tes
198 3952 281 4020 xvl.
307 3958 361 4020 46.
395 3954 505 4020 καὶτὸ
527 3955 584 4032 μὲν
609 3955 761 4036 ἔγκλνμοί
784 3959 829 4027 ἒςι
854 3956 921 4038 περί
945 3957 1137 4040 χρημάτων,
1166 3954 1320 4039 οίγοινίζο·

124 4084 203 4141 μαι,
228 4062 255 4127 δ’
279 4061 305 4126 εί
324 4062 386 4144 χρὴ
405 4063 550 4138 μετεῖναί
576 4087 627 4140 μοι
648 4071 703 4139 τῆς
731 4062 861 4137 πόλεως.
908 4062 957 4128 Ex
981 4062 1033 4130 his
1066 4061 1160 4129 facile
1181 4069 1233 4129 est
1260 4060 1322 4131 de-

126 4164 323 4252 prehendere
356 4164 501 4233 fraudem
533 4167 566 4231 in
596 4164 713 4256 Lysiae
738 4167 965 4236 Orat.xv111.
1001 4177 1029 4234 l.
1064 4172 1098 4235 od
1129 4168 1193 4252 γοὶο
1225 4168 1319 4248 μόνον

124 4272 271 4352 περὶτῆς
303 4275 408 4347 οὐσίας
439 4272 653 4353 ἀγωνιζόμεθα
680 4276 770 4342 οίλλόι
800 4276 852 4340 καί
885 4274 969 4360 [περὶ
999 4285 1054 4353 τῆς
1083 4273 1265 4359 πολιτείας]
1291 4278 1319 4341 εί
