2940 5010
660 299 663 305 ·
701 264 768 326 490

143 441 350 517 πωλήσειν
372 437 417 504 ἐσι
431 437 514 517 ὑμᾶς
536 436 633 519 φησίν
652 434 753 519 όίσπερ
765 437 797 502 ἐν
808 436 981 522 Βυζαντίῳ,
1005 447 1037 505 et
1056 439 1105 505 sic
1121 440 1245 527 passim
1260 457 1333 507 cani

144 547 303 614 rationem
327 551 475 611 constare
498 543 633 610 videbis.

190 649 278 718 ldem
298 668 390 717 error
412 649 608 716 commissus
630 656 679 715 est
699 649 732 715 in
756 653 774 735 ᾗ
799 650 852 714 bb.
877 649 1123 732 ὑπισχνούμενοι
1142 652 1170 718 εί
1189 648 1335 733 ἄγοιμι

144 759 179 826 σό
199 755 363 839 ςριίσενμα
386 755 460 837 πρός
479 755 538 833 σέ,
560 753 671 821 πόλλα
694 753 729 821 τέ
753 777 788 818 σε
810 754 895 839 φίλῳ
918 779 970 833 μοι
993 758 1164 838 χρήσεσίαι
1186 758 1256 825 ιιι-ἐ.
1281 755 1338 825 ubi

145 865 287 932 aoristus
314 860 473 941 σίγιίγσιμι
497 857 717 927 restituendus
739 867 809 938 est,
831 880 983 947 compara
1005 867 1023 945 ρ’
1043 864 1099 928 24.
1124 861 1340 946 ὑπισχνούμε·

146 969 194 1045 νόι
217 992 268 1048 μοι
292 967 318 1032 εί
342 971 449 1033 ταῦτα
479 965 689 1048 προίξαιμι
717 961 752 1032 εὖ
776 966 936 1044 ποιήσειν,
961 975 993 1034 et
1017 965 1093 1034 alibi
1114 966 1249 1054 passim.

202 1073 319 1140 Contra
350 1070 498 1138 futurum
530 1090 589 1158 pro
621 1071 783 1158 praesenti
817 1071 933 1137 vitiose
965 1070 1085 1158 legitur
1112 1071 1181 1140 vn.
1207 1092 1256 1140 ιιι.
1283 1077 1338 1140 10.

148 1180 248 1247 όπόσα
271 1179 298 1244 δ’
325 1177 364 1244 όιν
392 1177 563 1253 σόλίσκησαι
594 1175 741 1255 σίξιιόσω
772 1175 867 1250 αὐτὸς
890 1174 997 1258 ἐχειν,
1029 1177 1083 1245 ubi
1111 1176 1189 1256 ἐξιῶ
1217 1176 1343 1247 dixisse

136 1303 275 1370 regern,
299 1302 363 1348 non
384 1280 525 1361 ἀξιώσω,
550 1282 756 1369 perspicuum
778 1288 838 1347 est.
871 1279 1036 1368 Quidquid
1057 1294 1143 1352 esset
1155 1283 1239 1351 bello
1263 1303 1342 1372 cap·

146 1397 216 1455 tum
239 1397 276 1455 ut
299 1385 395 1454 adse
423 1386 584 1454 referatur
609 1407 697 1454 nunc
725 1389 866 1453 maxime
884 1387 1042 1473 postolat,
1066 1408 1169 1476 quum
1195 1387 1238 1457 de
1259 1409 1340 1456 non·

146 1491 323 1560 ditionibus
350 1493 439 1578 agit,
470 1491 588 1580 quibus
612 1491 744 1558 Graecis
773 1492 816 1557 sit
848 1491 1045 1579 stipendium
1076 1492 1225 1561 daturus.
1274 1494 1342 1563 Re·

145 1600 291 1666 ctissime
312 1606 420 1665 autem
441 1600 474 1664 in
497 1597 610 1665 vicinis
634 1596 745 1663 intura
764 1596 939 1682 leguntur,
965 1596 1019 1662 ubi
1043 1609 1100 1665 ant
1124 1599 1218 1665 novis
1238 1600 1341 1667 suciis

146 1702 317 1792 pollicetur
347 1700 467 1789 aliquid
492 1711 510 1792 ρ
533 1709 585 1771 10.
608 1705 730 1783 τιμήσω
753 1739 799 1754 -
822 1700 930 1779 ἕξετε,
955 1712 1011 1769 aut
1037 1702 1197 1791 quomodo
1222 1724 1341 1773 eorum

145 1829 242 1898 opera
268 1828 388 1876 usurus
415 1811 457 1875 sib
479 1807 621 1875 declarat
647 1814 739 1896 511.
764 1808 975 1890 πειρασόμεθα
999 1815 1032 1874 et
1063 1812 1157 1894 512.
1181 1808 1340 1888 ἐξιῶσειο.

137 1917 231 1984 Haec
263 1916 333 2003 ipsa
357 1913 480 1980 scribas
508 1914 683 1980 oscitantes
708 1913 907 2000 impulerunt
932 1923 967 1979 ut
1001 1933 1058 2002 pro
1077 1911 1154 1990 ιίξιῶ
1185 1912 1341 1985 futurum

146 2020 264 2100 σίξιιίσω
290 2019 535 2086 substituerent.

193 2128 229 2193 ln
253 2125 337 2207 514.
362 2124 391 2191 εί
410 2148 458 2197 τις
486 2123 644 2202 ἀντιλέγει
666 2125 807 2205 λεγέτω,
827 2127 853 2192 εί
877 2125 909 2191 δὲ
931 2126 999 2204 μή,
1020 2124 1241 2209 ίπιψηφιζέσω
1261 2133 1342 2195 παῦ·

144 2259 198 2301 πα.
245 2230 393 2299 Ridicula
418 2229 514 2296 lectio
535 2242 584 2296 est
608 2229 843 2314 ἐπιψηφιζίτω,
875 2231 968 2316 quasi
998 2250 1073 2297 vero
1103 2231 1240 2318 quilibet
1272 2234 1340 2300 ἐπι-

145 2337 315 2422 ψηφίζειν,
346 2337 380 2401 ιἰι
403 2335 594 2422 seffrupium
623 2335 767 2414 mittere,
798 2336 964 2421 potuisset.
1013 2335 1119 2423 Ipsius
1142 2336 1341 2424 Xenophon·

146 2445 190 2509 tis
214 2442 274 2508 boc
297 2448 387 2518 erat,
419 2439 516 2527 idque
543 2459 577 2505 se
598 2438 761 2505 iacturum
784 2440 864 2507 dicit
889 2443 916 2506 si
941 2461 1034 2509 nerno
1059 2441 1340 2511 contradiceret:

146 2550 172 2615 εί
196 2547 229 2615 δὲ
252 2550 319 2626 μή,
351 2547 553 2627 ἐπιψηφιῶ
577 2545 650 2623 ἐγὼ
674 2550 802 2624 ταῦτα,
828 2555 925 2632 atque
959 2547 1003 2612 ita
1027 2545 1148 2612 iactum
1173 2556 1245 2614 est:
1270 2549 1339 2617 ἐπεί

147 2655 179 2720 δὲ
202 2652 298 2726 οὐδεὶς
320 2652 490 2729 οίντέλεγεν
514 2651 751 2732 ἐπεψήφισε
774 2650 826 2716 καί
852 2651 934 2727 ἔδοξε
954 2658 1071 2719 ταῦτα.
1117 2651 1280 2740 Compara
1303 2654 1338 2721 V.

148 2780 171 2826 ι.
197 2763 249 2825 14.
281 2760 296 2823 ό
326 2758 358 2824 δέ
384 2754 585 2846 (Xenophon)
610 2793 654 2803 -
679 2756 858 2839 ἐπεψήφισε
883 2758 941 2836 μὲν
973 2758 1075 2835 οὐδέν,
1100 2765 1132 2823 et
1156 2758 1195 2825 V.
1216 2778 1260 2827 vl.
1286 2766 1337 2829 et.

149 2863 289 2943 ἔγνωσαν
312 2860 358 2929 ότι
381 2898 428 2913 --
452 2866 589 2943 Ξενοφῶν
612 2860 705 2935 αὐτὸς
735 2861 939 2943 ἐπεψηφικὼς
971 2865 1028 2939 είη.
1075 2862 1198 2931 Deinde
1226 2885 1337 2952 prono·

149 2989 225 3037 men
247 2974 355 3036 ταῦτα
376 2966 460 3034 male
483 2964 651 3032 abundans
674 2974 707 3031 et
730 2966 865 3032 auribus
897 2967 1162 3034 molestissimum
1193 2990 1339 3059 espurge

152 3077 186 3141 in
209 3073 336 3142 verbis:
361 3073 447 3148 εόόίις
472 3074 503 3138 δὲ
523 3070 622 3151 Σειίόη
642 3066 711 3136 εἷπε
740 3070 872 3160 [ταῦτα]
899 3071 944 3139 ότι
968 3074 1224 3154 σνςρασεόσοινπο
1244 3080 1339 3161 αὐτῷ.

198 3180 235 3247 In
256 3184 274 3266 §
297 3183 351 3244 24.
384 3178 451 3243 ἐπεί
476 3179 549 3259 παρ’
572 3177 666 3244 αὐτόν
687 3175 788 3258 φέρων
810 3178 844 3242 τὸ
868 3178 958 3258 κέρας
982 3180 997 3244 ό
1019 3178 1151 3261 οἰνοχόος
1174 3217 1222 3233 —
1242 3184 1350 3264 ήρόπιι

154 3288 207 3353 σὸν
230 3284 362 3366 οἰνοχόον
385 3284 418 3349 τί
431 3284 535 3361 λέγοι·
561 3283 575 3347 ό
599 3283 630 3348 δὲ
653 3281 785 3362 οίνοχίοα
804 3277 901 3350 εἶπεν.
948 3283 1085 3350 Multum
1109 3283 1217 3371 piacet
1237 3296 1273 3354 et
1295 3308 1362 3355 ar·

155 3391 240 3456 ridet
274 3387 457 3477 Pluygersii
481 3388 689 3463 coniectura,
721 3386 777 3471 qui
800 3385 851 3451 bis
872 3387 886 3451 ό
914 3388 1045 3470 σίνσχίσς
1069 3410 1087 3456 a
1112 3388 1222 3457 sciolis
1247 3393 1383 3460 inter·-

157 3495 299 3582 polatum
323 3513 394 3561 esse
417 3501 511 3579 putat
534 3501 566 3558 et
588 3493 694 3578 ipsum
719 3490 959 3577 Xenophontem
991 3493 1039 3560 sic
1062 3496 1253 3581 scripsisse:
1278 3493 1383 3565 ἐπέ

156 3603 230 3683 παρ’
261 3601 355 3666 αὐτόν
389 3598 523 3682 όφίρων
545 3598 581 3663 πό
605 3596 695 3678 κέρας
715 3595 803 3674 ήκεν.
836 3605 868 3663 et
899 3599 985 3678 ήρεσο
1009 3600 1061 3664 σόν
1083 3600 1218 3681 οἰνοχόον
1240 3604 1277 3670 σί
1297 3597 1383 3671 λέ

156 3731 225 3787 γσι·
257 3706 326 3772 ὅδὲ
356 3700 459 3783 εἶπεν,
490 3721 572 3788 quae
595 3707 684 3767 certe
716 3702 818 3768 multo
847 3701 995 3788 digniora
1027 3704 1238 3792 Xenophonte
1271 3724 1383 3775 sur,

156 3832 255 3901 quam
279 3810 408 3895 vulgata
431 3809 604 3896 scriptura.

202 3919 239 3985 ln
265 3922 283 4004 §
305 3921 360 3984 bt.
391 3915 490 3990 ἄλλος
522 3913 622 3981 παῖδα
643 3912 826 3993 εἰσαγαγὼν
855 3910 949 3986 οἷίσως
969 3914 1140 3998 ἐδωρήσατο
1167 3915 1383 4005 [προπίνων

158 4025 211 4092 καί
246 4022 345 4097 όλλορ
376 4021 491 4102 ίμοίτια
514 4029 553 4104 σή
586 4019 713 4097 γυναικί
724 4068 733 4097 ,
765 4020 817 4087 καί
850 4019 1014 4097 Τιμασίων
1048 4020 1214 4109 [προπίνων
1241 4016 1383 4107 keeps?

158 4131 252 4215 σασο]
276 4127 396 4211 φιοίλην
419 4151 455 4193 σε
478 4127 615 4207 όργνροῖν
636 4123 689 4189 καί
721 4124 842 4192 sexies
865 4122 958 4200 αόξίαν
989 4126 1065 4193 δέκα
1095 4133 1188 4207 μνῶν.
1235 4127 1276 4196 ln
1299 4124 1382 4196 his

157 4236 308 4319 προπίνων
332 4232 470 4299 inseruit
493 4232 602 4297 nescio
635 4229 708 4316 quis
738 4229 861 4303 οὕτως
893 4231 1064 4312 ἐδωρήσατο
1087 4231 1166 4318 quid
1190 4242 1278 4301 esset
1302 4235 1369 4301 in·

158 4347 362 4426 terpretans,
385 4334 470 4424 qnod
493 4337 670 4423 interprete
689 4355 752 4402 non
772 4334 903 4422 egebat:
928 4334 1043 4405 deinde
1062 4337 1234 4420 ἐδωρήσατο
1254 4341 1356 4407 omit·
