2940 5010
708 292 768 353 601

140 460 251 530 Simili
272 462 314 531 de
337 482 435 530 censa
458 462 618 543 προτείνων
642 460 852 547 deprevatum
877 469 927 528 est
940 464 971 527 iu
985 472 1251 531 ΠΡΟΤΕΙΜΩΝ
1264 516 1272 542 ,
1298 458 1330 531 id

140 576 194 635 cst
215 576 387 649 προτιμῶν,
411 567 496 655 apud
519 566 707 653 Euripidem
734 568 765 631 in
791 566 968 633 Heraclidis
994 589 1038 633 vs.
1059 573 1114 634 tl.

188 672 281 755 Quod
301 673 422 759 legitur
441 674 474 738 in
497 671 666 741 Decuncm.
693 671 793 737 XVII.
820 677 851 738 9.
872 676 914 755 τῷ
937 676 995 754 μὲν
1018 673 1084 755 οἴνῳ
1106 678 1149 758 πῷ
1173 679 1330 761 ἰσχυροτέ-

141 788 301 863 ρφπνιεῖον
323 780 481 860 ἐπιχεῖν
503 777 596 859 ὕδωρ,
614 778 734 863 optime
753 776 899 845 adhiberi
921 788 1025 865 petest
1043 779 1082 845 ad
1094 781 1332 848 emendandum

143 882 267 972 Diphili
298 883 517 969 fragmentum
543 885 574 948 in
608 882 695 948 Stoh.
732 881 842 951 nlorit.
867 882 944 949 CIV.
970 888 1021 949 16.
1068 885 1189 973 Nenrpe
1211 889 1237 952 oi
1259 889 1332 952 oino-

142 988 214 1073 χθοι
237 990 289 1056 rin
312 986 386 1055 οἶνον
410 990 664 1070 θποχέοννπει
688 986 759 1054 εἷπον
786 989 821 1053 πὸ
845 987 919 1072 ὕδωρ
951 992 1203 1074 ἐπιχέουσιν,
1236 989 1334 1077 idque

142 1092 321 1161 discrimen
354 1092 525 1160 verborum
555 1096 684 1178 ὑποχεῖν
715 1103 747 1159 et
773 1095 897 1177 ἐπιχεῖν
918 1116 956 1163 ex
981 1096 1050 1182 ipsa
1073 1105 1189 1162 notura
1211 1098 1259 1163 rei
1282 1116 1333 1162 or-

144 1206 218 1266 lunr
247 1207 374 1266 eertum
407 1207 439 1265 et
470 1208 662 1287 perpetuum
691 1206 749 1265 est.
797 1198 955 1266 Dicebant
981 1202 1083 1287 igitur
1111 1202 1262 1267 convivae
1293 1202 1334 1268 ad

142 1305 351 1391 pincernam:
375 1307 436 1388 οὐχ
460 1307 604 1388 cinomia:
625 1305 697 1386 οὐχ)
721 1305 838 1370 >dieue
861 1305 989 1379 κυοθθονς
1018 1308 1165 1387 enemim
1189 1306 1274 1393 qued
1300 1308 1334 1372 in

144 1408 362 1497 prioreparte
382 1408 512 1497 Sephilo
537 1408 754 1488 reddidimus,
779 1419 964 1498 comparato
989 1411 1196 1479 lienendreo:

327 1517 429 1581 Ὀνιπώ
451 1541 498 1591 πις
521 1518 685 1596 ὑποχεῖν
707 1516 828 1594 οθνεβθοο
851 1516 903 1582 uei
924 1516 1040 1583 δώδεκοι

324 1620 465 1695 ιιυιθθονς.

140 1724 229 1815 quod
251 1727 307 1811 qui
331 1724 409 1791 lecit
430 1727 624 1805 θνιοχέοιοθιοι
649 1726 787 1800 dieitur,
813 1724 899 1809 qued
923 1724 1057 1810 pulchre
1087 1727 1234 1793 restituit
1257 1727 1332 1794 Diu-

141 1828 268 1899 dorius
290 1828 419 1916 Diphilo
439 1828 525 1917 apud
545 1828 661 1896 Athen.
687 1834 808 1917 pilli.
830 1830 874 1906 h,
897 1829 951 1895 uhi
972 1829 1076 1897 Codex
1097 1832 1281 1899 Marcianus
1301 1816 1351 1900 et

143 1933 331 2027 apographa
363 1934 426 2001 ἕνθ’
456 1934 703 2016 ὑποσχέσθαι
732 1936 879 2009 πλείονος
912 1934 1075 2002 exhibent.
1133 1939 1212 2019 Quis
1246 1958 1334 2004 nune

141 2062 210 2113 nun
233 2042 346 2109 stetim
368 2038 581 2127 deprehendit
601 2041 716 2106 vitium
743 2041 774 2106 in
798 2039 867 2107 loco
890 2038 1011 2127 Diphili
1042 2040 1127 2128 apud
1160 2042 1333 2110 Slohaeum

327 2250 427 2333 ὥσπερ
449 2252 621 2333 κνοιθι’ζουν’
644 2251 728 2318 tolet·
750 2254 824 2331 ἡμῖν
847 2253 865 2326 ἦ
889 2251 974 2332 πθχν

328 2354 359 2423 ἓν
380 2359 498 2436 cipalis
519 2358 582 2424 ἐπι
591 2357 725 2439 χὲοοσοι
747 2359 805 2438 spi
826 2359 980 2422 ἐπαντλεῖ
1001 2358 1096 2425 κοινοὶ.

144 2465 277 2553 etquis
304 2461 432 2529 dubitat
462 2465 541 2549 quin
571 2464 737 2544 ὑποχὲοοοο
768 2463 812 2528 sit
841 2462 1101 2530 restituendum?
1149 2463 1255 2544 Quod·
1273 2466 1335 2532 nisi

145 2569 351 2644 restitueris,
376 2588 438 2633 non
463 2567 567 2633 solum
589 2568 676 2654 lepos
697 2575 729 2633 et
743 2575 894 2634 venustas
914 2568 993 2635 dicti
1019 2567 1152 2656 peribit,
1170 2569 1226 2635 sed
1238 2590 1337 2637 sensu

145 2694 250 2746 necne
273 2675 433 2741 sententia
456 2674 529 2740 erit.
576 2681 727 2755 ’Τποχεῑν
749 2693 786 2739 eo
810 2694 908 2740 sensu
941 2673 1026 2760 apud
1056 2673 1229 2741 Graeculos
1259 2673 1337 2741 olim

144 2780 270 2851 obierat
302 2781 334 2847 iu
366 2777 630 2858 desuetudinem,
654 2780 763 2865 itaque
793 2780 918 2860 ἐπιχεῖν
949 2778 1154 2846 substituunt
1177 2778 1263 2865 qtrod
1288 2788 1338 2845 tu·

142 2886 227 2955 leret
247 2894 397 2952 aetutem.

191 2992 334 3059 Transeo
355 3009 442 3056 nunc
466 2990 506 3056 ad
530 2987 750 3074 Xenophontis
781 2987 1009 3077 symposium,
1036 2990 1068 3053 in
1094 3009 1157 3075 quo
1178 2987 1337 3075 lepidissi-

143 3116 199 3165 me
219 3094 304 3162 libro
328 3094 481 3182 pauculos
504 3093 662 3180 quosdam
684 3093 770 3160 locos
793 3093 876 3161 niele
901 3093 1027 3160 habitos
1049 3095 1080 3159 in
1102 3096 1265 3179 integrum
1289 3113 1337 3160 re·

143 3203 283 3272 stituere
303 3199 453 3267 ecnaltor.

192 3308 231 3377 in
255 3308 325 3394 ipso
347 3306 459 3372 limine
485 3304 660 3371 turbarunt
691 3303 782 3371 scioli
814 3306 892 3386 ἕρνοι
921 3304 960 3370 de
990 3325 1049 3371 suo
1077 3308 1255 3373 inserentes
1278 3314 1337 3372 πῶν

145 3420 251 3483 unce
268 3412 413 3489 κοθνοιθῶν
433 3414 544 3492 ἀνδρῶν
562 3408 670 3495 [ἔργον]
690 3410 734 3475 τοὶ
750 3412 835 3488 μεποὶ
854 3414 987 3487 σπονδῆς
1007 3411 1227 3492 προοππθμενοι,
1251 3410 1337 3496 qued

143 3516 299 3587 umultis
316 3516 506 3582 damnatum
527 3516 669 3581 norrdum
690 3534 708 3580 a
726 3535 886 3601 quoquam
908 3514 1040 3582 Dditore
1061 3527 1258 3603 expunctum
1278 3528 1336 3584 est.

143 3624 249 3693 Locus
271 3630 321 3689 est
344 3639 363 3686 n
387 3620 499 3685 mullis
520 3617 689 3692 laudatus,
717 3640 796 3703 quos
821 3620 976 3687 indicavit
1000 3621 1273 3710 Wytlenbnchius
1296 3622 1337 3688 ad

143 3728 286 3816 Dunnpii
319 3726 518 3813 prooemium
542 3724 581 3789 de
603 3724 676 3787 vitis
707 3724 944 3807 soph—istorum,
975 3727 1030 3793 uhi
1060 3727 1218 3793 liltrorum
1249 3728 1335 3794 laeu-

143 3854 222 3905 nnm
246 3830 451 3899 ntaniieslam
479 3851 540 3896 non
565 3832 644 3896 selis
667 3838 754 3897 reete
774 3851 825 3895 me
848 3831 953 3898 iudice
974 3835 1023 3898 vir
1047 3834 1161 3899 doetus
1184 3833 1334 3920 explevit.

143 3942 181 4011 ln
205 3938 300 4007 libris
324 3946 391 4005 est:
418 3942 528 4016 θχοῦν
552 3937 658 4016 μέχοις
679 3934 879 4016 Ἀλέξανδρος
902 3942 955 4004 οὐκ
979 3939 1018 4005 θον
1037 3940 1160 4017 ἐγένετο
1178 3940 1283 4019 μένοις
1308 3943 1334 4007 εἰ

142 4050 190 4129 μὴ
214 4051 353 4129 Ξενοφῶν
372 4044 424 4109 uoti
444 4044 487 4109 πθο
510 4042 654 4123 πάρεργά
674 4049 753 4123 φησι
777 4045 838 4108 δεῖν
857 4050 916 4107 τῶν
935 4046 1105 4110 σπουδαίων
1128 4047 1239 4126 ἀνδρῶν
1258 4048 1336 4112 cina·

143 4150 294 4237 γρθφειν.
340 4149 497 4235 Equidem
520 4150 567 4214 sic
591 4147 800 4233 expleverim:
834 4151 859 4214 εἱ
888 4150 932 4227 μὶν
955 4156 1093 4231 Ξενοφῶν
1124 4151 1230 4229 (οοθτὸν
1254 4149 1335 4225 ὅπως

143 4260 208 4341 χρὴ
240 4260 328 4323 ννκῖον
355 4256 427 4328 ποὺς
453 4254 632 4335 βαρβάρους
665 4252 811 4328 ἕδιθοιξεν.
860 4250 960 4327 Οὗτος
985 4252 1033 4319 οὖν
1056 4256 1082 4339 θ)
1115 4263 1254 4339 Ξενοφῶν
1280 4260 1333 4323 κοιὶ

143 4366 190 4433 noi
211 4360 357 4446 ποθρερχοι
381 4362 448 4425 κτέ.
498 4358 551 4424 Sic
577 4360 662 4425 enim
689 4358 824 4442 intelligi
853 4366 955 4444 potest
980 4379 1039 4424 cut·
1062 4380 1100 4426 ea
1124 4361 1219 4428 verim
1253 4365 1335 4429 enci-

1089 4473 1114 4509 lc
