2940 5010
773 268 838 331 576

208 452 278 510 tum
305 460 401 528 quani
425 448 551 506 certum
575 448 624 508 est
643 440 722 507 adeo
747 448 783 506 ut
800 440 929 526 vulgata
950 439 1045 508 lectio
1063 440 1221 511 librorum
1245 445 1398 512 omnium

208 556 334 613 moveat
359 543 612 631 intelligentibus
634 545 749 611 risum.
796 546 939 631 Apparet
958 555 1068 613 autem
1090 543 1136 614 θ’τι
1158 550 1213 616 τδν
1239 548 1399 628 Kanath-

208 679 256 721 νον
279 650 459 735 ἐγράψαντο
482 651 667 732 παρανθμοον
690 658 723 717 el
755 650 924 717 verissime
947 650 980 716 in
1011 672 1082 739 sqq.
1112 652 1323 723 emendatum
1348 663 1400 722 ool

208 760 265 827 ἐὰν
286 759 332 837 μὴ
353 757 459 839 οέφῶσι
482 755 539 831 τὴν
569 762 705 830 κλῆσιν
729 776 787 843 pro
810 755 939 842 vulgata
968 757 1024 833 rin
1055 758 1247 839 ἐκκλησίαν,
1269 762 1337 827 κίον’
1356 760 1402 827 ab

207 863 401 931 accusatione
419 860 588 940 desistunt,
613 860 644 927 id
668 861 753 948 quod
779 862 881 928 coacti
905 860 1050 928 lecerunt
1073 861 1127 929 eol
1150 864 1399 945 ἠναγκάσθησαν

208 969 337 1054 ἐφιέναι
362 967 422 1040 τοὶς
451 966 637 1045 κλήσεις,
661 968 832 1034 utstatim
858 964 1025 1034 emendate
1057 966 1208 1036 inlibris
1232 972 1399 1059 scriplum

209 1083 268 1143 est.
315 1072 424 1159 Neque
448 1071 513 1139 ulla
536 1081 640 1160 potest
671 1092 741 1140 esse
775 1070 956 1150 dubitatio,
987 1073 1066 1159 quin
1089 1084 1297 1156 προσκαλοῖτο
1319 1094 1400 1143 vera

211 1183 374 1267 scriptura
408 1177 451 1243 sil
481 1176 616 1244 Vtin.
649 1184 703 1246 58.
738 1180 764 1245 εἰ
800 1180 831 1245 δέ
866 1178 922 1244 καί
954 1202 1035 1251 τινες
1069 1179 1252 1264 ἐπαιτιῷντο
1286 1179 1402 1261 έλεγυν

210 1286 467 1365 ἐπαγγέλλοντες
496 1281 543 1349 ὅτι
568 1286 585 1359 οἱ
617 1283 795 1351 Μαντινέων
828 1283 919 1356 πθλις
951 1284 1093 1367 ἐγγυῷτο
1116 1283 1136 1363 ἦ
1158 1287 1222 1365 μὴν
1249 1284 1400 1369 παρέξειν

211 1396 253 1467 εἷς
274 1395 309 1458 τὸ
322 1392 416 1457 κοινὸν
439 1388 566 1463 ὁπόσους
584 1413 632 1465 τις
655 1396 961 1471 προσκαλοῖτο,
985 1386 1018 1454 id
1041 1398 1092 1455 est
1110 1410 1181 1456 rcoe
1199 1389 1399 1477 dopotocroh

211 1496 251 1564 ad
275 1515 406 1563 causam
423 1492 592 1560 dicendam
616 1495 649 1559 in
670 1492 827 1561 iudicium
849 1491 966 1560 adduci
987 1492 1091 1561 vellet.
1137 1493 1310 1563 (laetorum
1335 1515 1400 1563 non

211 1601 430 1684 προκαλεῖσθαι
453 1599 542 1672 δίκας
566 1599 600 1664 in
623 1598 680 1664 tali
706 1598 828 1666 rodini
852 1597 906 1666 sed
930 1600 974 1673 εἷς
998 1600 1086 1674 δίκας
1117 1598 1327 1690 Thucydides
1345 1598 1400 1667 do·

213 1728 288 1775 cere
310 1706 428 1794 poterit
450 1704 519 1770 Vll.
546 1709 598 1771 18.
630 1705 675 1770 ita
706 1704 871 1771 scribens:
900 1706 932 1779 ἐς
957 1706 1044 1778 δίκας
1066 1706 1324 1787 προκαλουμένων
1341 1712 1404 1773 τῶν

212 1812 464 1891 Λακεδαιμονίαν
494 1812 548 1877 οὐκ
578 1812 682 1888 ἤθελον
706 1811 889 1891 ἐπιτρέπειν.
935 1809 994 1876 nst
1027 1811 1060 1876 in
1085 1809 1311 1898 Xenophontis
1333 1808 1405 1878 loon

212 1916 299 1986 alind
323 1922 490 2003 praeterea
514 1916 648 1994 vitium,
677 1935 816 2003 namque
844 1913 1050 1982 scribendum
1083 1918 1108 1982 εἰ
1133 1917 1165 1983 δὲ
1195 1916 1251 1983 καθ
1282 1940 1402 1990 τινας

212 2025 416 2105 ἐπαιτιῷντο,
440 2041 502 2087 non
526 2022 625 2099 τινές,
649 2041 686 2087 ac
710 2020 803 2108 plane
823 2020 967 2087 eiusdem
990 2022 1159 2109 potestatis
1180 2028 1259 2087 sunl
1282 2020 1318 2087 in
1342 2020 1402 2089 tali

213 2151 247 2196 re
279 2130 481 2195 ἐπαιτιῖιοθαι
503 2135 536 2194 et
567 2128 806 2208 προσκαλεῖσθαι
837 2133 1027 2213 poteratque
1057 2125 1233 2215 Xenophon
1264 2126 1405 2214 perinde

214 2235 295 2301 hene
327 2233 469 2299 scribere
501 2234 527 2298 εἶ
555 2233 588 2299 δέ
615 2234 670 2300 καθ
697 2256 785 2307 τινας
820 2239 1097 2314 προσκαλοῒντο
1134 2240 1168 2298 et
1197 2232 1329 2308 θπθσουσ
1355 2257 1407 2308 τις

215 2340 447 2419 ἐπαισιῷτο.
495 2335 611 2403 Contra
635 2339 854 2418 προκαλεῖσθαι
869 2357 1058 2425 provocare,
1080 2336 1231 2414 inuitum,
1254 2337 1405 2405 conditio·

214 2466 286 2509 nem
315 2447 402 2530 forre
427 2440 589 2528 significat
621 2442 790 2508 notissimo
820 2442 1055 2529 tritissimoque
1077 2461 1151 2507 usu.
1198 2440 1302 2529 Saepe
1323 2442 1404 2511 diei-

218 2558 272 2615 tur
293 2547 426 2622 ciuitas‚
450 2565 532 2633 quae
553 2547 624 2612 inre
645 2548 753 2633 potins
773 2567 870 2635 quam
888 2546 970 2613 hello
990 2546 1227 2613 controversias
1247 2545 1406 2615 dirimere

215 2653 348 2740 cupiat,
371 2670 454 2738 quae
478 2652 549 2716 iure
571 2654 662 2738 prius
683 2651 862 2739 disceptare
885 2672 983 2738 quam
1012 2647 1133 2719 hellum
1155 2653 1266 2719 statim
1289 2672 1406 2740 gerere

217 2758 310 2824 malit
345 2758 565 2837 προκαλεῖσθαι
598 2755 637 2822 ad
673 2755 706 2822 id
738 2755 920 2823 laciendum
957 2756 1177 2835 aduersarios,
1211 2757 1268 2844 qui
1300 2778 1406 2846 quum

217 2861 432 2929 conditionem
463 2861 625 2948 accipiunt
648 2863 735 2937 δίκας
759 2863 871 2929 διδόναι
900 2862 1067 2929 dicuntur.
1112 2860 1271 2948 Legitima
1294 2872 1329 2930 et
1352 2884 1407 2931 so·

218 2967 338 3035 lemnia
360 2965 438 3033 haec
461 2965 558 3032 verba
586 2973 664 3033 sunt
687 2968 720 3032 in
744 2986 780 3034 ea
804 2968 1108 3046 retinaculorum,
1139 2986 1222 3053 qnae
1243 2986 1341 3055 saepe
1365 2967 1410 3037 le-

218 3082 342 3160 guntur
372 3071 456 3159 apud
491 3071 712 3160 Thucydidem
746 3093 776 3139 ι.
801 3093 829 3138 c.
855 3072 878 3138 l.
903 3076 957 3139 28.
988 3073 1077 3146 διὀιαι
1109 3074 1214 3149 ι’ρθελον
1243 3072 1350 3141 δοῦναι
1373 3084 1409 3143 ut

218 3182 244 3247 Ι.
270 3185 325 3246 85.
356 3179 483 3256 crotone
508 3175 600 3245 θντοον
622 3177 710 3253 δθκαο
729 3180 830 3246 δοῦναι
853 3186 884 3244 ct
910 3178 933 3244 l.
963 3182 1037 3244 144.
1061 3178 1149 3252 δίκας
1169 3177 1315 3258 ἐθέλομεν
1338 3180 1408 3248 δοῦ-

219 3310 266 3353 ναι
291 3285 378 3352 κατὰ
400 3284 460 3357 τοὶς
484 3284 645 3357 συνθήκας.
692 3282 775 3350 Hinc
795 3283 946 3357 δασιδικοο
971 3291 1084 3348 nalum
1108 3289 1175 3360 cst,
1198 3281 1286 3368 quotl
1308 3284 1409 3353 Gne·

220 3389 284 3455 cuti
310 3391 342 3455 in
368 3387 504 3454 formam
535 3388 679 3462 δοοίδικος
703 3387 921 3475 depravarunt
944 3396 977 3454 et
1000 3386 1077 3453 alibi
1100 3394 1132 3455 et
1154 3386 1240 3474 apud
1263 3387 1408 3459 llerodo·

218 3504 287 3560 tum
313 3493 365 3558 Vl.
391 3496 444 3557 ln.

264 3597 330 3663 lloc
354 3598 460 3684 ipsum
484 3597 586 3682 igitur
607 3605 718 3664 narrat
740 3597 915 3684 Xenophon
938 3597 1096 3665 Phliasios
1116 3596 1244 3664 iecisse:
1268 3595 1310 3666 de
1333 3600 1407 3669 nri·

217 3722 335 3770 carano
356 3701 503 3769 volebant
526 3721 601 3768 cum
621 3702 751 3789 Argivis
779 3702 850 3768 iure
870 3701 1059 3790 disceptare,
1083 3711 1118 3769 at
1136 3702 1184 3769 illi
1207 3702 1408 3775 noluerunt:

220 3810 329 3897 itaque
359 3806 566 3874 scribendum
597 3809 649 3874 καὶ
685 3809 771 3880 δι’και
794 3808 1048 3890 προκαλουμένου
1078 3815 1138 3876 τῶν
1166 3811 1324 3880 Φλιοσθνν
1350 3815 1409 3881 orie

218 3915 353 3983 ἐδίδοσαν
375 3931 457 4000 quae
481 3913 530 3979 sio
553 3913 776 3999 coniungenda
797 3923 830 3981 et
849 3913 1035 4002 accipienda
1058 3924 1136 3981 sunt
1154 3914 1206 3982 καὶ
1225 3920 1288 3981 τῶν
1307 3926 1409 3986 Φλια-

217 4021 288 4084 σίων
309 4018 562 4098 προκαλουμένων
591 4022 645 4086 οὐκ
667 4021 771 4096 ἤθελον
794 4021 881 4095 δίκας
905 4022 1016 4087 δοῦναι.
1064 4019 1178 4087 Nullus
1201 4030 1249 4089 osl
1275 4020 1330 4089 hio
1352 4046 1406 4093 no·

218 4122 368 4190 causationi
392 4123 444 4211 (cp
467 4125 668 4209 προσκλήσει)
691 4124 801 4192 locus:
826 4133 896 4193 erat
919 4125 1133 4193 Phliasiorum
1158 4146 1261 4215 aequa
1281 4136 1316 4197 et
1340 4129 1410 4199 ins·

118 4260 120 4265 ⁴
217 4229 710 4317 tarrodeanor;‚quan1hrgiri
735 4239 1022 4319 nonacceperunt.
1059 4231 1218 4298 Vitiosum
1241 4240 1292 4301 est
1312 4238 1407 4317 προῦ·

220 4335 405 4417 καλεσθμιιν
428 4337 461 4402 in
485 4335 627 4403 Platonis
658 4335 861 4427 liuthydcmo
892 4359 921 4426 p.
947 4343 1010 4406 ont
1036 4338 1070 4404 B.
1094 4338 1185 4419 μέλις
1210 4340 1294 4420 ὑμᾶς
1315 4346 1409 4424 ruo·
