2940 5010
147 126 229 211 ἔφη,
251 122 274 191 ὦ
296 123 423 206 άνδρες,
448 128 499 189 νῦν
521 124 579 203 μὲν
600 124 790 201 διαλυθῆναι.
816 122 870 191 uhi
891 122 952 206 άρα
977 126 1010 191 in
1035 122 1099 207 άρα
1120 122 1305 213 depravatos

145 242 196 299 est
225 237 389 298 eorreotor
418 228 520 309 καιρός
554 227 689 296 addidit.
735 229 772 297 lo
804 228 943 298 noahasi
965 229 1002 295 V.
1028 251 1081 299 vn.
1106 236 1139 299 t.
1169 234 1308 319 egregiam

146 334 365 423 Xenophontis
392 334 569 401 orationem
595 333 681 402 idem
704 353 808 421 genus
837 335 946 403 mendi
976 336 1149 423 inprinat:
1173 338 1308 406 άιιιύσεει

144 440 194 509 οὖν
216 465 298 521 μου,
321 441 394 523 πρὸς
417 441 509 516 droia,
542 440 669 526 inqttit,
703 441 755 507 καῖ
780 441 835 508 ἐάν
856 443 916 522 μὲν
945 442 1007 522 ἐγὼ
1030 444 1195 525 Φαῖνωμιιι
1215 444 1311 511 άδιεεῖν
1361 448 1363 471 “

143 552 178 616 οὐ
205 549 269 630 χρὴ
295 570 337 626 με
365 545 477 611 ἐνδένδε
507 547 655 612 άπελύεῖν
686 546 755 629 πρῖν
777 547 817 613 άν
841 548 880 615 διῖι
903 548 1009 623 δίκην·
1032 548 1088 615 ἐάν
1108 550 1142 617 δδ
1165 551 1237 631 ύμῖν
1254 548 1311 633 φεύ·

142 676 251 719 νωνται
283 652 399 717 άδικεῖν
429 653 455 717 οἱ
484 652 541 731 ἐμὲ
570 651 797 729 διαβάλλοντες
827 651 922 727 οὕτως
945 656 1052 727 αὐτοῖς
1080 656 1198 736 χρῆσθε
1228 652 1310 733 άπερ

142 755 239 836 ἄξιον.
285 755 342 822 Vel
371 757 463 843 pueri
490 756 598 822 seiont
620 756 698 842 qnid
722 758 850 824 intersit
874 758 959 824 inter
979 759 1136 841 φιιῖνιμιιι
1159 760 1311 827 ιῖδιιιιῖιοῖ

142 865 297 947 φαίνομαι
320 863 440 927 ἀδικῶν.
465 860 542 945 quid
565 867 673 928 autem
695 860 837 949 proderit
860 862 1043 929 innocentia
1066 866 1093 929 sl
1114 884 1234 951 menas
1250 864 1311 931 dno

143 966 301 1055 oportebit
331 962 362 1041 ὃς
386 965 425 1032 lto
453 967 605 1048 φαίνηται
630 968 772 1043 ιῖδιιιεῖνς
797 968 1019 1054 unusquisqne
1039 968 1128 1037 videt
1150 970 1309 1056 genuinae

143 1092 212 1139 esse
234 1072 288 1138 ε’άν
311 1072 369 1151 μὲν
392 1073 452 1151 ἐγὼ
475 1072 637 1155 φαίνωμαι
668 1073 802 1149 άδιιιῶν,
828 1081 863 1139 ul
886 1073 1064 1141 sexcenties
1089 1076 1123 1141 ln
1144 1094 1183 1142 ee
1205 1094 1241 1143 re
1261 1074 1310 1143 diti

142 1177 242 1255 solet,
266 1186 298 1244 et
322 1178 437 1264 opponi
460 1178 570 1244 ἐὰνδὲ
594 1180 620 1243 οῖ
646 1178 703 1257 ἐμὲ
720 1178 968 1257 διαβάλλοντες,
990 1178 1116 1247 abieoto
1139 1180 1309 1249 emhlemtte

143 1287 217 1364 ὑμῖν
239 1284 410 1366 φαίνωνται
433 1283 571 1356 ἀδικεῖν,
597 1281 682 1368 quod
710 1283 809 1350 etiam
833 1283 862 1349 si
886 1282 966 1350 hene
986 1284 1107 1353 Graeea
1130 1286 1235 1353 oratio
1250 1284 1310 1353 lois·

142 1399 191 1455 set
213 1399 280 1456 tam
312 1386 471 1454 insalsum
496 1397 528 1454 et
554 1386 707 1472 trigidum
732 1396 782 1455 est
806 1396 841 1455 ut
872 1390 993 1455 servari
1017 1408 1081 1456 oon
1113 1392 1225 1477 possit
1264 1390 1310 1459 eo

43 1518 49 1530 ·
142 1495 215 1562 deor
238 1493 333 1560 modo
363 1492 574 1579 interpolatus
603 1492 693 1559 loeus
719 1503 770 1559 est
788 1493 857 1561 Vll.
883 1515 924 1561 n.
950 1498 1003 1561 26.
1039 1496 1173 1576 προπίνω
1204 1492 1310 1573 aad

142 1600 258 1675 Σεύύιι,
282 1600 335 1665 eal
355 1602 407 1664 τὸν
427 1594 521 1664 ἵππον
539 1603 646 1665 τοῦτον
665 1599 826 1682 δωροῦμαι.
874 1599 1085 1667 Athenienses
1105 1602 1194 1669 enim
1216 1602 1248 1669 in
1266 1599 1310 1669 tati

141 1727 177 1773 re
200 1704 344 1772 solebant
362 1703 487 1771 dicere:
512 1705 644 1786 προπίνω
664 1728 709 1771 σοι
735 1707 787 1770 τὸν
808 1704 902 1772 ἵππον
924 1708 1059 1783 τουτονί,
1082 1716 1116 1775 et
1139 1706 1312 1795 Xenophan-

139 1822 205 1880 tem
229 1811 376 1896 suspicor
398 1829 461 1875 non
493 1809 586 1876 aliter
609 1810 776 1897 scripsisse
803 1830 900 1897 qoam
926 1812 1093 1899 populares
1115 1832 1228 1881 omnes
1248 1810 1312 1881 mle·

138 1917 226 1984 hant.
273 1916 390 1983 Misere
412 1924 585 2000 corruptus
613 1923 662 1982 est
684 1914 795 1982 eodem
819 1916 1075 2003 interpolationis
1096 1936 1216 2004 genere
1236 1918 1314 1987 loom

139 2020 360 2108 Xenophontis
390 2020 421 2083 in
452 2019 623 2088 Helleoiois
646 2021 699 2087 vl.
723 2042 752 2087 v.
774 2025 828 2087 le.
859 2021 953 2089 ὁπότε
975 2024 1008 2091 n
1031 2022 1084 2091 ιιαδ
1108 2026 1199 2105 ἡμεῖς
1219 2026 1315 2105 eym-

137 2128 257 2207 λύμεύα
286 2128 312 2191 oi
341 2126 593 2205 συναγορεύοντες
623 2127 773 2205 βονύιῖσαι
803 2126 947 2209 άνδράσιν
981 2130 1113 2208 άγαύοῖς
1144 2124 1224 2204 ἦπου
1250 2130 1316 2209 ύμῖν

137 2258 178 2313 γε
200 2240 264 2305 τοῖς
284 2228 362 2313 ἔργῳ
389 2230 565 2309 δυναμένοις
583 2233 734 2311 βοηθῆσαι
757 2241 889 2311 γενναῖα
911 2231 951 2301 δον
970 2241 1077 2302 ταῦτα
1092 2234 1220 2319 Φανεύιι.
1263 2232 1319 2303 lla·

137 2338 255 2405 stitees
283 2336 476 2401 sententiam
499 2344 533 2402 et
555 2334 747 2404 Graecitatis
767 2356 861 2404 usam
881 2337 930 2404 sie
957 2340 1146 2408 scribendo:
1174 2338 1317 2421 ιδγιιλλύ-

135 2444 218 2524 μεύα
243 2439 498 2523 συναγορεύοντες
522 2442 665 2524 άνδράσιν
692 2445 822 2522 άγιιύοῖς
848 2446 1019 2531 expunctis
1039 2448 1066 2513 οῖ
1097 2454 1130 2513 el
1158 2447 1317 2528 βοηύῆσαο.

136 2547 224 2617 Solet
246 2546 332 2614 enim
356 2544 490 2613 verbum
509 2546 699 2628 ιῖγάλλομαι
723 2568 797 2615 eum
824 2550 994 2636 partieipia
1019 2552 1190 2637 mellingi,
1214 2570 1320 2639 rpem⁴

136 2651 308 2722 admodum
332 2652 546 2734 αἰσχύνομαι,
578 2652 661 2738 quod
685 2662 733 2719 est
752 2654 781 2720 ei
802 2674 821 2721 e
844 2656 975 2741 regione
1003 2656 1205 2743 oppositum,
1229 2665 1268 2724 nt
1288 2658 1321 2725 ia

136 2757 283 2846 Agesilao
300 2756 338 2823 V.
363 2762 394 2825 ὅ.
429 2764 524 2824 πονῶν
550 2758 711 2838 ἠγάλλετο
741 2767 774 2825 et
795 2759 827 2825 in
851 2759 989 2827 llierone
1009 2761 1094 2829 Vlll.
1118 2766 1149 2827 t.
1177 2760 1320 2843 διιιλεγύ-

134 2889 218 2946 μενοι
242 2864 455 2944 άγοιλλύμεύα
476 2874 539 2938 τοῖς
567 2864 857 2948 προτετιμημένοις,
887 2873 920 2932 et
942 2864 1016 2931 aliis
1043 2864 1141 2933 loeis:
1173 2866 1322 2955 opposuit

135 2972 220 3039 inter
242 2990 278 3037 se
300 2968 473 3057 Xenophon
503 2970 716 3053 συναγορεύειν
737 2978 770 3036 et
792 2969 870 3052 ἔργῳ
897 2972 1047 3050 βοηθῆσαι
1077 2982 1118 3039 et·
1132 2974 1178 3039 ita
1202 2974 1322 3061 optime

134 3076 197 3141 looi
229 3076 390 3141 sententia
423 3084 559 3141 constat
610 3075 697 3142 noos
728 3075 903 3143 ePlatone
935 3074 1020 3143 looos
1050 3076 1237 3149 suhiieiam.
1259 3114 1262 3119 ·
1283 3076 1322 3145 ln

136 3178 303 3247 Phaedone
328 3179 447 3265 legitur
470 3200 501 3265 p.
523 3185 567 3247 et
591 3181 625 3247 B.
657 3181 747 3248 άλλά
768 3182 877 3248 τούτου
899 3206 939 3261 γε
960 3180 1051 3249 ἕνεκα
1069 3182 1175 3262 λέγειν
1203 3207 1240 3250 τε
1258 3184 1321 3267 χρὴ

135 3285 188 3352 καῖ
218 3284 333 3365 ἕρωτάν
357 3280 376 3349 δ’
397 3310 428 3351 τι
449 3284 487 3353 άν
516 3286 691 3364 βούλησθε,
721 3284 776 3360 ἕως
797 3286 837 3352 άν
862 3290 889 3353 οἱ
911 3288 1078 3363 ’Λύνναύων
1098 3288 1184 3355 ἑοῖσιν
1214 3286 1321 3371 άνδρεε

134 3388 252 3457 ἕνδεκα.
301 3387 503 3475 erieumque
533 3389 663 3476 linguae
685 3390 825 3458 Graecae
848 3402 881 3459 et
903 3394 1029 3459 Atticae
1052 3394 1241 3462 interiorem
1264 3412 1321 3463 no·

135 3497 241 3563 titiam
262 3494 437 3582 longousu
460 3493 522 3562 sihi
544 3497 743 3581 comparavit
763 3494 852 3562 dahit
878 3496 960 3563 mihi
983 3498 1131 3567 vitiosam
1152 3508 1186 3567 et
1209 3498 1322 3567 ahrntr¹

133 3601 207 3669 dam
242 3600 325 3669 hane
356 3620 426 3668 esse
457 3602 634 3668 orationem
664 3604 690 3668 οἱ
723 3604 887 3676 Ἀύννοιύων
917 3600 1023 3687 ἄνδρες
1052 3602 1179 3673 ἕνδεκας
1218 3624 1322 3695 neque

132 3709 219 3775 enim
238 3708 404 3781 Ἀθηναῖοι
420 3704 525 3787 ἄνδρες
552 3724 666 3773 sanum
688 3726 758 3773 esse
776 3716 880 3794 potest
898 3727 1002 3795 neque
1022 3713 1049 3777 οῖ
1068 3710 1174 3795 ἄνδρες
1197 3710 1320 3781 ἕνδεκα.

134 3812 237 3894 Quam
257 3812 431 3879 ridiculum
455 3819 538 3878 esset
559 3810 666 3877 dicere
686 3814 712 3878 οῖ
732 3815 897 3887 Ἀθηναῖοι
914 3812 1019 3896 ἄνδρες
1041 3816 1230 3897 retentarat
1266 3816 1321 3885 So·

133 3917 238 3985 lemno
271 3927 320 3985 est
351 3917 500 3984 omnihus
534 3914 642 3983 dioere
669 3918 696 3984 οῖ
725 3917 891 3999 τριάκοντα
920 3928 954 3987 et
984 3922 1010 3986 οῖ
1037 3918 1157 3989 ἕνδεκα.
1204 3922 1320 4012 ltaque

132 4041 233 4110 quum
258 4023 290 4089 in
326 4023 462 4089 vetustis
493 4020 583 4088 lihris
614 4033 698 4091 esset
734 4010 1143 4107 ΕΩΣΑΝΟΗῙΕΩΣΙΝ,
1184 4028 1218 4097 id
1252 4038 1320 4127 σεῖε
