2940 5010
691 258 755 320 506

133 434 331 502 κελεύθου
362 450 401 498 ex
426 429 590 516 Euripidis
624 428 740 498 Troad.
762 435 840 498 887.
866 431 950 499 uode
982 441 1015 499 et
1049 433 1093 499 τά
1126 436 1211 512 θνήτ’
1233 433 1324 515 tren

136 561 194 628 pro
213 541 257 607 τά
281 541 392 616 ίνητῶν
417 535 627 624 reposuerim.
674 534 795 602 Eodem
820 535 914 602 modo
938 536 1015 623 quid
1049 537 1167 607 Strabo
1189 542 1326 629 scripse·

137 649 181 713 rit
205 645 394 732 colligemus
417 663 456 710 ex
478 639 643 709 Plutarchi
664 640 862 730 Symposiac.
883 642 906 708 1.
925 663 947 708 1.
972 650 1004 709 t.
1028 641 1053 734 S
1073 648 1105 711 2.
1130 647 1191 721 τάς
1214 646 1328 730 ψυχάς

138 756 171 820 αί
195 754 253 833 μὲν
276 749 415 835 ἐλαφραί
449 748 590 832 ζητήσεις
613 747 758 826 ἐμμελῶς
790 749 843 814 καί
876 749 1042 833 ὠφελίμως
1068 757 1226 831 κινοῦσιν,
1248 754 1330 835 ‚dpa-

137 857 306 925 δαντέων
340 858 372 922 δέ
407 854 493 920 κατά
530 852 721 935 Δημόκριτον
756 854 809 919 καὶ
849 856 1173 934 ἱμαντελικτέων
1216 856 1331 937 λάγους

139 963 285 1047 ἀφετέον.
331 960 444 1027 Nonne
466 958 538 1026 luce
568 958 689 1026 clarius
716 967 766 1025 est
795 959 879 1044 apud
905 959 1095 1028 Strabonem
1120 962 1153 1028 in
1173 961 1234 1044 ἔριν
1254 965 1331 1030 biar-

137 1070 256 1136 τώντον
291 1067 390 1133 latere
416 1064 686 1147 ἕριδαντέοινί
734 1063 824 1145 Quod
849 1065 904 1151 qui
936 1068 1157 1135 certissimum
1188 1088 1263 1137 esse
1284 1070 1331 1133 ni·

138 1176 193 1242 det
220 1173 313 1239 facile
337 1171 497 1258 intelliget
521 1170 769 1238 Eratosthenem
797 1170 890 1258 piane
920 1172 1033 1241 eadem
1056 1174 1235 1242 Democriti
1261 1194 1331 1241 uer·

137 1282 197 1357 ba,
220 1298 304 1367 quae
326 1277 519 1346 Plutarchus
543 1277 673 1355 attulit,
698 1297 872 1364 usurpasse
895 1287 927 1346 et
950 1280 997 1346 ita
1023 1281 1216 1369 scripsisse:
1239 1280 1332 1348 άλλά

138 1387 228 1467 μόνον
251 1384 495 1466 ἐριδαντέων
525 1384 578 1449 καί
614 1384 932 1461 ἱμαντελικτέων
958 1387 1045 1453 κατά
1076 1388 1271 1469 Δημόκριτον
1292 1384 1333 1454 εί·

138 1517 209 1569 ναι,
237 1499 269 1557 et
292 1492 325 1555 in
346 1487 614 1576 praecedentibus
639 1496 703 1564 τῶς
727 1489 766 1556 ἂν
788 1491 832 1565 είς
856 1492 995 1572 πρᾶγμά
1019 1517 1050 1558 τι
1076 1492 1153 1583 (ιιοιι
1175 1494 1331 1575 πράημα·

138 1599 194 1686 τοι)
218 1598 423 1678 καταερέφοι.
471 1595 609 1661 immani
633 1615 742 1661 errore
767 1597 799 1661 in
829 1595 881 1662 his
914 1598 992 1684 ipsis
1024 1598 1201 1665 Democriti
1225 1596 1332 1665 verbis

117 1685 285 1771 'Clemens
309 1700 544 1770 Alexandrinus
567 1710 599 1767 ct
624 1702 692 1787 ipse
715 1700 825 1787 lapsus
848 1710 897 1768 est
926 1712 957 1769 et
985 1704 1065 1769 aiios
1088 1725 1200 1771 secum
1231 1708 1333 1772 traxit

138 1830 239 1898 quum
276 1806 434 1874 scriberet
463 1808 495 1873 in
529 1806 728 1874 Stromatum
762 1806 835 1874 libr.
856 1808 881 1875 Ι.
913 1830 943 1895 p.
965 1813 1031 1876 279
1054 1810 1092 1877 D.
1129 1809 1220 1899 Syib.
1248 1814 1276 1879 σί
1299 1810 1331 1879 δέ

138 1942 218 1989 τινες
247 1919 336 1999 σφοῖς
371 1913 484 1987 αὐτοὺς
508 1915 685 1995 ἐπαίροντες
719 1915 874 1993 διαβολάς
907 1924 971 1988 τοῖς
1005 1915 1112 1994 λόγοις
1146 1914 1330 2000 ἐξευρίσκειν

138 2021 302 2103 βιάζονται
328 2020 470 2103 ζητήσεις
494 2021 628 2102 ἒριςινίις
661 2020 868 2102 ἐκπορίζοντες
904 2021 996 2098 ελεξ
1004 2024 1084 2090 ειδί
1091 2047 1137 2088 ων
1166 2026 1331 2107 inpuri-

139 2152 221 2209 ρες,
245 2126 416 2210 ζηλωταί
447 2124 720 2207 τεχνυδρίων,
745 2126 968 2206 έριδαντέες
1000 2129 1062 2194 καί
1096 2131 1330 2207 ἱμαντελικ-

137 2234 267 2311 τέες,”
297 2234 336 2305 ὥς
360 2232 375 2296 d
401 2232 588 2312 Ἀβδηρίτης
612 2231 725 2304 ἕκείυίς
747 2237 853 2313 Φησιν.
902 2232 984 2298 Hinc
1006 2233 1154 2301 homines
1175 2233 1283 2316 ducti,
1303 2235 1330 2301 si

138 2339 241 2405 biusis
270 2337 396 2425 placet,
428 2344 572 2401 monstra
597 2346 630 2401 et
658 2344 805 2420 portenta
839 2338 1065 2405 vocabulorum
1095 2341 1271 2423 ἕριδοιντειίς
1299 2350 1331 2408 et

138 2442 379 2524 ίμαντελικτεύς
414 2444 445 2506 in
485 2441 678 2507 Graecitatis
714 2463 825 2528 gazam
869 2446 1091 2513 incautissime
1128 2457 1330 2534 receperunt.

140 2549 224 2631 Quid
249 2548 335 2614 onim
360 2548 422 2613 erit
446 2545 618 2612 barbarum
647 2568 798 2633 umquam
825 2551 851 2614 si
876 2552 1047 2632 ἕριδοοντεύς
1073 2573 1135 2618 non
1158 2554 1249 2621 erit?
1285 2553 1331 2621 Ex

140 2657 247 2743 prisca
268 2654 371 2719 forma
393 2653 528 2734 ε’ριδαίνω
554 2655 700 2718 nascitur
724 2654 901 2734 ἐριδάντης,
928 2667 963 2722 ut
986 2659 1172 2741 ἱεροφάντης
1196 2669 1229 2726 et
1249 2684 1336 2727 συκο·

140 2762 265 2845 Φάντης
287 2779 325 2825 ex
350 2760 472 2842 φαίνω,
506 2758 648 2842 ὑφάντης
673 2780 711 2824 ex
739 2762 881 2843 ὑφαίνω,
908 2762 1033 2848 aliaque
1063 2765 1176 2831 muita.
1226 2765 1339 2833 Utitur

142 2867 244 2935 forma
278 2864 434 2947 ἐριδάντης
467 2885 525 2951 pro
555 2865 682 2946 ε’ριςικίς
715 2866 829 2932 Timon
862 2869 893 2931 in
928 2867 1016 2933 Sillis
1049 2869 1134 2956 apud
1159 2871 1344 2957 Diogenem

145 2974 249 3040 baert.
271 2972 310 3038 11.
337 2976 412 3037 107.

234 3080 328 3145 Ἀλλ’
351 3077 386 3143 οὔ
409 3102 460 3157 μοι
483 3077 598 3143 τιιίτων
622 3078 778 3160 φλεδίυων
800 3079 891 3157 μέλει
915 3117 961 3129 -
983 3081 1044 3146 οὐδ’
1076 3082 1295 3163 ἐριδάντεω

236 3183 426 3262 Εὐκλείδου,
448 3189 649 3264 Μεγαρεῦσιν
673 3181 704 3258 ὃς
729 3185 856 3264 ἔμβαλε
876 3187 999 3251 λιίσσαυ
1022 3188 1157 3267 ἐρισμοῦ.

147 3310 207 3357 nec
238 3289 371 3355 debebat
405 3287 554 3354 dubitare
587 3287 793 3368 Dindorbus,
825 3293 903 3377 quin
933 3291 1018 3378 apud
1048 3292 1249 3382 Hesychium
1283 3306 1374 3382 pcc

148 3393 408 3476 Ἐριδαυάτας
440 3400 595 3475 Ἡρακλῆς
627 3398 715 3476 παρά
746 3399 947 3478 Ταραντίνοις
978 3398 1216 3466 emendandum
1254 3400 1374 3468 usse.

148 3501 342 3582 Ἐριδάντοος.
389 3500 521 3586 Decepit
544 3500 740 3568 Clementem
771 3501 873 3568 iorma
899 3504 1074 3584 ἐριδαντέων
1095 3513 1128 3571 ct
1160 3508 1332 3585 ίμαντελικ
1349 3536 1374 3549 -

150 3607 244 3674 cieo:
270 3626 332 3671 non
359 3605 588 3672 animadvertit
618 3606 725 3674 ionica
755 3628 825 3674 essa
847 3608 1026 3690 έριδάντης,
1049 3610 1210 3692 ἐριδάντεω
1234 3622 1268 3679 et
1289 3614 1374 3696 dp?

151 3714 278 3789 δάνται,
301 3712 477 3794 ἐριδαντέων
495 3721 527 3778 ut
545 3712 696 3779 similiter
716 3716 959 3794 ίμαντελίκτης,
983 3719 1230 3796 ίμαντελίιιται,
1253 3720 1373 3799 iac?

150 3819 335 3896 τελικτέων,
360 3826 391 3884 ut
415 3817 502 3884 aliud
531 3838 630 3903 agens
653 3839 691 3884 ex
718 3820 781 3885 ittis
801 3802 954 3906 genitivis
983 3821 1093 3887 elicuit
1116 3824 1290 3906 ε’ριδαντὲες
1313 3846 1340 3893 c

151 3925 406 4007 ίμαντελικτέες,
430 3925 590 4008 pessime,
624 3935 661 3989 ut
695 3926 795 3992 vides.
843 3928 1080 4004 Ἱμαντελίκτης
1104 3930 1226 4016 optime
1258 3951 1360 3998 cunh-

153 4032 260 4117 parari
285 4038 388 4117 potest
413 4049 487 4095 cum
512 4032 757 4110 Φοινικελίιιτης,
781 4032 865 4118 quod
891 4035 1030 4099 servavit
1053 4035 1236 4125 Hesychius
1261 4038 1297 4103 in
1315 4046 1373 4101 r

151 4139 314 4223 integrum
338 4136 503 4202 senarium
534 4134 741 4216 describens,
773 4139 828 4223 qui
852 4139 932 4205 mihi
959 4139 1090 4227 quidem
1115 4142 1255 4210 colorem
1283 4146 1373 4210 Δι’

151 4241 365 4309 cbilocbicum
389 4240 507 4307 babere
529 4240 672 4308 videtur:

380 4349 607 4423 Φοινικελίκτην
631 4351 684 4415 καί
708 4351 810 4428 λόγων
833 4351 984 4433 άλαζόνα.
