2940 5010
663 301 720 361 171

369 472 615 553 >interveveniat
638 471 773 552 ὁμόνοια.

130 580 206 667 (ων
225 576 313 647 aliud
334 580 376 645 sit
399 588 554 659 συμπλεῖν
578 577 666 645 aliud
686 578 818 656 ὁμονοεῖν
846 576 933 643 nullo
958 581 1085 665 negotio
1110 582 1171 647 viri
1194 580 1281 647 docti

126 702 206 759 11η
222 684 395 753 lectionem
415 693 620 772 repererunt,
644 702 725 770 quae
745 692 794 749 est
814 685 1094 765 συμπνευσάντων,
1118 685 1172 755 scd
1196 686 1282 755 unde

110 790 203 887 πρίει
220 799 330 859 sumto
358 797 444 857 essct
465 810 558 857 nomo
580 796 703 877 poterat
735 790 894 876 reperire,
917 792 993 875 quia
1019 793 1094 859 oiim
1117 795 1149 858 in
1172 792 1284 881 depra-

110 896 350 985 ¹maturrimum
372 894 492 963 latebat
519 893 605 981 apud
636 893 882 963 Demosthenem
904 894 943 963 dc
967 917 1083 964 corona
1110 918 1180 985 pag.
1205 902 1280 965 284.

124 998 281 1079 Ιεώδ-ὶν
301 1000 333 1068 εί
352 1026 383 1068 σι
399 1000 517 1082 γένοιτο
538 1000 584 1068 ἔτι
614 1001 951 1078 συμπνευσόντων
980 1002 1019 1069 ἂν
1042 1008 1124 1082 ἡμῶν
1148 1004 1200 1070 καί
1224 1010 1283 1069 τῶν

124 1108 260 1189 metm,
284 1105 371 1193 qood
394 1125 590 1193 quamquam
614 1125 746 1193 prorsus
769 1115 853 1173 esset
880 1106 1055 1174 barbarum
1090 1117 1195 1175 tamen
1228 1128 1281 1176 ne·

123 1212 172 1281 n's
187 1210 344 1301 quomodo
368 1214 557 1281 criticorum
582 1230 718 1279 acumen
744 1210 850 1279 adhuc
873 1210 1040 1299 effugerat.

154 1316 230 1401 duod
252 1314 359 1384 ferior
380 1317 499 1385 dixisse
529 1316 759 1404 Aristophanes
781 1318 814 1382 in
843 1317 979 1385 Bekieri
1000 1318 1121 1387 Anecd.
1145 1340 1175 1406 p.
1199 1324 1282 1400 idi,

110 1416 367 1507 ζδίπιβροχίίσαι
396 1444 455 1511 pro
482 1424 664 1491 καταπίνειν
696 1422 766 1489 ficri
799 1443 861 1489 non
890 1433 993 1511 potest
1024 1432 1061 1490 ut
1091 1444 1202 1491 verum
1227 1428 1279 1494 sit.

113 1520 189 1598 ’.Η
208 1530 483 1613 manmena,
515 1536 552 1595 ut
581 1536 614 1595 et
632 1528 688 1595 aiii
719 1529 838 1615 passim
868 1537 901 1595 et
929 1530 997 1616 ipse
1021 1530 1097 1597 aiibi
1126 1530 1281 1617 loquitur.

126 1632 337 1719 ’λοιβροχίίσαι
369 1643 436 1701 tam
465 1634 617 1700 vitiosum
642 1642 691 1699 est
714 1652 751 1698 ac
775 1635 801 1699 si
822 1634 896 1719 quis
915 1636 1077 1701 αποπίνειν
1106 1635 1200 1703 veliet
1223 1657 1281 1723 pro

130 1742 277 1809 mnium
298 1738 417 1807 dicere.

156 1842 321 1933 Ιοροίοιιιίν
342 1843 466 1935 oyttoba
496 1854 546 1911 cst
574 1845 607 1910 in
634 1842 858 1930 Aristophanis
886 1846 1013 1912 senario
1047 1842 1131 1931 apud
1161 1846 1277 1914 Athen.

131 1952 225 2033 μιν.
241 1950 281 2019 li.

317 2056 373 2133 ἤδη
396 2063 548 2137 πυρπνεῖν
571 2056 628 2135 ἐμὲ
651 2054 946 2136 attaminandum.

130 2158 202 2229 mh
224 2160 303 2230 dare
330 2159 475 2228 voluerat
507 2168 657 2242 παροινεῖς
683 2162 727 2234 είς
748 2160 823 2239 ε’μέ,
855 2170 948 2248 podia
971 2160 1103 2228 dederat
1127 2170 1278 2244 παροινεῖς

155 2372 362 2461 dn'sioohams
383 2371 600 2459 fragmentum
622 2369 706 2457 apud
728 2370 843 2436 Athen.
867 2391 896 2457 p.
925 2376 1021 2439 1561.
1046 2369 1104 2438 Ed.
1128 2372 1221 2440 Bind.
1245 2383 1279 2443 ct

130 2475 272 2547 uturum
297 2478 441 2547 socordia
466 2479 602 2564 pessime
623 2475 833 2563 depravatum
858 2485 908 2542 est
931 2485 963 2543 ct
983 2497 1114 2557 eorum,
1137 2481 1194 2566 qni
1217 2478 1277 2547 dii-

128 2574 211 2653 Ηιιι
231 2585 319 2655 iectu
342 2584 447 2651 locum
472 2582 555 2651 maie
574 2582 731 2668 legerunt.
765 2581 923 2665 Bergkius
947 2580 1025 2649 haec
1048 2582 1157 2652 affert:
1181 2610 1278 2669 προει-

128 2686 169 2755 Ιδ
187 2696 361 2775 λυχνοῦχον
391 2690 470 2769 οίμοι
500 2689 696 2767 κακοδαίμων
724 2688 820 2770 Φνσίν
848 2692 1024 2770 λυχνοῦχος
1056 2692 1129 2770 irato
1152 2690 1275 2775 οίχεσαο

127 2784 166 2857 dr'
179 2796 311 2881 ίπιφίρει
338 2797 391 2863 καὶ
415 2820 479 2869 ποις
502 2818 670 2877 επιρρασας
692 2794 744 2859 adn
777 2798 952 2875 λυχνοῦχον
978 2794 1102 2878 οίχεσοοι
1128 2794 1186 2864 εἶπ’
1210 2800 1277 2867 ε’πι-

129 2894 248 2979 ίίρυνυιί
271 2900 400 2977 iactor.
424 2904 455 2969 ἐν
476 2903 508 2967 δὲ
524 2906 599 2973 τοῖς.
634 2896 739 2965 Unum
761 2906 888 2965 tantum
907 2906 994 2966 recto
1015 2898 1277 2989 viditBergkius‚

128 3000 184 3075 ΙΙο
199 3008 332 3097 repetita
353 3026 424 3074 esse
445 3006 612 3073 vocabula:

110 3112 113 3141 ²
385 3113 509 3197 οίχετοοι
533 3108 590 3181 εἶπ’
617 3109 756 3191 ἐπιφέρει
778 3111 845 3177 καί.

138 3211 182 3283 *da
197 3218 261 3307 ipso
283 3216 399 3287 codice
418 3238 482 3285 non
504 3218 574 3285 sine
594 3216 759 3281 aerumnis
783 3212 911 3281 tandem
932 3213 999 3280 vidi
1019 3216 1067 3281 sic
1086 3234 1156 3283 esse
1176 3218 1276 3306 scrip·

110 3314 185 3389 in:
203 3324 253 3393 ui
270 3330 336 3398 πῶς
357 3323 497 3405 ὑπερβὰς
516 3324 568 3389 ria
587 3324 778 3403 λυχνοῦχον,
802 3320 886 3385 unde
907 3319 986 3387 haec
1004 3323 1141 3407 emergit
1159 3343 1275 3393 manus

125 3430 221 3507 m:
242 3432 393 3513 προειπὼν
415 3430 548 3509 λύχνον·

226 3536 321 3615 Οίμοι
344 3536 540 3613 κακοδαίμων
565 3532 704 3621 (φησίν),
730 3534 743 3596 ὃ
767 3534 883 3615 λύχνος
908 3536 979 3613 ἡμῖν
999 3534 1134 3617 οίχεπαι.

125 3626 166 3701 rit*
179 3640 331 3726 ἐπιφέρει·

227 3748 280 3813 καί
300 3752 365 3821 πῶς
388 3745 527 3826 ὑπερβὰς
549 3746 600 3811 τὸν
624 3746 799 3824 λυχνοῦχον
822 3741 913 3810 ἔλαθέ
937 3770 993 3821 σος

126 3846 299 3919 uteorum
323 3858 373 3919 est
396 3852 482 3918 enim
517 3851 550 3915 io
581 3848 708 3922 ἔλαθες·
732 3849 764 3914 ἐν
786 3848 817 3914 δὲ
838 3858 902 3923 τοῖς
936 3849 1016 3916 nihii
1049 3847 1136 3916 alind
1165 3849 1275 3918 latere.

127 3944 262 4025 Merca
283 3976 325 4025 ax
348 3955 408 4023 hoc
433 3974 559 4041 quoquc
591 3953 716 4021 scribae
746 3953 953 4021 dormitantis
977 3975 1085 4023 errore
1113 3954 1278 4041 colligitur

126 4066 182 4125 fl
200 4058 375 4129 describere
406 4070 568 4129 vetustum
601 4060 742 4127 codicem
773 4060 805 4125 in
837 4061 1011 4128 versiculos
1039 4060 1201 4129 breviores
1229 4061 1277 4127 sic

126 4152 233 4235 fimum
257 4176 293 4235 ut
316 4171 474 4254 scriptum
499 4174 599 4232 esset:

318 4279 1013 4341 ΔΑΙΜΩΝΦΗΣΙΝΛΥΧΝΟΤΧΟΣΗΜΙΝ

318 4386 835 4447 ΟῙΧΕΤΑΙΕῙΤΕΠΙΦΕΡΕΙΚΑΙ

1005 4489 1030 4527 ιι
1044 4482 1059 4513 4
