2940 5010
734 303 797 366 655

139 485 375 567 -perpetnuuu
400 477 433 544 Si
458 495 552 563 quem
578 476 861 542 circumducuntur
885 482 1106 562 spectatorum
1129 475 1273 562 aliquid,
1297 482 1355 543 aut

167 583 305 652 omniuo
334 584 362 649 si
386 582 439 648 cni
464 581 580 647 damus
612 599 741 666 operam
766 589 803 646 ut
828 582 1024 647 circumiens
1057 582 1206 668 inspiciat
1232 581 1355 668 aliquid

166 695 230 757 aut
247 696 340 774 agat,
363 706 437 753 eum
459 686 618 769 περιάγειν
643 685 801 760 dicimur;
825 686 874 750 sin
898 694 1005 751 autem
1031 687 1104 771 quis
1123 705 1251 772 quaqua
1272 688 1356 752 iuce-

167 790 221 861 ott
243 814 348 860 recum
371 792 467 858 trahit
490 792 649 877 aliquem,
673 790 767 856 cuius
795 810 891 876 opera
923 789 1090 877 officioque
1126 799 1254 870 utatur,
1282 812 1356 858 cunr

166 899 376 981 περιάγεσθαι
408 898 553 972 dicitur,
590 904 625 962 ut
649 893 748 961 herus
772 896 999 982 pedissequos,
1031 905 1087 962 aut
1115 906 1273 984 tyrannus
1305 915 1356 962 sa·

167 1000 300 1071 tellites.
347 1002 431 1085 Quid
460 1001 631 1067 Codicibus
655 1020 735 1086 opus
761 1001 870 1067 estad
895 1001 1181 1067 demonstrandum
1208 1002 1240 1066 in
1262 999 1357 1089 Cyro·

168 1106 264 1197 pued.
287 1106 328 1174 11.
353 1128 386 1173 ιι.
411 1113 465 1174 18.
490 1104 696 1172 scribendum
721 1125 807 1172 esse:
832 1107 907 1172 άλιι’
931 1105 949 1183 ἦ
973 1107 1025 1172 uui
1047 1108 1086 1172 σὺ
1106 1106 1192 1171 κοιπά
1214 1109 1266 1173 τὸν
1286 1113 1358 1174 Ἑλ-

168 1214 294 1288 ληνικὸν
315 1213 424 1294 σράπον
444 1209 490 1278 ὅτι
516 1210 612 1278 nauto
636 1212 682 1281 ἒςι
706 1210 903 1293 περιάγει
927 1216 1016 1278 τοῦτο
1040 1213 1075 1277 πὸ
1098 1211 1275 1292 μειράκιον;
1300 1232 1359 1299 pro

168 1315 352 1400 περιάγεις,
387 1317 473 1404 quod
509 1317 592 1382 male
630 1317 829 1402 comparavit
868 1315 1054 1383 Dindorlius
1088 1336 1163 1382 curu
1196 1317 1310 1405 Cyrop.
1333 1320 1356 1383 l.

169 1440 218 1489 111.
246 1426 277 1488 5.
310 1420 469 1510 Astyages
492 1426 612 1512 Cyrum
637 1421 666 1488 ε1
688 1445 747 1487 πον
775 1419 1007 1506 iteraturam
1040 1419 1135 1488 ἵππον
1164 1426 1359 1506 χρνσοχοιλά·

168 1549 221 1595 νον
253 1535 466 1607 περιῆγεν,
492 1546 565 1594 nam
590 1526 673 1614 llyro
697 1525 885 1610 gratillcans
917 1527 995 1594 haec
1020 1526 1176 1604 faciebat,
1208 1529 1358 1594 nonsibi

168 1629 312 1718 aliquem
336 1651 430 1697 usum
455 1641 512 1698 aut
535 1632 807 1697 oblectamentum
830 1641 887 1697 aut
911 1631 1063 1700 honorem
1087 1653 1126 1699 ex
1148 1652 1185 1699 ca
1207 1652 1242 1698 re
1263 1652 1359 1719 qnae·

170 1753 257 1803 reus.
304 1735 367 1818 Qui
391 1737 431 1802 ad
456 1735 573 1802 bellum
608 1735 815 1822 proficiscens
840 1755 970 1802 uxorem
996 1744 1053 1803 aut
1083 1737 1280 1804 concubinas
1303 1747 1360 1805 aut

170 1848 281 1907 scorta
302 1860 413 1908 secum
446 1840 570 1920 trahit,
604 1841 714 1926 quiin
747 1839 910 1926 publicum
932 1842 1082 1927 prodiens
1107 1851 1161 1908 aut
1187 1842 1359 1929 discipulo·
1421 1835 1423 1839 ’

170 1962 248 2012 rum
267 1965 383 2030 agmen
408 1945 509 2011 trahit
541 1965 671 2021 secum,
701 1954 758 2010 aut
784 1944 959 2031 quemlihet
979 1965 1131 2030 gregem,
1155 1955 1212 2013 aut
1243 1967 1360 2034 pueros

169 2049 439 2139 symphoniacos,
463 2059 520 2116 aut
533 2051 702 2129 tibicinas,
722 2057 778 2114 aut
791 2049 947 2136 quidquid
968 2059 1018 2116 eu
1037 2050 1281 2130 huiuscemodi,
1304 2077 1360 2118 πε-

113 2230 117 2235 ,
169 2154 334 2237 ριάγεσάοιι
358 2175 411 2222 eos
431 2175 542 2222 omues
562 2154 695 2220 dicitur.
744 2154 778 2219 lu
803 2154 929 2241 Epiuici
955 2155 1135 2240 fragmento
1155 2156 1240 2243 apud
1264 2157 1360 2224 Athe·

172 2277 291 2327 uacum
317 2280 347 2347 p.
366 2265 442 2326 497.
468 2260 504 2325 h.
536 2258 772 2326 emendandum
795 2267 864 2326 est:

308 2365 556 2447 1ςιδέ’λέφοορ.
582 2404 626 2418 -
651 2365 697 2454 (ri
716 2363 811 2452 Φράςς)
837 2363 1016 2449 ἐλέφαντος
1041 2367 1244 2447 περιάγεις

171 2467 229 2536 ubi
254 2467 427 2536 infeliciter
451 2469 625 2536 admodum
658 2470 819 2551 περιάγεις
843 2472 1062 2538 coniecerunt.
1109 2472 1226 2539 Contra
1248 2477 1359 2543 rectis·

173 2574 258 2642 time
289 2573 410 2642 dicitur
434 2576 448 2641 ά
470 2576 672 2657 σριάροιρχος,
696 2575 751 2660 qui
777 2595 836 2641 sua
869 2576 943 2640 navi
971 2596 1136 2642 summum
1168 2576 1284 2645 ducem
1306 2599 1359 2648 rc·

110 2730 135 2753 .-
172 2678 225 2747 bit
245 2679 299 2746 riv
315 2683 471 2761 ςριισνγὸν
495 2681 678 2762 περιάγειν,
702 2690 734 2746 ct
765 2682 813 2746 sic
842 2680 1073 2747 Demosthenes
1101 2682 1182 2748 dixit
1207 2685 1238 2748 in
1271 2682 1359 2753 Orat.

110 2778 112 2783 ¹
170 2783 208 2853 Ιι.
232 2788 289 2853 ot.
318 2783 355 2851 ἵν’
379 2785 575 2867 αὐτοκράτωρ
600 2789 638 2852 ὢν
663 2786 677 2851 ὃ
701 2785 889 2860 Κάλλιππος
912 2793 968 2860 τῆς
992 2789 1062 2860 νεὼς
1094 2788 1279 2871 περιάγοι
1307 2791 1360 2857 τὸν

110 2922 112 2927 ·
171 2889 410 2972 numerarer,
443 2910 482 2957 ex
506 2891 625 2976 quibus
654 2891 733 2954 satis
766 2890 959 2975 intelligitur
989 2910 1085 2977 quam
1119 2892 1254 2958 ridicule
1287 2894 1361 2978 quis

171 2996 293 3069 παῖδας
316 2996 498 3069 άκολοάθονς
529 2996 659 3061 dicatur
691 2995 852 3073 περιάγειν
886 3014 944 3080 pro
977 2996 1191 3077 περιάγεσθαι.
1239 2997 1360 3064 uadem

171 3106 224 3169 eut
250 3101 335 3167 ratio
362 3100 532 3166 verborum
566 3099 698 3178 ἐπάγειν
722 3108 754 3164 el
778 3099 971 3177 ἐπάγεσάοοιι
1007 3109 1039 3165 el
1067 3101 1294 3183 συμπεριάγειν
1328 3112 1361 3170 ct

113 3226 117 3233 ·
170 3205 455 3287 ενροπεριάγεσάιιι.
488 3206 630 3294 Tyranni
653 3203 807 3270 satellites
830 3203 1115 3284 σοριπεριάγοντιιι,
1138 3207 1190 3273 sed
1212 3210 1267 3293 qui
1286 3228 1360 3275 cau·

110 3344 115 3389 ε,
172 3309 285 3379 didato
305 3311 459 3377 ambienti
493 3331 527 3376 se
556 3310 809 3395 suffragaturum
835 3307 1005 3395 pollicetur
1034 3311 1119 3396 apud
1152 3312 1360 3383 Plutarchum

173 3414 209 3483 iu
237 3413 399 3502 apophth.
436 3415 572 3480 Roman.
607 3436 637 3502 p.
665 3419 741 3481 100.
774 3415 807 3480 G.
849 3415 1092 3493 ἕποιγγέλλεσοιι
1128 3419 1360 3500 συμπεριάξειν.

110 3600 113 3607 Ι
173 3517 267 3602 Quod
288 3521 345 3606 qui
366 3518 487 3586 lecerat
509 3522 577 3606 ipse
595 3529 726 3606 repente
743 3530 850 3606 petere
872 3521 987 3605 coepit.
1035 3520 1165 3607 corrige
1189 3524 1290 3607 igitur
1317 3524 1360 3590 lo·

172 3643 251 3693 1111111
273 3623 462 3703 Plutarchi,
496 3624 550 3690 ubi
574 3623 748 3690 scribitur:
783 3622 1031 3702 ἐξηπατήθησαν.
1063 3628 1361 3705 caumatum

171 3732 239 3812 γὰρ
258 3731 353 3803 αὐτὸς
366 3731 396 3795 ἕν
415 3733 517 3814 άγορρῖ
530 3732 664 3810 περιιών,
688 3728 742 3795 sed
758 3729 998 3795 rescribendum
1012 3739 1061 3794 cst
1085 3734 1361 3811 παράγγελλε

110 3842 112 3849 ’
172 3834 240 3919 γὰρ
272 3834 388 3913 αὑτάς,
422 3854 495 3900 num
520 3836 887 3922 ρο1ονοποοροιγγὲλλειν
917 3835 1056 3914 dicitur,
1093 3844 1127 3902 ul
1153 3847 1264 3903 uotum
1298 3848 1360 3908 cst.

173 3938 239 4009 sut
262 3939 303 4007 ad
326 3939 543 4006 blemorabiha
570 3939 684 4017 redeo,
711 3941 762 4006 ubi
790 3943 820 4005 in
855 3960 917 4007 usu
945 3939 1033 4005 verbi
1061 3939 1151 4019 άγειν
1175 3941 1237 4007 alio
1269 3943 1362 4011 modo

110 4112 112 4117 .
171 4053 343 4137 muratum
373 4052 423 4112 est
446 4045 485 4110 ll.
510 4065 530 4111 1.
560 4049 621 4112 23:
658 4046 712 4112 ἐάν
744 4042 793 4111 οὖν
824 4047 880 4125 ἐμὲ
914 4049 1011 4130 φίλην
1045 4049 1155 4127 ποιάσρ
1189 4046 1268 4135 [ἐπὶ]
1306 4051 1362 4125 τὴν

173 4152 282 4231 ”itm
303 4175 340 4217 σε
361 4152 413 4217 xci
444 4151 538 4235 ράςιρν
568 4153 632 4218 tatu
665 4150 730 4228 άξω
755 4176 811 4229 σε,
837 4151 892 4217 ubi
912 4150 1095 4237 postulante
1118 4150 1181 4217 loci
1202 4155 1363 4220 sententia

173 4256 382 4344 obloquendi
405 4275 465 4322 usu
489 4257 542 4322 ε’π1
565 4256 782 4324 inducendum
807 4266 865 4323 est.
915 4257 1039 4342 inspice
1066 4255 1159 4322 modo
1185 4256 1291 4324 locum
1314 4260 1362 4325 ri·

173 4362 287 4432 einum
322 4363 424 4446 529:
459 4362 565 4434 ἐννοεῖς
598 4365 636 4438 ὠς
666 4365 815 4444 χοιλεπὶρν
847 4362 898 4428 uari
927 4365 1052 4446 μοικράν
1080 4363 1144 4429 ὁδὸν
1168 4366 1251 4439 -ri
1283 4369 1363 4444 γυνά
