2940 5010
730 283 794 346 758

165 456 201 521 τὸ
217 455 373 537 ψήφισμα
391 450 521 535 γράψαι
542 455 637 527 αὐτός
656 452 822 522 Cimonem
844 457 1025 536 revomuit,
1049 466 1087 525 nt
1103 458 1220 527 soribit
1231 461 1338 535 l’luter·

161 560 244 627 ebus
265 561 296 625 in
322 559 443 626 Pericle
461 579 530 645 cap.
546 564 598 626 10.
644 560 763 627 Critias
786 560 825 629 tle
849 560 1013 629 Alcibiade
1038 566 1232 633 nominatim
1247 570 1338 655 potnit
1369 598 1372 607 ·

164 667 364 752 rogationem
399 664 562 752 perlerre,
597 663 636 732 de
672 687 734 753 qua
767 670 835 755 ipse
870 669 916 735 ita
946 670 1037 737 canit
1067 669 1158 759 npurl
1190 671 1338 747 Plutarrb.

165 772 268 839 ateio.
294 791 365 858 cap.
387 777 448 838 53:

298 881 407 958 γνιόμη
433 878 459 943 δ’
483 876 502 955 ἥ
524 900 559 941 σι
582 878 748 957 κατήγαγ’
771 880 834 957 tyto
856 880 976 955 ταύτην
995 880 1028 945 ἐν
1048 877 1174 947 ἅπασιν

390 979 474 1048 εἷσον
497 982 549 1047 καὶ
575 981 706 1064 γράψας
728 980 854 1065 τοῦργον
877 984 992 1066 ἔδρασα
1014 984 1097 1051 σοῖν.

208 1088 355 1156 Eubulus
378 1087 419 1154 de
448 1086 655 1175 Xenophonte
685 1109 746 1153 non
774 1091 890 1177 potuit.
938 1089 1022 1171 uuit
1055 1091 1146 1159 euim
1179 1089 1340 1179 Xenophon

162 1194 203 1262 ‹le
228 1194 344 1282 populo
378 1192 621 1259 Atheniensium
648 1195 785 1260 meritus
807 1204 856 1261 ost
879 1214 1033 1282 umquam
1057 1203 1118 1263 eut
1142 1196 1224 1283 quill
1247 1196 1288 1265 ab
1310 1218 1341 1265 ιι

162 1301 335 1388 sperabant
355 1299 514 1385 denique,
547 1319 607 1365 our
626 1319 700 1366 eum
725 1300 758 1364 in
784 1302 947 1387 integrum
971 1301 1209 1369 instituerent?
1246 1302 1343 1371 nlnt-

163 1406 341 1483 rabantur,
374 1406 518 1492 inquies,
551 1404 641 1470 illum
667 1405 796 1485 uirum,
820 1407 877 1493 qui
905 1407 975 1481 τοὺς
1006 1407 1131 1489 μνρόονι
1167 1408 1282 1475 barro
1309 1410 1345 1485 ae

163 1515 219 1589 ιην
240 1511 393 1578 Ἐλλάδα.
442 1509 609 1596 Spartanis
636 1509 737 1588 liaeo,
761 1532 823 1577 non
846 1512 929 1591 sibi,
952 1511 1081 1580 laudem
1102 1522 1136 1580 et
1157 1514 1345 1581 emolumen-
1384 1564 1386 1569 -

163 1628 234 1685 tum
265 1617 413 1684 attulisse
444 1618 523 1681 satis
547 1616 714 1695 sciebant,
745 1627 777 1684 et
803 1617 1043 1704 Xenophontem
1071 1620 1125 1686 nlo
1149 1619 1346 1704 φιλολόιιιιιι

162 1723 253 1789 brevi
278 1730 349 1810 post
372 1722 468 1788 exilio
503 1720 719 1787 multaverunt
747 1723 799 1789 ἐπὶ
822 1725 1019 1806 λακωνισμῷ.
1067 1722 1149 1805 Quis
1182 1724 1346 1792 Athenien·

161 1830 246 1895 sium
272 1828 336 1894 illis
359 1825 559 1914 temporibus
590 1825 831 1912 Xenophontem
860 1828 908 1895 vel
934 1830 1188 1896 nominetenus
1216 1850 1345 1897 oomrm

163 1933 328 2001 moraviti
352 1931 540 2000 Clearolmm
565 1950 658 2018 saepe
681 1935 867 2014 nominant,
891 1933 1134 2021 Xenophontem
1162 1954 1344 2022 numquam

163 2038 262 2106 Exsul
292 2046 362 2104 erat
393 2047 426 2103 et
459 2037 584 2104 civibus
616 2036 746 2105 odiosus
777 2041 945 2120 μισόδημος
974 2042 1060 2121 ἀνήρ.
1116 2040 1200 2107 Erat
1226 2049 1346 2119 temen,

162 2145 312 2232 inquies,
345 2141 502 2209 Anabasis
526 2143 558 2207 in
585 2140 753 2208 hominum
783 2143 1015 2230 elegantiorem
1042 2143 1208 2211 menibus.
1257 2145 1346 2221 Erat,

158 2249 219 2317 sed
250 2268 320 2315 eam
350 2250 458 2314 neseio
490 2267 554 2333 quo
577 2246 671 2312 modo
704 2247 877 2335 Xenophon
911 2248 1038 2316 nolebat
1068 2269 1087 2317 e
1121 2269 1159 2317 se
1195 2252 1343 2338 seriptu-

160 2354 274 2422 rideri.
322 2354 402 2420 blira
425 2372 479 2419 res
499 2361 571 2431 est,
601 2352 696 2417 euius
727 2372 809 2439 quae
832 2373 929 2420 eausa
957 2374 1028 2420 esse
1050 2356 1196 2441 potuerit
1221 2374 1344 2443 prorem

160 2480 226 2526 non
251 2457 417 2543 intelligo,
449 2457 505 2524 sed
528 2465 617 2523 certa
651 2477 702 2523 res
725 2466 783 2524 est.
825 2459 910 2525 Audi
939 2458 1034 2525 modo
1057 2480 1142 2546 quae
1173 2460 1344 2548 dicatique

162 2563 336 2651 Xenophon
364 2563 396 2628 in
428 2562 600 2628 llelleniois
622 2561 676 2627 lll.
701 2582 721 2628 ι.
748 2566 788 2628 2:
823 2566 863 2638 ὡς
886 2566 943 2643 μὲν
975 2561 1024 2631 οὖν
1059 2570 1155 2647 Κῦρος
1186 2562 1341 2649 enecent

160 2696 196 2738 σε
232 2667 375 2745 συνέλεξε
407 2668 460 2734 καὶ
495 2670 581 2734 τοῦτ’
615 2668 697 2750 ἔχων
731 2668 830 2749 ἀνέβη
854 2669 905 2735 ἐπὶ
935 2671 987 2736 σόν
1009 2670 1150 2753 ἀδελφόν
1181 2673 1237 2737 καὶ
1268 2672 1339 2747 rici

159 2776 255 2859 μάχη
279 2776 402 2855 ἐγένετο
426 2774 479 2840 καὶ
503 2776 542 2847 ὥς
566 2774 702 2839 οὶιιέόανε
724 2774 777 2839 καὶ
806 2777 845 2847 ὡς
878 2776 913 2840 εἰι
940 2776 1050 2841 σούσον
1083 2777 1292 2853 ἀπεσώθησαν
1316 2777 1338 2842 σι’

160 2885 315 2958 Ἕλληνες
346 2881 396 2946 ἐπὶ
430 2878 594 2945 θάλατταν
630 2879 910 2958 Θεμιςογὲνει
939 2882 989 2963 τῷ
1022 2885 1265 2965 Συρακοσίῳ
1288 2881 1337 2962 γέμ

162 3010 364 3070 γραπται.
411 2984 627 3066 Quantumvis
644 2985 730 3049 enim
752 2983 910 3050 mirabilis
930 3005 981 3051 res
998 3005 1069 3052 esse
1089 2985 1259 3064 videatur,
1283 2996 1337 3053 tum

159 3093 320 3160 disertum
345 3090 405 3156 boc
428 3090 651 3157 testimonium
674 3097 724 3154 est
747 3097 782 3153 ut
806 3110 940 3177 prorsus
965 3090 1109 3157 dubitari
1135 3112 1199 3158 uon
1232 3091 1338 3179 possit,

160 3200 240 3285 quin
273 3195 431 3264 Anabasis
464 3192 517 3259 illo
548 3202 710 3279 tempore,
746 3194 814 3281 ipso
844 3195 1052 3283 Xenophonte
1075 3198 1122 3263 sie
1154 3196 1338 3274 volente,u

159 3305 407 3389 Theruistogene
430 3299 633 3387 Syracusano
646 3300 767 3384 scripta
787 3321 857 3367 esse
881 3302 1065 3367 existimata
1090 3301 1199 3368 luerit
1248 3302 1338 3369 Xeno

160 3410 245 3498 pbon
271 3411 393 3474 interea
428 3405 661 3492 Spartanorum
693 3404 885 3473 liberalitate
908 3408 939 3472 in
966 3406 1183 3494 Peloponneso
1213 3426 1338 3475 securus
1384 3452 1386 3491 2

152 3515 329 3583 -lruebatur
349 3523 380 3581 et
400 3512 521 3596 ingenii
543 3518 751 3576 monumenta
776 3513 809 3577 in
829 3514 894 3578 otio
917 3512 1071 3579 condidit.
1119 3512 1188 3579 Hoc
1212 3512 1339 3600 populus

160 3621 405 3688 Atheniensium
427 3617 560 3684 curabat
583 3617 716 3682 scilicet.
765 3618 933 3686 Praeterea
958 3618 1017 3685 lroc
1039 3619 1166 3705 cogita:
1190 3620 1220 3685 si
1247 3620 1339 3685 Xeno

158 3727 243 3815 phou
276 3723 437 3793 Eubulum
462 3723 606 3790 consiliis
635 3722 788 3790 adiuvare
820 3723 921 3791 voluit
945 3732 977 3790 et
1003 3725 1135 3791 edocere
1159 3744 1225 3812 qno
1258 3732 1341 3812 paeto

158 3853 260 3918 remp.
285 3829 399 3918 opibus
420 3839 568 3915 augeret,
591 3849 688 3915 prope
709 3829 846 3895 dixerim
868 3830 890 3896 oi
911 3827 946 3906 ὗς
964 3832 1024 3897 τόν
1044 3833 1187 3905 Ἀθηνᾶν.
1225 3830 1261 3897 Si
1283 3833 1342 3917 ipse

158 3938 305 4006 Eubulus
336 3934 456 4022 aliquid
493 3934 531 4001 de
557 3935 597 3999 iis
627 3934 723 4000 rebus
759 3934 900 4001 scribere
934 3936 1087 4003 voluisset
1119 3935 1184 4001 alia
1217 3938 1342 4012 ornnie,

159 4043 273 4122 eretlo,
307 4041 374 4123 περὶ
395 4041 492 4122 πόρον
514 4039 704 4126 legeremus.
753 4039 965 4119 subrisisset,
999 4051 1035 4108 ut
1067 4043 1202 4129 opinor,
1239 4042 1342 4109 Eubu-

159 4151 212 4218 lus
239 4149 279 4215 ad
314 4147 651 4234 nragnilloentissinms
684 4146 812 4213 candidi
846 4147 932 4212 senis
968 4147 1234 4233 pollicitationes,
1267 4166 1345 4235 quae

159 4257 313 4344 leguntur
339 4254 394 4338 lll.
419 4258 539 4320 9-10.
590 4251 741 4320 Sollerter
773 4252 1006 4320 demonstravit
1033 4252 1215 4320 Boeelrlrius
1245 4256 1345 4322 Xeno

159 4362 312 4449 phontem
350 4359 447 4426 luisse
481 4360 576 4425 καλόν
615 4359 754 4438 κόγαόόν
785 4360 890 4446 magis
925 4377 1021 4445 quam
1057 4359 1232 4441 χρημάτων
1269 4384 1346 4440 ιιορι-
