2940 5010
692 262 757 325 504

135 439 194 506 vit.
241 436 398 504 hdmonet
423 454 474 502 me
498 432 577 501 illod
601 432 791 502 vocabulum
815 433 996 522 turpissimi
1017 434 1153 513 erroris,
1176 436 1233 522 qrri
1254 436 1326 525 pul·

136 542 336 611 uberrimum
360 539 578 627 Xenophontis
607 538 712 606 loeum
740 539 978 619 commaculat,
1008 559 1104 629 quem
1129 540 1213 629 ¹quid
1237 552 1329 609 uetat

138 651 173 715 in
196 657 386 714 transcursu
408 645 577 713 indicare?
612 644 745 729 Legitur
766 647 798 711 io
823 644 996 713 llellenieis
1017 645 1072 714 tv,
1097 666 1118 713 ι.
1143 648 1163 733 §
1186 650 1243 713 57.
1268 646 1327 714 ubi

136 752 364 821 Pharnabazus
392 752 538 837 Agesilao
562 748 602 817 ad
629 748 840 818 delectionem
864 771 900 819 se
922 752 1108 819 sollicitanti
1131 750 1328 819 eandidissi-

137 878 191 927 me
221 859 268 925 sie
296 855 487 945 respondet:
519 857 574 923 ίοδν
603 856 758 937 βασιλεὺς
791 856 890 923 ἄλλον
916 858 974 938 μὲν
1004 859 1162 941 armeris
1187 858 1329 943 τίμη,

136 966 194 1046 ίμδ
223 964 256 1031 bi
287 964 416 1041 ὕτνίιιοον
449 961 561 1029 ἐκείνου
586 960 710 1047 τοίττῃ,
738 962 935 1043 βονλιίοομαι
969 965 1042 1043 ὑμίν
1064 962 1117 1031 nal
1151 964 1247 1047 φίλος
1269 964 1328 1032 καί

136 1071 310 1151 σύμμαχος
344 1064 444 1135 εἶναι·
478 1068 534 1133 ἐὰν
556 1067 661 1147 μίντοι
683 1092 735 1147 μοι
757 1070 813 1143 τὴν
846 1070 948 1152 cinxit
977 1067 1157 1155 τροςοίττῃ,
1184 1068 1327 1137 τοιοῦτόν

137 1201 194 1255 τι,
216 1178 256 1250 ὥς
278 1172 377 1251 ἔοικε,
398 1174 567 1257 φιλοτιμία
594 1171 679 1250 isio,
708 1169 744 1240 εὖ
765 1176 827 1256 χρὴ
858 1174 968 1241 εἰδέναι
991 1171 1037 1241 ὅτι
1059 1174 1229 1255 πολεμίοιν
1251 1175 1329 1255 ὑμῖν

139 1285 179 1356 ὡς
208 1279 247 1347 ἂν
272 1279 408 1358 διίνωμαι
438 1278 544 1362 δοντα.
590 1277 657 1344 Non
687 1285 835 1365 poterat,
872 1285 909 1345 ut
938 1280 1069 1365 opinor,
1099 1280 1247 1367 apertius
1276 1298 1330 1345 re·

139 1383 308 1475 spondere.
356 1383 486 1450 llixerat
510 1392 619 1450 autem
642 1384 709 1450 sio:
733 1384 788 1450 tato
817 1384 922 1464 ptores
946 1384 1030 1465 inei
1052 1386 1110 1461 rho
1129 1386 1235 1467 ἀρχὴν
1254 1406 1330 1467 τρο·

140 1490 264 1574 ςοίττμ,
294 1485 328 1555 εὖ
356 1488 547 1571 missilium
571 1490 636 1555 ιιτὲ.
683 1488 746 1571 Qui
777 1487 856 1558 baeu
887 1488 964 1556 olim
997 1487 1122 1577 legebat
1145 1488 1232 1577 quod
1263 1488 1330 1557 sibi

142 1597 229 1662 inter
250 1591 420 1681 legendum
442 1602 573 1661 venerat
594 1596 628 1660 in
651 1604 791 1662 mentem
816 1595 849 1661 in
874 1593 948 1661 libri
978 1594 1031 1661 sui
1057 1613 1114 1661 ora
1140 1594 1331 1663 annotarit:

140 1701 274 1769 τοιοῦτον
296 1724 347 1779 τι,
369 1703 409 1775 ὡς
432 1699 548 1777 ἔοικεν,
573 1703 591 1776 si
613 1701 783 1783 φιλοτιμία
803 1701 889 1777 islo,
915 1698 1012 1787 idque
1034 1699 1138 1766 mullo
1162 1702 1269 1787 magis
1287 1698 1331 1767 ad

143 1808 283 1895 priorem
304 1803 382 1872 dieti
406 1812 531 1893 partem
556 1825 652 1893 quam
676 1804 716 1872 ad
741 1806 951 1893 posteriorem
975 1804 1174 1892 pertinebat,
1196 1813 1236 1872 ut
1262 1824 1332 1873 rna·

141 1909 298 1979 nilestum
330 1918 391 1978 est.
438 1910 551 1988 Nune,
583 1920 752 1999 postquam
776 1931 814 1978 ea
836 1910 1104 1978 annotatiunculae
1137 1911 1171 1976 in
1202 1917 1332 1977 textum

142 2018 296 2105 irrepsit,
321 2015 549 2084 Pharnabazus
571 2016 686 2084 stolide
707 2036 746 2083 ea
769 2014 887 2083 dixisse
907 2016 1057 2094 videtur,
1083 2034 1166 2103 quae
1194 2013 1335 2103 quilibet

141 2123 228 2190 alius
250 2123 435 2190 mortalium
459 2123 493 2187 io
518 2121 575 2188 tali
596 2142 632 2189 re
659 2123 885 2211 potiusquam
917 2123 985 2210 ipse
1018 2120 1126 2189 disere
1155 2118 1333 2189 debuisset

143 2229 181 2296 Si
212 2229 286 2317 quis
314 2228 354 2295 ad
383 2227 462 2295 haee
496 2226 715 2314 Xenophontis
742 2226 863 2293 librum
888 2227 1005 2294 evolvit
1033 2228 1066 2292 in
1097 2224 1210 2293 eadem
1241 2234 1335 2313 parte

145 2332 301 2400 historiae
321 2340 390 2400 tres
413 2333 492 2400 alios
515 2330 721 2399 librariorum
741 2350 868 2399 errores
894 2331 1004 2399 videat
1026 2351 1067 2399 an
1088 2349 1217 2399 meeum
1237 2350 1334 2417 agno·

145 2445 217 2505 seat
237 2445 272 2505 et
299 2436 410 2505 eodem
434 2434 528 2503 modo
550 2437 721 2504 emendare
745 2436 837 2505 velit:
869 2437 954 2524 quod
977 2439 1009 2504 in
1034 2442 1053 2525 ς
1074 2442 1128 2505 bb.
1153 2434 1284 2504 editur:
1305 2438 1333 2503 ai

146 2545 204 2623 μὲν
226 2541 432 2620 οίλλοίξαοίαί
460 2568 496 2609 τε
523 2542 582 2609 ἔδει
605 2543 675 2609 cirri
707 2542 855 2610 δεσπότου
887 2544 1045 2623 βασιλέως
1069 2546 1153 2622 ἡμᾶς
1175 2541 1333 2617 δεσπότις

146 2651 201 2715 οὐκ
232 2646 271 2714 ἂν
302 2647 407 2728 ἔγωγέ
434 2671 479 2714 σοι
502 2648 744 2727 συνεβούλευον,
776 2656 937 2735 expuncto
972 2668 1036 2715 uno
1058 2645 1213 2714 vocabulo
1236 2645 1336 2713 latias

148 2762 187 2820 ut
209 2752 330 2821 Graeca
353 2762 385 2820 et
409 2752 618 2841 Xenophonte
646 2753 743 2840 digna
766 2755 809 2820 sit
831 2757 954 2821 oratio:
979 2753 1061 2840 lege:
1084 2754 1155 2820 olori
1174 2752 1334 2833 βασιλέως

151 2862 235 2945 ἡμᾶς
258 2859 424 2933 δεσπότας.
472 2860 510 2925 ln
541 2862 643 2947 §biit
676 2860 777 2925 καίτοι
808 2861 834 2925 εί
862 2858 935 2940 α”μα
959 2857 1111 2941 ἔλειίίερδο
1134 2861 1165 2924 τ’
1187 2859 1254 2934 εἴης
1279 2859 1333 2925 καί

148 2964 294 3038 πλούσιος
317 2964 436 3045 γένοιο,
459 2965 539 3038 τίνος
568 2966 607 3033 ἂν
631 2964 732 3030 δέοιο
765 2965 810 3042 μίν
840 2965 911 3047 οὐχί
948 2966 1086 3045 τοίμταν
1118 2964 1274 3043 εὐδαίμων
1293 2960 1335 3030 εί·

149 3092 215 3144 ναις
238 3068 373 3137 verbum
396 3070 504 3150 δέομαι
528 3070 706 3137 sententiae
731 3088 793 3135 non
825 3071 997 3144 convenit,
1024 3088 1127 3156 neque
1153 3088 1231 3135 emu
1262 3067 1335 3135 inli-

152 3176 253 3242 nitivo
271 3194 309 3242 eo
333 3195 429 3244 sensu
457 3177 689 3262 coniungitur,
715 3172 769 3241 sed
799 3178 871 3255 πρὸς
890 3177 926 3241 τὸ
953 3176 1107 3255 εὐδαίμων
1129 3170 1208 3241 εἶναι
1231 3172 1335 3242 luerat

149 3280 332 3347 dicendum.
389 3280 542 3368 Suspicor
575 3280 651 3347 olim
689 3280 720 3344 in
756 3278 850 3345 libris
880 3278 980 3346 luisse
1015 3300 1077 3347 non
1109 3289 1246 3347 ΔΕΟΙΟ
1280 3278 1336 3347 sed

149 3395 279 3456 ΔΕΟΙο
312 3385 584 3471 seribendumque
608 3405 679 3451 esse
708 3384 787 3458 τίνος
809 3384 848 3451 ἂν
873 3385 948 3459 δίοια
971 3423 1017 3436 -
1039 3381 1135 3461 alren
1157 3394 1195 3452 ut
1219 3390 1337 3453 πολλοῦ

150 3490 225 3569 δέω,
246 3490 353 3570 ὀλίγον
376 3491 454 3568 δέω,
477 3491 622 3558 τοσούτου
640 3490 694 3557 δὲω
706 3528 742 3539 -
763 3486 840 3555 εἶναι
864 3488 1012 3556 dicebant
1032 3510 1153 3557 omneS.
1201 3488 1336 3559 Omnem

151 3595 341 3684 scrupulum
363 3596 484 3662 eximet
502 3591 674 3681 Euripides
698 3596 731 3660 in
756 3593 935 3661 Troadibus
956 3615 1001 3661 rs.
1024 3599 1109 3662 792:

376 3701 456 3774 τίνος
479 3701 617 3781 ἐνδέομεν
637 3702 681 3780 μίν
702 3703 736 3767 οὐ
757 3700 912 3785 τανονδίμ

445 3814 555 3887 χωρεῖν
579 3807 696 3887 ίλίίρον
720 3806 771 3872 διὰ
796 3806 936 3881 ποντίας

151 3912 281 3979 Tertius
302 3932 392 3979 error
421 3921 469 3979 est
494 3912 525 3977 iu
551 3915 655 4000 §⁵⁸²
686 3910 761 3990 οἵδ’,
783 3910 805 3978 ὦ
829 3914 931 3994 λῷςε,
955 3912 994 3978 σὺ
1017 3915 1150 3984 τοιοῦτος
1173 3912 1214 3977 ὢν
1239 3913 1334 3995 Φίλος

151 4022 224 4099 ἡμῖν
252 4021 368 4099 γένοιο,
398 4019 478 4084 satis
504 4027 551 4084 est
588 4017 707 4084 dixisse
729 4037 766 4085 ea
790 4016 885 4083 verba
913 4017 959 4083 sio
987 4012 1214 4083 constituenda
1245 4036 1335 4085 esse:

151 4126 225 4202 stt,
250 4123 272 4192 ὦ
295 4128 373 4207 λῷςε
403 4124 459 4201 od,
483 4128 616 4196 τοιοῦτος
642 4124 680 4189 do
709 4125 774 4189 ιιτὲ.
799 4120 1067 4210 quemadmodum
1096 4119 1119 4187 ὦ
1142 4123 1253 4206 πονηρὲ
1279 4122 1340 4202 ον’,

149 4232 171 4298 ὦ
194 4232 328 4314 μοχίνρὲ
353 4229 412 4306 ον’,
441 4226 616 4307 ὦβίλτιςε
639 4229 700 4308 τοί,
724 4230 803 4308 alia,
828 4228 978 4296 omnihus
1003 4237 1073 4297 erat
1096 4228 1255 4297 usitatum
1289 4228 1340 4297 di·

150 4359 233 4405 coro.
281 4334 386 4403 Redeo
410 4334 449 4401 od
483 4333 696 4421 Ertripidem,
732 4334 786 4402 sod
816 4344 852 4402 ut
884 4356 922 4402 os
947 4336 1017 4404 eius
1052 4334 1120 4403 loeo
1139 4336 1247 4413 γλυκὺ
1282 4336 1341 4415 μὲν
