2940 5010
685 290 747 353 lll

141 476 190 525 erte
205 456 377 547 scriptum.
423 456 512 526 ldem
537 461 651 527 ritiurn
676 464 709 529 iu
734 463 855 530 eodem.
882 484 911 550 p.
936 468 991 531 65.
1015 442 1033 531 o
1056 462 1164 532 codice
1195 484 1301 535 eorre-

136 670 195 749 μὶ
219 670 405 746 catienus.
432 668 488 737 ubi
519 667 696 739 Vossianus
724 672 806 739 liber
835 684 923 741 recte
953 674 1017 756 γάρ
1048 683 1123 759 σφιν
1151 678 1298 760 οὶχρεῖον,

135 774 186 863 ipa
202 778 312 843 aulem
335 773 482 843 lulianus
511 796 679 864 perperam
711 786 804 861 σφιν,
831 787 866 845 ut
886 779 962 847 alibi
984 781 1090 865 οφίον,
1113 801 1170 869 pro
1193 785 1299 855 circle

131 880 231 969 punit,
252 877 526 967 quemadmodum
547 883 720 969 pascimin
740 883 931 951 Graecitatis
950 888 1103 973 autiquae
1119 887 1300 955 imitatione

133 984 261 1075 inpingit
279 994 314 1053 ot
336 984 458 1053 labitur
485 1007 560 1054 oum
589 987 777 1074 aequalibus
801 989 960 1056 erunibus.
1008 990 1223 1078 spanhemius
1244 993 1299 1057 llo·

131 1088 215 1159 llrmr
237 1092 397 1179 optimum
421 1092 623 1179 negligenter
654 1092 707 1159 bic
735 1092 802 1159 illio
832 1095 971 1182 inspexit
1000 1096 1104 1181 magis
1127 1115 1224 1183 quarn
1248 1116 1299 1162 ac·

129 1204 222 1265 mn
251 1196 398 1265 excussit
426 1216 532 1285 neque
559 1197 662 1265 oculis
692 1199 878 1265 exercitatis
904 1199 993 1286 legit.
1040 1202 1141 1269 Cuius
1164 1202 1211 1268 rei
1237 1221 1301 1267 uno

129 1300 254 1391 mtmplo
273 1310 350 1371 utar
367 1300 409 1371 ad
428 1301 682 1369 confirmandam
706 1302 960 1373 observationem
985 1304 1299 1395 palaeographieaur,

129 1426 208 1495 qum
229 1406 263 1475 in
286 1406 509 1495 prioreparte
533 1406 685 1475 indicavi.
733 1408 809 1495 Pag.
834 1415 911 1477 537.
935 1413 972 1477 Α.
1004 1410 1124 1497 legitur
1146 1408 1161 1479 ὃ
1186 1413 1222 1488 bb
1246 1413 1298 1478 κονὶ

129 1512 207 1589 virle
223 1514 410 1591 molere,
432 1512 647 1602 spanhemius
666 1534 685 1580 c
705 1514 795 1581 Voss.
817 1513 911 1583 alleri
928 1514 1107 1600 ξονορὶοθοον,
1129 1536 1231 1604 quum
1252 1515 1298 1582 di-

129 1626 199 1689 tle
213 1616 342 1707 loqutus
357 1616 538 1699 ξυννονροοις,
559 1618 615 1687 sed
628 1626 663 1686 ui
676 1640 734 1707 pro
745 1644 802 1687 ·νιο
819 1620 1075 1708 compendiolum
1094 1622 1298 1688 notissimum

129 1722 268 1811 tipum
287 1724 347 1801 sit,
364 1722 449 1810 quod
464 1723 577 1793 literae
589 1751 608 1791 ο
621 1722 799 1792 adhaerens
814 1728 830 1791 d
852 1726 973 1794 relerro
990 1725 1147 1794 videatur.
1177 1726 1299 1795 Eodem

129 1828 246 1919 lodop.
259 1832 338 1897 ott.
351 1828 384 1895 ll.
399 1827 646 1912 ἐνεργασάμενος
657 1841 697 1914 τῇ
710 1838 802 1915 ψυχῇ
815 1834 867 1899 κοοὶ
887 1830 988 1913 ὥσπερ
1007 1834 1186 1906 ἕντυπώοοος
1200 1831 1301 1919 Span-

129 1930 240 2003 htnlus
259 1934 436 2017 lrmdolp
455 1934 606 2021 imperite
633 1934 742 2013 alleri,
773 1958 874 2024 quum
905 1939 1084 2011 ἕντνπώοοος
1108 1938 1152 2003 sit
1178 1936 1300 2023 liquido

128 2040 279 2129 ulpium.
325 2038 447 2107 nauem
468 2059 523 2107 res
542 2040 576 2105 in
602 2039 763 2129 Hesycbio
790 2041 900 2109 oculos
923 2041 1077 2109 Schowii'
1093 2040 1219 2119 lelelht,
1241 2043 1297 2127 qui

122 2162 213 2243 μ
233 2144 369 2213 unicum
391 2142 591 2213 Marcianum
614 2145 763 2213 Godicem
790 2154 1052 2233 perscrutaretur
1075 2148 1108 2213 in
1132 2165 1208 2213 voce
1230 2150 1299 2223 Μή·

122 2248 173 2331 <bl
189 2256 219 2321 τ’
238 2248 369 2333 hinnu,
391 2249 551 2317 enotavit:

122 2340 126 2451 ἱ
333 2355 625 2441 μήδεοτεξερύοθλοο
647 2356 665 2434 ἢ
688 2358 774 2426 κυσὶν
797 2356 870 2438 οἴμοι
892 2357 1025 2438 odoror,

122 2466 213 2550 {qum
234 2460 362 2551 legatur
383 2460 537 2544 εξερύοοιο
565 2477 610 2529 λος
633 2464 651 2539 i
675 2465 761 2531 rocio
788 2463 899 2531 eodem
922 2463 1017 2531 modo
1049 2466 1170 2553 scripta
1201 2473 1299 2551 atque

122 2568 278 2659 {wdone
300 2568 335 2635 in
355 2566 544 2647 charitone,
567 2566 734 2646 ξυννονὶοοος
755 2578 787 2636 el
806 2571 986 2646 ἐντυπώοοις
1006 2571 1039 2638 in
1062 2570 1197 2639 lullutto.
1232 2571 1298 2637 llu-

122 2686 210 2765 prus
229 2692 269 2741 ex
292 2670 347 2741 illo
366 2680 509 2740 stercore
532 2674 618 2741 eruit
641 2674 828 2745 Homerica:

122 2770 138 2829 l·
288 2776 393 2859 added
414 2781 445 2845 τ’
466 2776 612 2863 ἐξερύσας
634 2779 692 2864 δῴη
715 2782 803 2848 κυσὶν
827 2783 897 2861 ὠμοὶ
921 2780 1087 2850 briencione.

146 2960 149 2965 ,
178 2882 232 2951 isli
247 2880 350 2951 libros
371 2892 496 2953 veteres
515 2883 739 2953 describebant
759 2884 893 2953 seilicet.
931 2886 1100 2954 Schowius
1126 2907 1197 2974 pag.
1220 2890 1299 2955 libb.

245 2988 282 3057 ln
310 2988 474 3078 scriplura
501 2989 643 3058 Codicis:
674 2988 710 3058 ὃν
733 2993 797 3059 ἀπὸ
827 2994 938 3074 χθονὸς
969 2992 1064 3075 ὑψόοσ
1087 2992 1192 3074 ἔργον,
1216 3011 1298 3076 quae

173 3078 178 3087 ⁸
222 3092 377 3163 llusurns
399 3096 557 3182 expunxit
586 3116 649 3163 nou
679 3096 866 3165 recordatus
889 3097 1019 3162 Homeri
1049 3095 1138 3163 Iliad.
1164 3106 1196 3165 Ξ.
1221 3101 1296 3162 549.

159 3198 223 3269 hd
239 3200 349 3283 χθονὸς
368 3199 460 3285 ὑψός’
478 3200 594 3286 ἔεργεν.
634 3201 672 3269 ln
693 3222 769 3269 vooo
792 3200 888 3280 ὅπως,
909 3198 958 3267 ivor
981 3199 1062 3274 ὅπως
1083 3210 1158 3274 ποεῖς
1178 3203 1296 3283 ὀφθαλ-

146 3302 184 3387 s,
212 3302 367 3373 ltunurm
390 3307 532 3374 resecuit
566 3315 644 3381 ποεῖς
672 3308 853 3391 ὀφθαλμός,
885 3325 985 3392 quum
1014 3304 1091 3372 darc
1118 3304 1295 3375 debuisset:

217 3434 227 3479 :
256 3406 328 3479 ἵνα.
350 3412 536 3486 Ὀνεονποοῖςε
563 3413 750 3495 ὀφθαλμοῖς.
804 3412 907 3494 Quam
939 3409 1053 3477 vellem
1081 3410 1208 3489 Critioi,
1239 3414 1294 3497 qni

141 3502 147 3527 ⁵
231 3514 426 3605 quisquilias
438 3516 537 3583 nimis
554 3515 726 3603 diligenter
742 3515 922 3603 exproliunt,
940 3515 1163 3583 inexhaustam
1181 3537 1294 3602 gazam

189 3620 342 3691 chianam
365 3620 477 3689 eadem
499 3640 578 3688 cura
604 3631 773 3689 ornassent
795 3632 828 3689 et
851 3623 997 3689 omnium
1019 3623 1093 3688 usui
1117 3641 1294 3688 accommo

219 3734 243 3795 l.
280 3724 372 3811 Quod
394 3726 512 3794 luliani
531 3726 680 3794 Codicern
701 3725 889 3794 Leidensem
909 3726 1120 3815 archetypum
1139 3724 1205 3791 dixi
1225 3746 1294 3793 csse

122 3836 145 3923 J
177 3832 248 3901 'nm
272 3832 548 3921 apographorum,
574 3832 659 3901 unde
691 3834 849 3920 Principis
874 3834 994 3919 scripta
1023 3830 1129 3898 adbuc
1151 3830 1238 3897 edita
1260 3842 1294 3900 et

122 3934 248 4058 'praeta
260 3936 400 4019 luerint,
411 3937 543 4017 alias,si
555 3938 633 4025 qnid
646 3937 860 4015 dabiturotii‚
877 3938 1063 4025 planissime
1075 3935 1295 4004 demonstrare

146 4044 271 4119 animo
290 4050 354 4113 cst.
395 4042 489 4111 llunc
512 4044 591 4109 satis
614 4043 676 4111 erit
705 4043 824 4110 dixisse
854 4043 987 4110 lacunas
1017 4062 1145 4120 omnes,
1175 4041 1294 4130 quibus

122 4064 219 4229 hi
251 4146 354 4217 libros
381 4168 470 4217 nunc
502 4148 651 4215 latiscere
682 4148 842 4225 vidonnrs,
872 4148 948 4216 binc
979 4169 1049 4217 osse
1080 4156 1186 4225 natas,
1210 4150 1296 4235 quod

122 4260 284 4355 'ienlem
314 4261 346 4322 et
374 4252 542 4323 evanidam
569 4254 734 4322 Leidonsis
763 4253 838 4320 libri
865 4255 1060 4342 scripturam
1091 4251 1241 4340 expedire
1264 4266 1296 4323 ot

122 4362 231 4459 aqui
255 4378 319 4431 nou
337 4368 470 4449 potuere
488 4360 627 4441 scribac,
649 4360 705 4447 qni
723 4360 903 4449 aprographa
917 4360 1134 4433 coniecerunt
1168 4358 1297 4431 hacona
