<?xml version="1.0" encoding="UTF-8"?>
<!DOCTYPE html PUBLIC "-//W3C//DTD XHTML 1.0 Transitional//EN"
    "http://www.w3.org/TR/xhtml1/DTD/xhtml1-transitional.dtd">
<html xmlns="http://www.w3.org/1999/xhtml" xml:lang="en" lang="en">
 <head>
  <title>
</title>
<meta http-equiv="Content-Type" content="text/html;charset=utf-8" />
  <meta name='ocr-system' content='tesseract 3.04.00' />
  <meta name='ocr-capabilities' content='ocr_page ocr_carea ocr_par ocr_line ocrx_word'/>
</head>
<body>
  <div class='ocr_page' id='page_1' title='image "./novaelectionesq00cobegoog/novaelectionesq00cobegoog_0499.png"; bbox 0 0 2940 5010; ppageno 0'>
   <div class='ocr_carea' id='block_1_1' title="bbox 703 282 766 346">
    <p class='ocr_par' dir='ltr' id='par_1_1' title="bbox 703 282 766 346">
     <span class='ocr_line' id='line_1_1' title="bbox 703 282 766 346; baseline -0.032 0"><span class='ocrx_word' id='word_1_1' title='bbox 703 282 766 346; x_wconf 81' lang='lat' dir='ltr'><strong>let</strong></span> 
     </span>
    </p>
   </div>
   <div class='ocr_carea' id='block_1_2' title="bbox 148 455 1346 4431">
    <p class='ocr_par' dir='ltr' id='par_1_2' title="bbox 150 455 1346 2543">
     <span class='ocr_line' id='line_1_2' title="bbox 196 455 1344 543; baseline -0.002 -18"><span class='ocrx_word' id='word_1_2' title='bbox 196 458 382 526; x_wconf 86' lang='lat' dir='ltr'><strong>Reourrunt</strong></span> <span class='ocrx_word' id='word_1_3' title='bbox 405 455 650 543; x_wconf 69' lang='lat' dir='ltr'><strong>interpolatores</strong></span> <span class='ocrx_word' id='word_1_4' title='bbox 672 455 709 523; x_wconf 86' lang='lat' dir='ltr'><strong>V.</strong></span> <span class='ocrx_word' id='word_1_5' title='bbox 734 477 776 522; x_wconf 83' lang='grc' dir='ltr'><strong>ιι.</strong></span> <span class='ocrx_word' id='word_1_6' title='bbox 803 461 854 522; x_wconf 82' lang='grc'><strong>11.</strong></span> <span class='ocrx_word' id='word_1_7' title='bbox 886 459 912 522; x_wconf 79' lang='grc' dir='ltr'><strong>οἱ</strong></span> <span class='ocrx_word' id='word_1_8' title='bbox 935 458 993 537; x_wconf 82' lang='grc' dir='ltr'><strong>μίν</strong></span> <span class='ocrx_word' id='word_1_9' title='bbox 1024 457 1202 524; x_wconf 78' lang='grc' dir='ltr'><strong><em>ὑπώπτευον</em></strong></span> <span class='ocrx_word' id='word_1_10' title='bbox 1224 457 1344 541; x_wconf 77' lang='grc' dir='ltr'><strong><em>φιλίοις</em></strong></span> 
     </span>
     <span class='ocr_line' id='line_1_3' title="bbox 152 560 1346 645; baseline -0.001 -15"><span class='ocrx_word' id='word_1_11' title='bbox 152 561 242 630; x_wconf 76' lang='grc' dir='ltr'><strong><em>ἕνεκά</em></strong></span> <span class='ocrx_word' id='word_1_12' title='bbox 265 572 321 639; x_wconf 75' lang='grc' dir='ltr'><strong>τῆς</strong></span> <span class='ocrx_word' id='word_1_13' title='bbox 353 563 474 645; x_wconf 80' lang='grc' dir='ltr'><strong><em>Κοράλοι</em></strong></span> <span class='ocrx_word' id='word_1_14' title='bbox 498 562 604 641; x_wconf 75' lang='grc' dir='ltr'><strong><em>λέγειν</em></strong></span> <span class='ocrx_word' id='word_1_15' title='bbox 626 598 693 639; x_wconf 93' lang='lat'><strong>-‚</strong></span> <span class='ocrx_word' id='word_1_16' title='bbox 717 563 744 627; x_wconf 87' lang='grc' dir='ltr'><strong>οί</strong></span> <span class='ocrx_word' id='word_1_17' title='bbox 766 562 798 627; x_wconf 71' lang='grc' dir='ltr'><strong>δὲ</strong></span> <span class='ocrx_word' id='word_1_18' title='bbox 833 560 886 628; x_wconf 74' lang='lat' dir='ltr'><strong>nai</strong></span> <span class='ocrx_word' id='word_1_19' title='bbox 909 565 949 637; x_wconf 75' lang='grc' dir='ltr'><strong>ὥς</strong></span> <span class='ocrx_word' id='word_1_20' title='bbox 971 561 1052 643; x_wconf 76' lang='grc' dir='ltr'><strong><em>δῶρά</em></strong></span> <span class='ocrx_word' id='word_1_21' title='bbox 1074 562 1252 644; x_wconf 83' lang='grc' dir='ltr'><strong><em>λιιψίμενον</em></strong></span> <span class='ocrx_word' id='word_1_22' title='bbox 1275 598 1346 640; x_wconf 88' lang='grc'><strong>-,</strong></span> 
     </span>
     <span class='ocr_line' id='line_1_4' title="bbox 152 664 1345 756; baseline 0 -22"><span class='ocrx_word' id='word_1_23' title='bbox 152 669 178 734; x_wconf 84' lang='lat' dir='ltr'><strong>oi</strong></span> <span class='ocrx_word' id='word_1_24' title='bbox 200 669 231 733; x_wconf 76' lang='grc' dir='ltr'><strong>δὲ</strong></span> <span class='ocrx_word' id='word_1_25' title='bbox 256 666 464 755; x_wconf 79' lang='grc' dir='ltr'><strong><em>[ὑπώπτευον]</em></strong></span> <span class='ocrx_word' id='word_1_26' title='bbox 491 668 544 734; x_wconf 90' lang='grc' dir='ltr'><strong><em>ιιοιί</em></strong></span> <span class='ocrx_word' id='word_1_27' title='bbox 569 666 692 754; x_wconf 76' lang='grc' dir='ltr'><strong><em>[τούτου</em></strong></span> <span class='ocrx_word' id='word_1_28' title='bbox 715 664 805 734; x_wconf 70' lang='grc' dir='ltr'><strong><em>ἕνεκα</em></strong></span> <span class='ocrx_word' id='word_1_29' title='bbox 827 667 974 756; x_wconf 58' lang='lat' dir='ltr'><strong>nepem,</strong></span> <span class='ocrx_word' id='word_1_30' title='bbox 1004 669 1043 741; x_wconf 72' lang='lat' dir='ltr'><strong>cic</strong></span> <span class='ocrx_word' id='word_1_31' title='bbox 1066 667 1112 747; x_wconf 81' lang='grc' dir='ltr'><strong>μίι</strong></span> <span class='ocrx_word' id='word_1_32' title='bbox 1139 667 1221 750; x_wconf 60' lang='grc' dir='ltr'><strong><em>πεζῇ</em></strong></span> <span class='ocrx_word' id='word_1_33' title='bbox 1243 666 1345 741; x_wconf 75' lang='lat' dir='ltr'><strong>idme</strong></span> 
     </span>
     <span class='ocr_line' id='line_1_5' title="bbox 151 769 1345 859; baseline 0 -21"><span class='ocrx_word' id='word_1_34' title='bbox 151 775 209 850; x_wconf 71' lang='lat' dir='ltr'><strong>rhu</strong></span> <span class='ocrx_word' id='word_1_35' title='bbox 230 773 390 839; x_wconf 76' lang='grc' dir='ltr'><strong><em>Σινωπέων</em></strong></span> <span class='ocrx_word' id='word_1_36' title='bbox 413 797 443 838; x_wconf 84' lang='grc' dir='ltr'><strong>τι</strong></span> <span class='ocrx_word' id='word_1_37' title='bbox 464 774 568 856; x_wconf 79' lang='grc' dir='ltr'><strong><em>χοίροιν</em></strong></span> <span class='ocrx_word' id='word_1_38' title='bbox 592 774 687 839; x_wconf 70' lang='grc' dir='ltr'><strong><em>κοινὸν</em></strong></span> <span class='ocrx_word' id='word_1_39' title='bbox 713 771 910 855; x_wconf 73' lang='grc' dir='ltr'><strong>ἐργάζοιντο,</strong></span> <span class='ocrx_word' id='word_1_40' title='bbox 945 772 1056 859; x_wconf 85' lang='lat' dir='ltr'><strong>pneris</strong></span> <span class='ocrx_word' id='word_1_41' title='bbox 1085 770 1222 839; x_wconf 74' lang='grc' dir='ltr'><strong><em>ίοοίιιιιευ</em></strong></span> <span class='ocrx_word' id='word_1_42' title='bbox 1252 769 1345 838; x_wconf 80' lang='lat' dir='ltr'><strong>alind</strong></span> 
     </span>
     <span class='ocr_line' id='line_1_6' title="bbox 152 875 1346 966; baseline 0.001 -22"><span class='ocrx_word' id='word_1_43' title='bbox 152 876 322 965; x_wconf 80' lang='lat' dir='ltr'><strong>agentibus</strong></span> <span class='ocrx_word' id='word_1_44' title='bbox 345 897 382 943; x_wconf 88' lang='lat' dir='ltr'><strong>ea</strong></span> <span class='ocrx_word' id='word_1_45' title='bbox 406 886 542 965; x_wconf 77' lang='lat' dir='ltr'><strong>possunt</strong></span> <span class='ocrx_word' id='word_1_46' title='bbox 565 876 706 966; x_wconf 80' lang='lat' dir='ltr'><strong>aliquam</strong></span> <span class='ocrx_word' id='word_1_47' title='bbox 732 875 907 943; x_wconf 82' lang='lat' dir='ltr'><strong>utilitatem</strong></span> <span class='ocrx_word' id='word_1_48' title='bbox 931 877 1070 956; x_wconf 84' lang='lat' dir='ltr'><strong>hahere,</strong></span> <span class='ocrx_word' id='word_1_49' title='bbox 1091 878 1213 946; x_wconf 83' lang='lat' dir='ltr'><strong>meteri</strong></span> <span class='ocrx_word' id='word_1_50' title='bbox 1236 896 1346 965; x_wconf 86' lang='lat' dir='ltr'><strong>neque</strong></span> 
     </span>
     <span class='ocr_line' id='line_1_7' title="bbox 152 981 1345 1070; baseline 0.001 -22"><span class='ocrx_word' id='word_1_51' title='bbox 152 982 300 1070; x_wconf 78' lang='lat' dir='ltr'><strong>indigent</strong></span> <span class='ocrx_word' id='word_1_52' title='bbox 325 981 445 1050; x_wconf 85' lang='lat' dir='ltr'><strong>talibus</strong></span> <span class='ocrx_word' id='word_1_53' title='bbox 467 992 500 1050; x_wconf 88' lang='lat' dir='ltr'><strong>et</strong></span> <span class='ocrx_word' id='word_1_54' title='bbox 520 983 642 1052; x_wconf 88' lang='lat' dir='ltr'><strong>malent</strong></span> <span class='ocrx_word' id='word_1_55' title='bbox 662 1001 782 1050; x_wconf 82' lang='lat' dir='ltr'><strong>carere.</strong></span> <span class='ocrx_word' id='word_1_56' title='bbox 830 983 1048 1050; x_wconf 83' lang='lat' dir='ltr'><strong>hurissimum</strong></span> <span class='ocrx_word' id='word_1_57' title='bbox 1079 990 1129 1051; x_wconf 83' lang='lat' dir='ltr'><strong>est</strong></span> <span class='ocrx_word' id='word_1_58' title='bbox 1156 984 1214 1059; x_wconf 75' lang='lat' dir='ltr'><strong>rio</strong></span> <span class='ocrx_word' id='word_1_59' title='bbox 1245 992 1345 1051; x_wconf 76' lang='grc' dir='ltr'><strong><em>Σινο-</em></strong></span> 
     </span>
     <span class='ocr_line' id='line_1_8' title="bbox 151 1084 1345 1174; baseline 0.001 -20"><span class='ocrx_word' id='word_1_60' title='bbox 151 1088 233 1156; x_wconf 77' lang='grc' dir='ltr'><strong><em>πέιον</em></strong></span> <span class='ocrx_word' id='word_1_61' title='bbox 256 1114 286 1155; x_wconf 82' lang='grc' dir='ltr'><strong>τι</strong></span> <span class='ocrx_word' id='word_1_62' title='bbox 314 1088 419 1170; x_wconf 75' lang='grc' dir='ltr'><strong><em>χοίρου</em></strong></span> <span class='ocrx_word' id='word_1_63' title='bbox 450 1089 544 1156; x_wconf 68' lang='grc' dir='ltr'><strong><em>κοινὸν</em></strong></span> <span class='ocrx_word' id='word_1_64' title='bbox 568 1088 764 1172; x_wconf 78' lang='grc' dir='ltr'><strong><em>ἐργάζοιντο,</em></strong></span> <span class='ocrx_word' id='word_1_65' title='bbox 797 1107 879 1174; x_wconf 79' lang='lat' dir='ltr'><strong>quae</strong></span> <span class='ocrx_word' id='word_1_66' title='bbox 909 1096 959 1154; x_wconf 88' lang='lat' dir='ltr'><strong>esi</strong></span> <span class='ocrx_word' id='word_1_67' title='bbox 982 1086 1037 1154; x_wconf 81' lang='lat' dir='ltr'><strong>ille</strong></span> <span class='ocrx_word' id='word_1_68' title='bbox 1060 1086 1200 1154; x_wconf 85' lang='lat' dir='ltr'><strong>absurda</strong></span> <span class='ocrx_word' id='word_1_69' title='bbox 1230 1084 1345 1155; x_wconf 81' lang='lat' dir='ltr'><strong>verho-</strong></span> 
     </span>
     <span class='ocr_line' id='line_1_9' title="bbox 152 1190 1344 1280; baseline 0.003 -22"><span class='ocrx_word' id='word_1_70' title='bbox 152 1213 225 1260; x_wconf 90' lang='lat' dir='ltr'><strong>rum</strong></span> <span class='ocrx_word' id='word_1_71' title='bbox 254 1195 400 1261; x_wconf 81' lang='lat' dir='ltr'><strong>traiectio</strong></span> <span class='ocrx_word' id='word_1_72' title='bbox 430 1203 463 1261; x_wconf 89' lang='lat' dir='ltr'><strong>et</strong></span> <span class='ocrx_word' id='word_1_73' title='bbox 493 1195 566 1280; x_wconf 89' lang='lat' dir='ltr'><strong>quis</strong></span> <span class='ocrx_word' id='word_1_74' title='bbox 602 1212 755 1280; x_wconf 88' lang='lat' dir='ltr'><strong>umquam</strong></span> <span class='ocrx_word' id='word_1_75' title='bbox 788 1194 836 1260; x_wconf 86' lang='lat' dir='ltr'><strong>sio</strong></span> <span class='ocrx_word' id='word_1_76' title='bbox 868 1190 1034 1279; x_wconf 81' lang='lat' dir='ltr'><strong>loquitur?</strong></span> <span class='ocrx_word' id='word_1_77' title='bbox 1081 1191 1222 1260; x_wconf 79' lang='lat' dir='ltr'><strong>Retrahe</strong></span> <span class='ocrx_word' id='word_1_78' title='bbox 1250 1218 1284 1261; x_wconf 88' lang='grc' dir='ltr'><strong>τι</strong></span> <span class='ocrx_word' id='word_1_79' title='bbox 1307 1194 1344 1260; x_wconf 86' lang='grc' dir='ltr'><strong>ἰιι</strong></span> 
     </span>
     <span class='ocr_line' id='line_1_10' title="bbox 151 1295 1345 1388; baseline 0.001 -24"><span class='ocrx_word' id='word_1_80' title='bbox 151 1319 243 1365; x_wconf 88' lang='lat' dir='ltr'><strong>snam</strong></span> <span class='ocrx_word' id='word_1_81' title='bbox 272 1298 380 1366; x_wconf 89' lang='lat' dir='ltr'><strong>sedem</strong></span> <span class='ocrx_word' id='word_1_82' title='bbox 412 1299 506 1366; x_wconf 83' lang='grc' dir='ltr'><strong><em>κοικίν</em></strong></span> <span class='ocrx_word' id='word_1_83' title='bbox 539 1324 570 1366; x_wconf 83' lang='grc' dir='ltr'><strong>οι</strong></span> <span class='ocrx_word' id='word_1_84' title='bbox 601 1317 767 1385; x_wconf 83' lang='lat' dir='ltr'><strong>reponens.</strong></span> <span class='ocrx_word' id='word_1_85' title='bbox 814 1298 850 1364; x_wconf 94' lang='lat' dir='ltr'><strong>ln</strong></span> <span class='ocrx_word' id='word_1_86' title='bbox 875 1295 899 1388; x_wconf 81' lang='lat'>§</span> <span class='ocrx_word' id='word_1_87' title='bbox 923 1300 975 1364; x_wconf 70' lang='lat' dir='ltr'><strong>ie.</strong></span> <span class='ocrx_word' id='word_1_88' title='bbox 1009 1295 1169 1364; x_wconf 84' lang='lat' dir='ltr'><strong>articulus</strong></span> <span class='ocrx_word' id='word_1_89' title='bbox 1191 1297 1293 1385; x_wconf 87' lang='lat' dir='ltr'><strong>perlit</strong></span> <span class='ocrx_word' id='word_1_90' title='bbox 1315 1301 1345 1365; x_wconf 91' lang='grc' dir='ltr'><strong>οί</strong></span> 
     </span>
     <span class='ocr_line' id='line_1_11' title="bbox 151 1399 1345 1488; baseline 0.002 -20"><span class='ocrx_word' id='word_1_91' title='bbox 151 1403 256 1485; x_wconf 77' lang='grc' dir='ltr'><strong><em>ἄνδρες</em></strong></span> <span class='ocrx_word' id='word_1_92' title='bbox 285 1405 410 1487; x_wconf 72' lang='grc' dir='ltr'><strong><em>ᾕρηντοιι</em></strong></span> <span class='ocrx_word' id='word_1_93' title='bbox 434 1405 576 1487; x_wconf 89' lang='grc' dir='ltr'><strong><em>πορείοιν,</em></strong></span> <span class='ocrx_word' id='word_1_94' title='bbox 598 1399 634 1479; x_wconf 76' lang='grc' dir='ltr'><strong>ἣν</strong></span> <span class='ocrx_word' id='word_1_95' title='bbox 655 1406 743 1483; x_wconf 77' lang='grc' dir='ltr'><strong><em>ὑμεῖς</em></strong></span> <span class='ocrx_word' id='word_1_96' title='bbox 770 1401 1027 1484; x_wconf 76' lang='grc' dir='ltr'><strong><em>ξυμβουλεύετε,</em></strong></span> <span class='ocrx_word' id='word_1_97' title='bbox 1050 1401 1244 1488; x_wconf 72' lang='lat' dir='ltr'><strong>intelligisne</strong></span> <span class='ocrx_word' id='word_1_98' title='bbox 1273 1406 1345 1481; x_wconf 78' lang='grc' dir='ltr'><strong><em>τίον</em></strong></span> 
     </span>
     <span class='ocr_line' id='line_1_12' title="bbox 150 1506 1345 1598; baseline 0 -23"><span class='ocrx_word' id='word_1_99' title='bbox 150 1511 274 1591; x_wconf 89' lang='grc' dir='ltr'><strong><em>πορείοιν</em></strong></span> <span class='ocrx_word' id='word_1_100' title='bbox 298 1509 444 1598; x_wconf 82' lang='lat' dir='ltr'><strong>requiri?</strong></span> <span class='ocrx_word' id='word_1_101' title='bbox 492 1508 613 1577; x_wconf 82' lang='lat' dir='ltr'><strong>Deinde</strong></span> <span class='ocrx_word' id='word_1_102' title='bbox 633 1512 674 1583; x_wconf 75' lang='grc' dir='ltr'><strong>ὥς</strong></span> <span class='ocrx_word' id='word_1_103' title='bbox 697 1509 856 1588; x_wconf 71' lang='grc' dir='ltr'><strong><em>μηδένα</em></strong></span> <span class='ocrx_word' id='word_1_104' title='bbox 879 1508 1128 1575; x_wconf 83' lang='grc' dir='ltr'><strong><em>κοιτοιλείτετίοιι</em></strong></span> <span class='ocrx_word' id='word_1_105' title='bbox 1151 1506 1260 1575; x_wconf 67' lang='lat' dir='ltr'><strong>elene</strong></span> <span class='ocrx_word' id='word_1_106' title='bbox 1290 1528 1345 1575; x_wconf 88' lang='lat' dir='ltr'><strong>re·</strong></span> 
     </span>
     <span class='ocr_line' id='line_1_13' title="bbox 151 1610 1344 1702; baseline 0.003 -23"><span class='ocrx_word' id='word_1_107' title='bbox 151 1612 358 1681; x_wconf 81' lang='lat' dir='ltr'><strong>scribendum</strong></span> <span class='ocrx_word' id='word_1_108' title='bbox 382 1614 511 1681; x_wconf 87' lang='lat' dir='ltr'><strong>videtur</strong></span> <span class='ocrx_word' id='word_1_109' title='bbox 531 1634 588 1701; x_wconf 90' lang='lat' dir='ltr'><strong>pro</strong></span> <span class='ocrx_word' id='word_1_110' title='bbox 618 1617 657 1688; x_wconf 74' lang='grc' dir='ltr'><strong>ὡς</strong></span> <span class='ocrx_word' id='word_1_111' title='bbox 681 1610 735 1678; x_wconf 80' lang='grc' dir='ltr'><strong><em>ἕνοι</em></strong></span> <span class='ocrx_word' id='word_1_112' title='bbox 758 1615 814 1692; x_wconf 71' lang='grc' dir='ltr'><strong>μή.</strong></span> <span class='ocrx_word' id='word_1_113' title='bbox 863 1613 897 1679; x_wconf 95' lang='lat' dir='ltr'><strong>ln</strong></span> <span class='ocrx_word' id='word_1_114' title='bbox 923 1611 947 1702; x_wconf 67' lang='grc'><strong>3</strong></span> <span class='ocrx_word' id='word_1_115' title='bbox 970 1615 1024 1678; x_wconf 82' lang='lat'><strong>20.</strong></span> <span class='ocrx_word' id='word_1_116' title='bbox 1056 1611 1110 1679; x_wconf 72' lang='grc' dir='ltr'><strong>κοί</strong></span> <span class='ocrx_word' id='word_1_117' title='bbox 1141 1612 1209 1702; x_wconf 75' lang='grc' dir='ltr'><strong><em>[ὥς]</em></strong></span> <span class='ocrx_word' id='word_1_118' title='bbox 1235 1614 1344 1682; x_wconf 69' lang='lat' dir='ltr'><strong>ornei</strong></span> 
     </span>
     <span class='ocr_line' id='line_1_14' title="bbox 150 1717 1344 1807; baseline 0.001 -23"><span class='ocrx_word' id='word_1_119' title='bbox 150 1720 345 1793; x_wconf 71' lang='grc' dir='ltr'><strong><em>ἀπελθόντος</em></strong></span> <span class='ocrx_word' id='word_1_120' title='bbox 369 1721 477 1794; x_wconf 66' lang='lat' dir='ltr'><strong>&amp;visai</strong></span> <span class='ocrx_word' id='word_1_121' title='bbox 495 1744 526 1786; x_wconf 92' lang='grc' dir='ltr'><strong>τι</strong></span> <span class='ocrx_word' id='word_1_122' title='bbox 547 1718 618 1793; x_wconf 78' lang='grc' dir='ltr'><strong>τοὺς</strong></span> <span class='ocrx_word' id='word_1_123' title='bbox 637 1718 732 1796; x_wconf 84' lang='grc' dir='ltr'><strong><em>οίκοι,</em></strong></span> <span class='ocrx_word' id='word_1_124' title='bbox 756 1719 785 1784; x_wconf 88' lang='lat' dir='ltr'><strong>si</strong></span> <span class='ocrx_word' id='word_1_125' title='bbox 808 1721 846 1792; x_wconf 76' lang='grc' dir='ltr'><strong>ὡς</strong></span> <span class='ocrx_word' id='word_1_126' title='bbox 877 1719 1072 1806; x_wconf 80' lang='lat' dir='ltr'><strong>expunxeris</strong></span> <span class='ocrx_word' id='word_1_127' title='bbox 1096 1717 1187 1784; x_wconf 83' lang='lat' dir='ltr'><strong>loeus</strong></span> <span class='ocrx_word' id='word_1_128' title='bbox 1210 1718 1344 1807; x_wconf 80' lang='lat' dir='ltr'><strong>expedi·</strong></span> 
     </span>
     <span class='ocr_line' id='line_1_15' title="bbox 150 1821 1345 1912; baseline 0.001 -22"><span class='ocrx_word' id='word_1_129' title='bbox 150 1831 206 1890; x_wconf 87' lang='lat' dir='ltr'><strong>ius</strong></span> <span class='ocrx_word' id='word_1_130' title='bbox 229 1825 302 1891; x_wconf 83' lang='lat' dir='ltr'><strong>erit.</strong></span> <span class='ocrx_word' id='word_1_131' title='bbox 349 1823 544 1911; x_wconf 70' lang='lat' dir='ltr'><strong>corruptum</strong></span> <span class='ocrx_word' id='word_1_132' title='bbox 568 1825 666 1889; x_wconf 85' lang='lat' dir='ltr'><strong>estin</strong></span> <span class='ocrx_word' id='word_1_133' title='bbox 692 1821 785 1912; x_wconf 65' lang='lat' dir='ltr'><strong>Sil.</strong></span> <span class='ocrx_word' id='word_1_134' title='bbox 809 1829 1040 1906; x_wconf 79' lang='grc' dir='ltr'><strong><em>προςοιτεῦοοοι,</em></strong></span> <span class='ocrx_word' id='word_1_135' title='bbox 1062 1831 1096 1891; x_wconf 82' lang='lat' dir='ltr'><strong>et</strong></span> <span class='ocrx_word' id='word_1_136' title='bbox 1115 1824 1249 1891; x_wconf 87' lang='lat' dir='ltr'><strong>omuino</strong></span> <span class='ocrx_word' id='word_1_137' title='bbox 1270 1849 1345 1906; x_wconf 87' lang='grc' dir='ltr'><strong><em>προ-</em></strong></span> 
     </span>
     <span class='ocr_line' id='line_1_16' title="bbox 150 1927 1344 2018; baseline 0 -21"><span class='ocrx_word' id='word_1_138' title='bbox 150 1930 272 1999; x_wconf 73' lang='lat' dir='ltr'><strong>sareio</strong></span> <span class='ocrx_word' id='word_1_139' title='bbox 294 1948 357 1995; x_wconf 95' lang='lat' dir='ltr'><strong>non</strong></span> <span class='ocrx_word' id='word_1_140' title='bbox 380 1939 429 1996; x_wconf 90' lang='lat' dir='ltr'><strong>est</strong></span> <span class='ocrx_word' id='word_1_141' title='bbox 459 1928 592 1995; x_wconf 81' lang='lat' dir='ltr'><strong>verbum</strong></span> <span class='ocrx_word' id='word_1_142' title='bbox 617 1928 794 2009; x_wconf 82' lang='lat' dir='ltr'><strong>Graecum,</strong></span> <span class='ocrx_word' id='word_1_143' title='bbox 818 1929 874 1996; x_wconf 88' lang='lat' dir='ltr'><strong>sed</strong></span> <span class='ocrx_word' id='word_1_144' title='bbox 895 1928 980 2017; x_wconf 92' lang='lat' dir='ltr'><strong>qnod</strong></span> <span class='ocrx_word' id='word_1_145' title='bbox 1008 1927 1218 2017; x_wconf 83' lang='lat' dir='ltr'><strong>probabiliter</strong></span> <span class='ocrx_word' id='word_1_146' title='bbox 1250 1949 1344 2018; x_wconf 90' lang='lat' dir='ltr'><strong>repo·</strong></span> 
     </span>
     <span class='ocr_line' id='line_1_17' title="bbox 151 2033 1342 2121; baseline 0.003 -21"><span class='ocrx_word' id='word_1_147' title='bbox 151 2055 226 2101; x_wconf 84' lang='lat' dir='ltr'><strong>nam</strong></span> <span class='ocrx_word' id='word_1_148' title='bbox 250 2054 312 2101; x_wconf 93' lang='lat' dir='ltr'><strong>non</strong></span> <span class='ocrx_word' id='word_1_149' title='bbox 337 2033 448 2101; x_wconf 88' lang='lat' dir='ltr'><strong>haheo.</strong></span> <span class='ocrx_word' id='word_1_150' title='bbox 486 2034 757 2121; x_wconf 87' lang='lat' dir='ltr'><strong>Praepositionem</strong></span> <span class='ocrx_word' id='word_1_151' title='bbox 777 2035 861 2102; x_wconf 87' lang='lat' dir='ltr'><strong>mala</strong></span> <span class='ocrx_word' id='word_1_152' title='bbox 882 2054 999 2101; x_wconf 83' lang='lat' dir='ltr'><strong>manus</strong></span> <span class='ocrx_word' id='word_1_153' title='bbox 1019 2033 1144 2100; x_wconf 88' lang='lat' dir='ltr'><strong>addidit</strong></span> <span class='ocrx_word' id='word_1_154' title='bbox 1165 2033 1203 2102; x_wconf 84' lang='lat' dir='ltr'><strong>V.</strong></span> <span class='ocrx_word' id='word_1_155' title='bbox 1221 2055 1265 2102; x_wconf 79' lang='lat' dir='ltr'><strong>vn</strong></span> <span class='ocrx_word' id='word_1_156' title='bbox 1282 2040 1342 2104; x_wconf 75' lang='lat'><strong>24.</strong></span> 
     </span>
     <span class='ocr_line' id='line_1_18' title="bbox 150 2138 1344 2230; baseline 0.002 -24"><span class='ocrx_word' id='word_1_157' title='bbox 150 2140 201 2207; x_wconf 79' lang='grc' dir='ltr'><strong>διά</strong></span> <span class='ocrx_word' id='word_1_158' title='bbox 234 2141 269 2206; x_wconf 80' lang='grc' dir='ltr'><strong>τὸ</strong></span> <span class='ocrx_word' id='word_1_159' title='bbox 293 2139 550 2222; x_wconf 76' lang='grc' dir='ltr'><strong><em>ξυνεςροιτεῦοίοιι</em></strong></span> <span class='ocrx_word' id='word_1_160' title='bbox 583 2141 615 2206; x_wconf 78' lang='grc' dir='ltr'><strong>ἐν</strong></span> <span class='ocrx_word' id='word_1_161' title='bbox 645 2143 727 2224; x_wconf 72' lang='grc' dir='ltr'><strong>αὐτῇ</strong></span> <span class='ocrx_word' id='word_1_162' title='bbox 755 2142 836 2230; x_wconf 82' lang='grc' dir='ltr'><strong><em>[σὺν]</em></strong></span> <span class='ocrx_word' id='word_1_163' title='bbox 875 2140 1028 2222; x_wconf 80' lang='grc' dir='ltr'><strong><em>Κλεάρχῳ</em></strong></span> <span class='ocrx_word' id='word_1_164' title='bbox 1054 2138 1108 2206; x_wconf 81' lang='grc' dir='ltr'><strong><em>ιιοιί</em></strong></span> <span class='ocrx_word' id='word_1_165' title='bbox 1141 2141 1344 2228; x_wconf 64' lang='grc' dir='ltr'><strong><em>Δερκυλίδᾳ,</em></strong></span> 
     </span>
     <span class='ocr_line' id='line_1_19' title="bbox 152 2243 1343 2332; baseline 0.002 -21"><span class='ocrx_word' id='word_1_166' title='bbox 152 2247 185 2311; x_wconf 90' lang='lat' dir='ltr'><strong>in</strong></span> <span class='ocrx_word' id='word_1_167' title='bbox 216 2244 336 2312; x_wconf 87' lang='lat' dir='ltr'><strong>talibus</strong></span> <span class='ocrx_word' id='word_1_168' title='bbox 370 2263 614 2331; x_wconf 88' lang='lat' dir='ltr'><strong>nonnumquam</strong></span> <span class='ocrx_word' id='word_1_169' title='bbox 644 2245 731 2325; x_wconf 82' lang='grc' dir='ltr'><strong><em>ροιιοί</em></strong></span> <span class='ocrx_word' id='word_1_170' title='bbox 762 2247 893 2332; x_wconf 90' lang='lat' dir='ltr'><strong>ponitur</strong></span> <span class='ocrx_word' id='word_1_171' title='bbox 926 2245 1027 2311; x_wconf 90' lang='lat' dir='ltr'><strong>utin</strong></span> <span class='ocrx_word' id='word_1_172' title='bbox 1059 2243 1153 2312; x_wconf 87' lang='lat' dir='ltr'><strong>Pluto</strong></span> <span class='ocrx_word' id='word_1_173' title='bbox 1183 2264 1231 2312; x_wconf 84' lang='lat' dir='ltr'><strong>vs.</strong></span> <span class='ocrx_word' id='word_1_174' title='bbox 1263 2252 1343 2316; x_wconf 76' lang='lat' dir='ltr'><strong>sut.</strong></span> 
     </span>
     <span class='ocr_line' id='line_1_20' title="bbox 152 2348 1342 2438; baseline 0.002 -22"><span class='ocrx_word' id='word_1_175' title='bbox 152 2351 238 2431; x_wconf 83' lang='grc' dir='ltr'><strong><em>μετά</em></strong></span> <span class='ocrx_word' id='word_1_176' title='bbox 261 2356 315 2417; x_wconf 79' lang='grc' dir='ltr'><strong>τοῦ</strong></span> <span class='ocrx_word' id='word_1_177' title='bbox 352 2376 387 2417; x_wconf 89' lang='grc' dir='ltr'><strong><em>τε</em></strong></span> <span class='ocrx_word' id='word_1_178' title='bbox 410 2350 454 2416; x_wconf 86' lang='grc' dir='ltr'><strong>τά</strong></span> <span class='ocrx_word' id='word_1_179' title='bbox 489 2359 607 2419; x_wconf 74' lang='grc' dir='ltr'><strong><em>πλεῒοοι</em></strong></span> <span class='ocrx_word' id='word_1_180' title='bbox 638 2349 769 2416; x_wconf 86' lang='grc' dir='ltr'><strong><em>οιίνειοιν</em></strong></span> <span class='ocrx_word' id='word_1_181' title='bbox 796 2357 829 2416; x_wconf 87' lang='lat' dir='ltr'><strong>et</strong></span> <span class='ocrx_word' id='word_1_182' title='bbox 856 2348 955 2430; x_wconf 84' lang='lat' dir='ltr'><strong>alibi,</strong></span> <span class='ocrx_word' id='word_1_183' title='bbox 983 2349 1039 2418; x_wconf 87' lang='lat' dir='ltr'><strong>sed</strong></span> <span class='ocrx_word' id='word_1_184' title='bbox 1072 2369 1253 2438; x_wconf 80' lang='lat' dir='ltr'><strong>numquam</strong></span> <span class='ocrx_word' id='word_1_185' title='bbox 1283 2353 1342 2419; x_wconf 76' lang='grc' dir='ltr'><strong><em>τείν</em></strong></span> 
     </span>
     <span class='ocr_line' id='line_1_21' title="bbox 151 2456 319 2543; baseline -0.018 -21"><span class='ocrx_word' id='word_1_186' title='bbox 151 2456 319 2543; x_wconf 88' lang='lat' dir='ltr'><strong>repetitur.</strong></span> 
     </span>
    </p>

    <p class='ocr_par' dir='ltr' id='par_1_3' title="bbox 150 2558 1342 2854">
     <span class='ocr_line' id='line_1_22' title="bbox 196 2558 1342 2649; baseline 0.004 -23"><span class='ocrx_word' id='word_1_187' title='bbox 196 2561 233 2626; x_wconf 93' lang='lat' dir='ltr'><strong>ln</strong></span> <span class='ocrx_word' id='word_1_188' title='bbox 257 2558 282 2649; x_wconf 58' lang='grc' dir='ltr'><strong>ἕ</strong></span> <span class='ocrx_word' id='word_1_189' title='bbox 307 2562 360 2626; x_wconf 76' lang='lat' dir='ltr'><strong>ee.</strong></span> <span class='ocrx_word' id='word_1_190' title='bbox 394 2559 538 2646; x_wconf 80' lang='lat' dir='ltr'><strong>speciosa</strong></span> <span class='ocrx_word' id='word_1_191' title='bbox 560 2558 734 2626; x_wconf 87' lang='lat' dir='ltr'><strong>admodum</strong></span> <span class='ocrx_word' id='word_1_192' title='bbox 766 2559 882 2626; x_wconf 90' lang='lat' dir='ltr'><strong>Naheri</strong></span> <span class='ocrx_word' id='word_1_193' title='bbox 905 2560 1047 2647; x_wconf 78' lang='lat' dir='ltr'><strong>suspicio</strong></span> <span class='ocrx_word' id='word_1_194' title='bbox 1076 2568 1127 2628; x_wconf 87' lang='lat' dir='ltr'><strong>est</strong></span> <span class='ocrx_word' id='word_1_195' title='bbox 1155 2560 1263 2628; x_wconf 84' lang='lat' dir='ltr'><strong>locum</strong></span> <span class='ocrx_word' id='word_1_196' title='bbox 1292 2562 1342 2631; x_wconf 83' lang='lat' dir='ltr'><strong>sio</strong></span> 
     </span>
     <span class='ocr_line' id='line_1_23' title="bbox 151 2661 1340 2754; baseline 0.003 -22"><span class='ocrx_word' id='word_1_197' title='bbox 151 2685 220 2733; x_wconf 90' lang='lat' dir='ltr'><strong>esse</strong></span> <span class='ocrx_word' id='word_1_198' title='bbox 244 2664 478 2752; x_wconf 85' lang='lat' dir='ltr'><strong>supplendum:</strong></span> <span class='ocrx_word' id='word_1_199' title='bbox 501 2664 559 2736; x_wconf 72' lang='lat' dir='ltr'><strong>&lt;ise</strong></span> <span class='ocrx_word' id='word_1_200' title='bbox 585 2661 724 2754; x_wconf 76' lang='grc' dir='ltr'><strong><em>(ίξείνοιι)</em></strong></span> <span class='ocrx_word' id='word_1_201' title='bbox 749 2668 792 2748; x_wconf 78' lang='grc' dir='ltr'><strong>τῷ</strong></span> <span class='ocrx_word' id='word_1_202' title='bbox 823 2666 835 2754; x_wconf 89' lang='grc'><strong>(</strong></span> <span class='ocrx_word' id='word_1_203' title='bbox 877 2664 904 2753; x_wconf 89' lang='grc' dir='ltr'><strong>ν)</strong></span> <span class='ocrx_word' id='word_1_204' title='bbox 929 2667 1105 2749; x_wconf 73' lang='grc' dir='ltr'><strong><em>βουλομένῳ</em></strong></span> <span class='ocrx_word' id='word_1_205' title='bbox 1128 2667 1274 2745; x_wconf 75' lang='grc' dir='ltr'><strong><em>ἐνοικεῖν,</em></strong></span> <span class='ocrx_word' id='word_1_206' title='bbox 1296 2672 1340 2753; x_wconf 70' lang='grc' dir='ltr'><strong>τῷ</strong></span> 
     </span>
     <span class='ocr_line' id='line_1_24' title="bbox 150 2769 732 2854; baseline -0.005 -16"><span class='ocrx_word' id='word_1_207' title='bbox 150 2772 182 2838; x_wconf 77' lang='grc' dir='ltr'><strong>δὲ</strong></span> <span class='ocrx_word' id='word_1_208' title='bbox 205 2772 251 2850; x_wconf 68' lang='grc' dir='ltr'><strong>μὴ</strong></span> <span class='ocrx_word' id='word_1_209' title='bbox 272 2772 450 2854; x_wconf 83' lang='grc' dir='ltr'><strong><em>βουλομίνῳ</em></strong></span> <span class='ocrx_word' id='word_1_210' title='bbox 471 2771 597 2837; x_wconf 76' lang='grc' dir='ltr'><strong><em>άπιένοοι</em></strong></span> <span class='ocrx_word' id='word_1_211' title='bbox 618 2769 732 2836; x_wconf 65' lang='lat' dir='ltr'><strong>eisaie.</strong></span> 
     </span>
    </p>

    <p class='ocr_par' dir='ltr' id='par_1_4' title="bbox 149 2873 1342 3471">
     <span class='ocr_line' id='line_1_25' title="bbox 197 2873 1339 2966; baseline 0.004 -24"><span class='ocrx_word' id='word_1_212' title='bbox 197 2876 233 2942; x_wconf 89' lang='lat' dir='ltr'><strong>ln</strong></span> <span class='ocrx_word' id='word_1_213' title='bbox 258 2873 356 2966; x_wconf 62' lang='lat' dir='ltr'><strong>§hh</strong></span> <span class='ocrx_word' id='word_1_214' title='bbox 388 2878 480 2943; x_wconf 76' lang='grc' dir='ltr'><strong><em>δεινὸν</em></strong></span> <span class='ocrx_word' id='word_1_215' title='bbox 503 2876 565 2960; x_wconf 66' lang='lat' dir='ltr'><strong>nte</strong></span> <span class='ocrx_word' id='word_1_216' title='bbox 587 2876 645 2954; x_wconf 81' lang='grc' dir='ltr'><strong>μὲν</strong></span> <span class='ocrx_word' id='word_1_217' title='bbox 671 2882 853 2959; x_wconf 80' lang='grc' dir='ltr'><strong><em>Ξενοφῶντά</em></strong></span> <span class='ocrx_word' id='word_1_218' title='bbox 877 2877 991 2943; x_wconf 78' lang='grc' dir='ltr'><strong><em>πείθειν</em></strong></span> <span class='ocrx_word' id='word_1_219' title='bbox 1015 2902 1050 2943; x_wconf 87' lang='grc' dir='ltr'><strong><em>τε</em></strong></span> <span class='ocrx_word' id='word_1_220' title='bbox 1074 2879 1266 2959; x_wconf 70' lang='grc' dir='ltr'><strong><em>καταμένειν</em></strong></span> <span class='ocrx_word' id='word_1_221' title='bbox 1285 2882 1339 2947; x_wconf 68' lang='lat' dir='ltr'><strong>nai</strong></span> 
     </span>
     <span class='ocr_line' id='line_1_26' title="bbox 152 2981 1340 3072; baseline 0.004 -24"><span class='ocrx_word' id='word_1_222' title='bbox 152 2981 274 3048; x_wconf 82' lang='grc' dir='ltr'><strong><em>ίιίεοίοιι</em></strong></span> <span class='ocrx_word' id='word_1_223' title='bbox 307 2983 381 3063; x_wconf 76' lang='grc' dir='ltr'><strong><em>ὑπὲρ</em></strong></span> <span class='ocrx_word' id='word_1_224' title='bbox 410 2990 467 3057; x_wconf 75' lang='grc' dir='ltr'><strong>τῆς</strong></span> <span class='ocrx_word' id='word_1_225' title='bbox 495 2989 588 3060; x_wconf 72' lang='grc' dir='ltr'><strong><em>μονῆς</em></strong></span> <span class='ocrx_word' id='word_1_226' title='bbox 618 2981 676 3070; x_wconf 68' lang='grc' dir='ltr'><strong>[μὴ</strong></span> <span class='ocrx_word' id='word_1_227' title='bbox 702 2983 889 3061; x_wconf 79' lang='grc' dir='ltr'><strong><em>κοινούμενον</em></strong></span> <span class='ocrx_word' id='word_1_228' title='bbox 920 2993 959 3064; x_wconf 73' lang='grc' dir='ltr'><strong>τῇ</strong></span> <span class='ocrx_word' id='word_1_229' title='bbox 988 2984 1140 3072; x_wconf 74' lang='grc' dir='ltr'><strong><em>ςροιτιᾷ],</em></strong></span> <span class='ocrx_word' id='word_1_230' title='bbox 1175 2985 1219 3058; x_wconf 76' lang='grc' dir='ltr'><strong><em>είς</em></strong></span> <span class='ocrx_word' id='word_1_231' title='bbox 1250 2985 1283 3051; x_wconf 67' lang='grc' dir='ltr'><strong>δὲ</strong></span> <span class='ocrx_word' id='word_1_232' title='bbox 1304 2987 1340 3053; x_wconf 83' lang='grc' dir='ltr'><strong>τί</strong></span> 
     </span>
     <span class='ocr_line' id='line_1_27' title="bbox 151 3085 1341 3174; baseline 0.004 -20"><span class='ocrx_word' id='word_1_233' title='bbox 151 3088 245 3154; x_wconf 83' lang='grc' dir='ltr'><strong><em>ιιοινίν</em></strong></span> <span class='ocrx_word' id='word_1_234' title='bbox 277 3089 371 3165; x_wconf 70' lang='grc' dir='ltr'><strong><em>μηδὲν</em></strong></span> <span class='ocrx_word' id='word_1_235' title='bbox 397 3085 555 3168; x_wconf 89' lang='grc' dir='ltr'><strong><em>άγορειίειν</em></strong></span> <span class='ocrx_word' id='word_1_236' title='bbox 587 3087 813 3169; x_wconf 70' lang='lat' dir='ltr'><strong>replendum,</strong></span> <span class='ocrx_word' id='word_1_237' title='bbox 848 3087 972 3174; x_wconf 89' lang='lat' dir='ltr'><strong>puerile</strong></span> <span class='ocrx_word' id='word_1_238' title='bbox 1003 3096 1052 3154; x_wconf 86' lang='lat' dir='ltr'><strong>est</strong></span> <span class='ocrx_word' id='word_1_239' title='bbox 1083 3090 1116 3154; x_wconf 90' lang='lat' dir='ltr'><strong>in</strong></span> <span class='ocrx_word' id='word_1_240' title='bbox 1148 3098 1215 3156; x_wconf 78' lang='lat' dir='ltr'><strong>iam</strong></span> <span class='ocrx_word' id='word_1_241' title='bbox 1248 3090 1341 3159; x_wconf 79' lang='lat' dir='ltr'><strong>luen·</strong></span> 
     </span>
     <span class='ocr_line' id='line_1_28' title="bbox 152 3191 1339 3278; baseline 0.003 -19"><span class='ocrx_word' id='word_1_242' title='bbox 152 3192 238 3259; x_wconf 89' lang='lat' dir='ltr'><strong>lenta</strong></span> <span class='ocrx_word' id='word_1_243' title='bbox 263 3193 461 3278; x_wconf 91' lang='lat' dir='ltr'><strong>oppositione</strong></span> <span class='ocrx_word' id='word_1_244' title='bbox 488 3192 549 3275; x_wconf 77' lang='grc' dir='ltr'><strong><em>ίδίρι</em></strong></span> <span class='ocrx_word' id='word_1_245' title='bbox 571 3191 629 3270; x_wconf 84' lang='grc' dir='ltr'><strong>μίν</strong></span> <span class='ocrx_word' id='word_1_246' title='bbox 654 3232 697 3246; x_wconf 91' lang='lat'><em>-</em></span> <span class='ocrx_word' id='word_1_247' title='bbox 720 3196 763 3267; x_wconf 75' lang='grc' dir='ltr'><strong>εἰς</strong></span> <span class='ocrx_word' id='word_1_248' title='bbox 790 3195 822 3259; x_wconf 75' lang='grc' dir='ltr'><strong>δὲ</strong></span> <span class='ocrx_word' id='word_1_249' title='bbox 841 3197 876 3260; x_wconf 83' lang='grc' dir='ltr'><strong>τί</strong></span> <span class='ocrx_word' id='word_1_250' title='bbox 900 3194 995 3259; x_wconf 83' lang='grc' dir='ltr'><strong><em>κοινίι</em></strong></span> <span class='ocrx_word' id='word_1_251' title='bbox 1019 3192 1138 3259; x_wconf 89' lang='lat' dir='ltr'><strong>addere</strong></span> <span class='ocrx_word' id='word_1_252' title='bbox 1160 3194 1206 3272; x_wconf 78' lang='grc' dir='ltr'><strong>μίι</strong></span> <span class='ocrx_word' id='word_1_253' title='bbox 1228 3197 1339 3263; x_wconf 77' lang='grc' dir='ltr'><strong><em>κοινοιί</em></strong></span> 
     </span>
     <span class='ocr_line' id='line_1_29' title="bbox 150 3296 1342 3387; baseline 0.005 -23"><span class='ocrx_word' id='word_1_254' title='bbox 150 3322 239 3378; x_wconf 81' lang='grc' dir='ltr'><strong><em>μενον</em></strong></span> <span class='ocrx_word' id='word_1_255' title='bbox 262 3307 302 3380; x_wconf 68' lang='grc' dir='ltr'><strong>τῇ</strong></span> <span class='ocrx_word' id='word_1_256' title='bbox 326 3305 439 3382; x_wconf 63' lang='lat' dir='ltr'><strong>sperni</strong></span> <span class='ocrx_word' id='word_1_257' title='bbox 451 3347 459 3375; x_wconf 87' lang='lat'><strong>,</strong></span> <span class='ocrx_word' id='word_1_258' title='bbox 482 3315 586 3382; x_wconf 90' lang='lat' dir='ltr'><strong>neque</strong></span> <span class='ocrx_word' id='word_1_259' title='bbox 606 3296 779 3384; x_wconf 84' lang='lat' dir='ltr'><strong>Xenophon</strong></span> <span class='ocrx_word' id='word_1_260' title='bbox 806 3297 866 3364; x_wconf 90' lang='lat' dir='ltr'><strong>hoo</strong></span> <span class='ocrx_word' id='word_1_261' title='bbox 890 3299 986 3365; x_wconf 85' lang='lat' dir='ltr'><strong>verbo</strong></span> <span class='ocrx_word' id='word_1_262' title='bbox 1007 3299 1068 3365; x_wconf 91' lang='lat' dir='ltr'><strong>nisi</strong></span> <span class='ocrx_word' id='word_1_263' title='bbox 1090 3300 1270 3387; x_wconf 80' lang='lat' dir='ltr'><strong>composito</strong></span> <span class='ocrx_word' id='word_1_264' title='bbox 1292 3304 1342 3370; x_wconf 91' lang='lat' dir='ltr'><strong>nti</strong></span> 
     </span>
     <span class='ocr_line' id='line_1_30' title="bbox 149 3404 239 3471; baseline -0.022 -1"><span class='ocrx_word' id='word_1_265' title='bbox 149 3404 239 3471; x_wconf 88' lang='lat' dir='ltr'><strong>solet.</strong></span> 
     </span>
    </p>

    <p class='ocr_par' dir='ltr' id='par_1_5' title="bbox 148 3504 1342 4122">
     <span class='ocr_line' id='line_1_31' title="bbox 196 3504 1341 3597; baseline 0.002 -23"><span class='ocrx_word' id='word_1_266' title='bbox 196 3509 231 3574; x_wconf 88' lang='lat' dir='ltr'><strong>ln</strong></span> <span class='ocrx_word' id='word_1_267' title='bbox 256 3507 280 3597; x_wconf 79' lang='lat'>§</span> <span class='ocrx_word' id='word_1_268' title='bbox 306 3511 360 3573; x_wconf 74' lang='lat'><strong>29.</strong></span> <span class='ocrx_word' id='word_1_269' title='bbox 395 3505 483 3585; x_wconf 76' lang='grc' dir='ltr'><strong><em>ἔλεξε</em></strong></span> <span class='ocrx_word' id='word_1_270' title='bbox 507 3509 539 3574; x_wconf 67' lang='grc' dir='ltr'><strong>δὲ</strong></span> <span class='ocrx_word' id='word_1_271' title='bbox 573 3504 618 3572; x_wconf 75' lang='grc' dir='ltr'><strong>ὅτι</strong></span> <span class='ocrx_word' id='word_1_272' title='bbox 651 3509 681 3573; x_wconf 84' lang='grc' dir='ltr'><strong>ἕν</strong></span> <span class='ocrx_word' id='word_1_273' title='bbox 711 3517 775 3582; x_wconf 78' lang='grc' dir='ltr'><strong><em>τοῖς</em></strong></span> <span class='ocrx_word' id='word_1_274' title='bbox 806 3511 893 3591; x_wconf 78' lang='grc' dir='ltr'><strong><em>ἱεροῖς</em></strong></span> <span class='ocrx_word' id='word_1_275' title='bbox 917 3510 1060 3593; x_wconf 81' lang='grc' dir='ltr'><strong><em>φοιίνοιτά</em></strong></span> <span class='ocrx_word' id='word_1_276' title='bbox 1088 3533 1135 3582; x_wconf 86' lang='grc' dir='ltr'><strong>τις</strong></span> <span class='ocrx_word' id='word_1_277' title='bbox 1165 3509 1254 3583; x_wconf 72' lang='grc' dir='ltr'><strong><em>δίλοο</em></strong></span> <span class='ocrx_word' id='word_1_278' title='bbox 1286 3513 1341 3578; x_wconf 70' lang='lat' dir='ltr'><strong>zai</strong></span> 
     </span>
     <span class='ocr_line' id='line_1_32' title="bbox 150 3611 1342 3696; baseline 0.004 -18"><span class='ocrx_word' id='word_1_279' title='bbox 150 3613 302 3692; x_wconf 69' lang='grc' dir='ltr'><strong><em>ἐπιβουλὴ</em></strong></span> <span class='ocrx_word' id='word_1_280' title='bbox 330 3612 416 3692; x_wconf 75' lang='grc' dir='ltr'><strong><em>ἐμοὶ,</em></strong></span> <span class='ocrx_word' id='word_1_281' title='bbox 439 3615 478 3686; x_wconf 82' lang='grc' dir='ltr'><strong>ὥς</strong></span> <span class='ocrx_word' id='word_1_282' title='bbox 500 3611 562 3693; x_wconf 86' lang='grc' dir='ltr'><strong><em>άροι</em></strong></span> <span class='ocrx_word' id='word_1_283' title='bbox 586 3613 766 3691; x_wconf 79' lang='grc' dir='ltr'><strong><em>γιγνώσκων</em></strong></span> <span class='ocrx_word' id='word_1_284' title='bbox 789 3612 836 3679; x_wconf 75' lang='grc' dir='ltr'><strong>ὅτι</strong></span> <span class='ocrx_word' id='word_1_285' title='bbox 866 3617 960 3689; x_wconf 76' lang='grc' dir='ltr'><strong><em>αὐτὸς</em></strong></span> <span class='ocrx_word' id='word_1_286' title='bbox 985 3613 1175 3694; x_wconf 79' lang='grc' dir='ltr'><strong><em>ἐπεβούλευε</em></strong></span> <span class='ocrx_word' id='word_1_287' title='bbox 1203 3615 1342 3696; x_wconf 76' lang='grc' dir='ltr'><strong><em>διαβάλ-</em></strong></span> 
     </span>
     <span class='ocr_line' id='line_1_33' title="bbox 149 3718 1342 3804; baseline 0.004 -20"><span class='ocrx_word' id='word_1_288' title='bbox 149 3734 213 3786; x_wconf 87' lang='grc' dir='ltr'><strong><em>λειν</em></strong></span> <span class='ocrx_word' id='word_1_289' title='bbox 236 3743 277 3798; x_wconf 82' lang='grc' dir='ltr'><strong><em>με</em></strong></span> <span class='ocrx_word' id='word_1_290' title='bbox 300 3718 373 3799; x_wconf 75' lang='grc' dir='ltr'><strong><em>πρὸς</em></strong></span> <span class='ocrx_word' id='word_1_291' title='bbox 394 3718 497 3797; x_wconf 71' lang='grc' dir='ltr'><strong><em>ὑμᾶς,</em></strong></span> <span class='ocrx_word' id='word_1_292' title='bbox 521 3736 699 3802; x_wconf 87' lang='lat' dir='ltr'><strong>numquam</strong></span> <span class='ocrx_word' id='word_1_293' title='bbox 725 3718 934 3804; x_wconf 63' lang='lat' dir='ltr'><strong>expedisses</strong></span> <span class='ocrx_word' id='word_1_294' title='bbox 958 3719 1019 3803; x_wconf 86' lang='grc' dir='ltr'><strong><em>άροο</em></strong></span> <span class='ocrx_word' id='word_1_295' title='bbox 1042 3721 1235 3800; x_wconf 76' lang='grc' dir='ltr'><strong><em>γιγνώσκων.</em></strong></span> <span class='ocrx_word' id='word_1_296' title='bbox 1283 3720 1342 3789; x_wconf 84' lang='lat' dir='ltr'><strong>ho-</strong></span> 
     </span>
     <span class='ocr_line' id='line_1_34' title="bbox 149 3821 1342 3910; baseline 0.002 -19"><span class='ocrx_word' id='word_1_297' title='bbox 149 3844 207 3891; x_wconf 88' lang='lat' dir='ltr'><strong>ous</strong></span> <span class='ocrx_word' id='word_1_298' title='bbox 238 3832 271 3890; x_wconf 85' lang='lat' dir='ltr'><strong>et</strong></span> <span class='ocrx_word' id='word_1_299' title='bbox 302 3831 473 3910; x_wconf 84' lang='lat' dir='ltr'><strong>corruptus</strong></span> <span class='ocrx_word' id='word_1_300' title='bbox 503 3831 534 3888; x_wconf 88' lang='lat' dir='ltr'><strong>et</strong></span> <span class='ocrx_word' id='word_1_301' title='bbox 559 3821 771 3908; x_wconf 87' lang='lat' dir='ltr'><strong>interpolatus</strong></span> <span class='ocrx_word' id='word_1_302' title='bbox 803 3832 863 3890; x_wconf 88' lang='lat' dir='ltr'><strong>est.</strong></span> <span class='ocrx_word' id='word_1_303' title='bbox 912 3824 947 3889; x_wconf 91' lang='lat' dir='ltr'><strong>ln</strong></span> <span class='ocrx_word' id='word_1_304' title='bbox 979 3827 1046 3905; x_wconf 84' lang='grc' dir='ltr'><strong><em>ε’μοί</em></strong></span> <span class='ocrx_word' id='word_1_305' title='bbox 1077 3828 1116 3900; x_wconf 74' lang='grc' dir='ltr'><strong>ὥς</strong></span> <span class='ocrx_word' id='word_1_306' title='bbox 1142 3824 1222 3892; x_wconf 83' lang='lat' dir='ltr'><strong>latet</strong></span> <span class='ocrx_word' id='word_1_307' title='bbox 1255 3827 1342 3902; x_wconf 72' lang='lat' dir='ltr'><strong>elide</strong></span> 
     </span>
     <span class='ocr_line' id='line_1_35' title="bbox 149 3924 1342 4018; baseline 0.003 -21"><span class='ocrx_word' id='word_1_308' title='bbox 149 3940 180 3997; x_wconf 88' lang='lat' dir='ltr'><strong>ei</strong></span> <span class='ocrx_word' id='word_1_309' title='bbox 212 3931 294 4004; x_wconf 62' lang='lat' dir='ltr'><strong>etheo</strong></span> <span class='ocrx_word' id='word_1_310' title='bbox 326 3927 387 4009; x_wconf 89' lang='grc' dir='ltr'><strong><em>άροι</em></strong></span> <span class='ocrx_word' id='word_1_311' title='bbox 421 3924 467 3992; x_wconf 72' lang='grc' dir='ltr'><strong>ὅτι</strong></span> <span class='ocrx_word' id='word_1_312' title='bbox 497 3929 591 4000; x_wconf 69' lang='lat' dir='ltr'><strong>edric</strong></span> <span class='ocrx_word' id='word_1_313' title='bbox 626 3928 813 4006; x_wconf 63' lang='lat' dir='ltr'><strong>inciderimus</strong></span> <span class='ocrx_word' id='word_1_314' title='bbox 856 3928 982 3995; x_wconf 82' lang='lat' dir='ltr'><strong>dixerat</strong></span> <span class='ocrx_word' id='word_1_315' title='bbox 1014 3929 1189 4018; x_wconf 83' lang='lat' dir='ltr'><strong>Xenophon</strong></span> <span class='ocrx_word' id='word_1_316' title='bbox 1225 3931 1342 4000; x_wconf 83' lang='lat' dir='ltr'><strong>eodem</strong></span> 
     </span>
     <span class='ocr_line' id='line_1_36' title="bbox 148 4031 917 4122; baseline -0.009 -17"><span class='ocrx_word' id='word_1_317' title='bbox 148 4035 242 4107; x_wconf 91' lang='lat' dir='ltr'><strong>modo</strong></span> <span class='ocrx_word' id='word_1_318' title='bbox 265 4044 362 4122; x_wconf 90' lang='lat' dir='ltr'><strong>atque</strong></span> <span class='ocrx_word' id='word_1_319' title='bbox 384 4031 615 4118; x_wconf 74' lang='lat' dir='ltr'><strong>Aristophanes</strong></span> <span class='ocrx_word' id='word_1_320' title='bbox 641 4035 672 4099; x_wconf 92' lang='lat' dir='ltr'><strong>in</strong></span> <span class='ocrx_word' id='word_1_321' title='bbox 696 4033 819 4120; x_wconf 74' lang='lat' dir='ltr'><strong>Equiti.</strong></span> <span class='ocrx_word' id='word_1_322' title='bbox 840 4038 917 4100; x_wconf 72' lang='lat' dir='ltr'><strong>titii.</strong></span> 
     </span>
    </p>

    <p class='ocr_par' dir='ltr' id='par_1_6' title="bbox 322 4139 1077 4431">
     <span class='ocr_line' id='line_1_37' title="bbox 328 4139 1077 4223; baseline 0.003 -19"><span class='ocrx_word' id='word_1_323' title='bbox 328 4140 391 4204; x_wconf 75' lang='lat' dir='ltr'><strong>ie·</strong></span> <span class='ocrx_word' id='word_1_324' title='bbox 416 4140 583 4217; x_wconf 74' lang='grc' dir='ltr'><strong><em>ὑπονοιίσοις</em></strong></span> <span class='ocrx_word' id='word_1_325' title='bbox 608 4141 622 4204; x_wconf 81' lang='grc' dir='ltr'>ὁ</span> <span class='ocrx_word' id='word_1_326' title='bbox 646 4141 857 4223; x_wconf 80' lang='grc' dir='ltr'><strong><em>Ποιφλοιγὼν,</em></strong></span> <span class='ocrx_word' id='word_1_327' title='bbox 880 4141 982 4213; x_wconf 73' lang='grc' dir='ltr'><strong><em>εἰδὼς</em></strong></span> <span class='ocrx_word' id='word_1_328' title='bbox 1006 4139 1077 4220; x_wconf 88' lang='grc' dir='ltr'><strong><em>άροι</em></strong></span> 
     </span>
     <span class='ocr_line' id='line_1_38' title="bbox 322 4239 944 4327; baseline 0.005 -19"><span class='ocrx_word' id='word_1_329' title='bbox 322 4239 368 4315; x_wconf 79' lang='grc' dir='ltr'><strong>οἷς</strong></span> <span class='ocrx_word' id='word_1_330' title='bbox 393 4241 470 4318; x_wconf 66' lang='lat' dir='ltr'><strong>hhsd’</strong></span> <span class='ocrx_word' id='word_1_331' title='bbox 494 4247 512 4319; x_wconf 75' lang='grc' dir='ltr'><em>ἦ</em></span> <span class='ocrx_word' id='word_1_332' title='bbox 534 4246 633 4323; x_wconf 69' lang='grc' dir='ltr'><strong><em>βουλὴ</em></strong></span> <span class='ocrx_word' id='word_1_333' title='bbox 658 4245 785 4325; x_wconf 82' lang='grc' dir='ltr'><strong><em>μάλιςοι</em></strong></span> <span class='ocrx_word' id='word_1_334' title='bbox 809 4248 944 4327; x_wconf 73' lang='grc' dir='ltr'><strong><em>ῥήματι,</em></strong></span> 
     </span>
     <span class='ocr_line' id='line_1_39' title="bbox 325 4347 589 4431; baseline 0.008 -18"><span class='ocrx_word' id='word_1_335' title='bbox 325 4348 450 4431; x_wconf 77' lang='grc' dir='ltr'><strong><em>γνώμην</em></strong></span> <span class='ocrx_word' id='word_1_336' title='bbox 474 4347 589 4427; x_wconf 78' lang='grc' dir='ltr'><strong><em>ἔλεξεν.</em></strong></span> 
     </span>
    </p>
   </div>
   <div class='ocr_carea' id='block_1_3' title="bbox 0 0 1474 5010">
    <p class='ocr_par' dir='ltr' id='par_1_7' title="bbox 0 0 1474 5010">
     <span class='ocr_line' id='line_1_40' title="bbox 0 0 1474 5010; baseline 0 0"><span class='ocrx_word' id='word_1_337' title='bbox 0 0 1474 5010; x_wconf 95' lang='lat' dir='ltr'><strong> </strong></span> 
     </span>
    </p>
   </div>
  </div>
 </body>
</html>
