2940 5010
704 329 766 392 775

196 509 230 574 ln
256 508 294 570 V.
323 513 358 571 1:
382 505 484 587 σαφὲς
507 505 591 569 δοκεῖ
610 498 705 581 εἶναι,
727 505 767 575 ῦς
790 537 835 550 -
862 498 958 590 [θσι],
981 520 1089 568 reseca
1107 502 1253 571 inutilem
1275 526 1325 571 vo·

148 613 256 682 aulam
279 632 304 678 a
318 610 415 677 saioio
447 613 621 675 insertam:
646 605 760 673 deinde
780 606 885 691 cogita
908 625 971 693 quo
994 626 1091 673 sensu
1121 607 1269 677 dicatur:
1300 615 1326 677 εί

150 719 300 799 μέλλουσι
332 721 433 784 πάσαι
464 717 498 781 αί
527 711 663 794 πρόσοδοι
692 713 732 778 έκ
760 712 809 777 πθ
816 728 914 786 λεως
940 712 1114 795 προσιέναι,
1145 716 1259 796 είριίνην
1282 718 1331 783 δεῖ

148 823 313 907 ὑπάρχειν.
360 821 557 906 Intelligisne
588 816 665 905 qnid
688 817 730 883 sit
753 819 787 883 ἐκ
817 817 959 891 πάλεωςί
1006 817 1073 884 Non
1098 819 1229 904 opinor:
1254 840 1329 887 narn

148 928 301 1017 pleraque
325 927 454 995 aliunde
474 924 630 992 redibant.
655 921 814 990 Emendat
840 925 865 989 εί
887 922 1036 1002 μίλλονσι
1058 927 1159 990 πῦσαι
1180 928 1215 992 al
1238 927 1327 1009 πρίσ-

147 1036 207 1102 οδοι
239 1033 387 1116 ἔκπλεῳ
418 1031 581 1114 προσιέναι.
629 1028 903 1115 Frequentisslme
932 1027 1106 1116 Xenophon
1138 1031 1242 1097 utitur
1272 1031 1327 1098 ad·

150 1140 266 1206 ieetivo
288 1138 447 1215 ἔκπλεως,
479 1138 513 1202 in
536 1154 599 1221 quo
623 1134 726 1220 copiae
747 1142 779 1200 et
800 1133 1006 1199 abundantiae
1029 1135 1116 1201 notio
1139 1137 1244 1214 inest,
1277 1156 1329 1202 ve·

149 1244 212 1311 loti
247 1245 434 1320 πάπιπιίδεια
467 1242 573 1308 πάντα
607 1240 750 1305 έκπλειο
787 1239 892 1321 ἔχειν,
925 1247 957 1305 et
989 1241 1061 1305 sim.
1116 1240 1200 1321 Quid
1231 1242 1328 1309 lateat
1453 1309 1461 1321 ,

148 1350 187 1416 V.
211 1354 243 1416 9,.
267 1352 300 1415 in
323 1349 446 1416 verbis:
469 1351 507 1421 ῦς
531 1349 591 1430 έμη
615 1343 685 1427 δθξη
703 1350 1068 1428 παραχμεμωσκοποῦσιν
1088 1343 1209 1412 frustra
1233 1367 1328 1434 quae·

148 1454 220 1520 siri.
275 1453 383 1540 Neque
415 1454 519 1539 magis
549 1451 731 1536 excogitare
764 1449 851 1535 potui
887 1449 965 1536 qnid
994 1450 1123 1518 tandem
1154 1451 1326 1540 Xenophon

147 1560 338 1646 eogitarerit
361 1569 393 1626 et
415 1558 532 1626 uixerit
556 1576 614 1644 pro
637 1556 698 1630 iis,
723 1573 805 1641 qnae
826 1574 912 1621 nono
931 1555 969 1620 V.
994 1560 1027 1624 5.
1052 1555 1222 1641 leguntur:
1246 1561 1272 1625 σί
1296 1559 1327 1625 δὲ

144 1668 255 1749 rnen„
289 1666 356 1731 καὶ
388 1664 563 1745 άργνρίςι
597 1659 756 1740 δυνάμενοι
790 1660 1049 1743 χρηματίζεσθαι.
1103 1661 1220 1728 Contra
1248 1663 1328 1729 nihil

148 1778 199 1837 est
221 1769 346 1837 iaoiiius
370 1789 466 1855 quem
490 1770 630 1836 eximere
654 1768 833 1852 scripturae
856 1767 971 1831 vitium
996 1786 1034 1832 ex
1056 1767 1094 1832 V.
1121 1773 1265 1843 11εσῶς
1290 1769 1327 1835 θον

146 1874 270 1955 ἄμεινον
290 1880 396 1941 ταῦτα
420 1875 528 1957 κριθείη
554 1875 571 1950 ἢ
594 1872 623 1938 εί
645 1897 691 1946 τις
715 1872 757 1938 πά
786 1872 1041 1951 προγεγενημένα
1072 1872 1131 1939 έπι
1162 1875 1327 1940 άνασκο·
1409 1862 1411 1866 ’

146 1982 235 2057 ποίη
269 1991 308 2064 πη
336 1981 425 2046 πθλει
460 1986 523 2052 πῶς
546 1978 765 2057 άποβέβηκεν;
796 1976 870 2061 quis
900 1977 986 2042 enirn
1011 1977 1121 2042 statim
1145 1976 1329 2046 admonitus

147 2106 211 2153 non
247 2085 399 2151 concedet
429 2085 656 2159 ἐπανασκοποίη
690 2102 748 2168 pro
779 2080 824 2146 ἔτι
854 2083 1042 2158 άνασκοποίη
1070 2102 1141 2149 esse
1174 2104 1328 2171 reponen-

147 2189 249 2256 ilum?
298 2190 379 2256 Tum
405 2192 436 2256 in
471 2193 563 2276 §12
594 2188 719 2273 corrige
739 2187 926 2260 έκλιποιίσας
950 2207 1008 2274 pro
1030 2189 1245 2264 ἐκλειπούσας.
1291 2191 1328 2257 ln

149 2297 246 2380 515.
280 2294 370 2361 loeda
399 2293 581 2380 corruptela
611 2292 803 2360 sententiani
828 2290 996 2358 verborum
1023 2313 1154 2379 prorsus
1178 2293 1328 2362 obseura·

146 2400 204 2466 vit.
252 2399 288 2467 ln
313 2400 404 2466 tibris
426 2409 493 2467 est:
525 2401 605 2466 πολὺ
629 2401 740 2464 θάττον
763 2395 801 2462 άν
828 2398 1032 2478 τιμωροίμεθα
1055 2398 1188 2477 αῦποῦς,
1220 2402 1246 2466 εί
1269 2426 1328 2480 μη·

143 2503 218 2571 δένα
249 2506 507 2587 παρέχοιμεν
538 2506 780 2579 άδικοῦνπα,
812 2502 918 2568 οὐδένα
946 2503 1009 2586 γάρ
1041 2502 1079 2569 άν
1113 2504 1213 2586 ἔχοιεν
1246 2507 1326 2587 σάμ-

145 2635 262 2694 μαχον.
309 2611 393 2676 Loee
411 2611 527 2677 clarior
543 2610 632 2675 loeus
649 2608 711 2675 erit
736 2608 783 2675 sio
801 2607 1007 2675 emendatus:
1032 2611 1057 2675 ei
1077 2610 1195 2689 μηδένα
1216 2612 1326 2694 ῦπάρ·

145 2739 284 2798 χοιμεν
314 2718 542 2790 ἀδικοῦντες.
591 2715 692 2801 Saepe
719 2712 786 2779 riui
811 2713 941 2796 ὑπάρχω
969 2722 1002 2780 et
1029 2716 1157 2797 παρέχω
1185 2717 1270 2784 inter
1293 2738 1328 2785 se

144 2820 309 2888 aoniunrli.
357 2822 528 2908 Postquain
560 2820 755 2903 ῦπάρχοιμεν
778 2821 811 2885 in
838 2821 1029 2902 παρέχοιμεν
1057 2819 1137 2887 abiit
1164 2840 1256 2889 error
1278 2844 1327 2891 er·

684 2924 700 2954 ἲ

144 2987 251 3035 rorem
277 2968 400 3056 peperit
432 2976 464 3036 et
492 2976 547 3034 aut
576 2970 698 3034 vitiario
723 2965 806 3033 male
829 2965 990 3055 expletum
1014 2975 1083 3046 est,
1107 2974 1165 3033 ant
1187 2971 1325 3037 άδικιῦν·

145 3094 241 3147 aera
272 3072 334 3140 levi
365 3083 544 3139 correctore
568 3072 608 3139 ad
640 3072 771 3139 verbnm
806 3071 998 3158 praecedens
1029 3081 1078 3138 est
1108 3074 1326 3142 accommoda·

144 3187 226 3245 tum.
274 3178 375 3259 Quam
409 3179 564 3244 usitatum
595 3179 637 3243 sit
660 3179 705 3243 ita
732 3176 839 3243 dicere
870 3175 1001 3259 ὑπάρχω
1028 3179 1160 3255 άδικῦν,
1193 3180 1324 3264 ὑπάρχω

143 3282 238 3350 άδικα
258 3290 347 3350 ποιῶν
370 3291 402 3350 et
426 3285 499 3350 sinn.
525 3283 559 3348 in
580 3283 687 3370 priore
712 3291 801 3369 parte
829 3282 908 3349 satis
929 3284 1241 3352 demonstravimus:
1266 3287 1325 3354 ita·

144 3407 207 3475 que
232 3409 318 3456 nuno
342 3387 473 3456 verbum
499 3408 559 3452 non
581 3386 720 3474 emplius
744 3386 835 3454 addo.

189 3494 268 3561 Utar
291 3504 415 3561 tantum
440 3515 503 3559 nno
522 3492 619 3559 lruius
641 3492 737 3559 libelii
762 3493 831 3559 loeo
850 3492 889 3560 au
909 3492 1108 3562 emendanda
1130 3496 1227 3564 verba
1251 3498 1324 3564 Pio·

142 3599 249 3666 larcin
281 3602 314 3665 in
344 3598 464 3666 Pericle
492 3619 562 3685 cap.
589 3603 646 3665 13:
679 3600 748 3665 θδέ
777 3600 897 3674 Φειδίας
922 3599 1081 3683 είργάζεπο
1113 3612 1169 3679 πῆς
1193 3605 1258 3671 θεοῦ
1289 3605 1324 3671 πθ

142 3711 276 3788 χρυσοῦν
298 3704 361 3779 ἕδος
383 3704 434 3771 καί
459 3705 567 3770 τοῦτον
590 3704 770 3785 δημιουργὸς
795 3706 824 3769 έν
854 3715 892 3789 πη
916 3709 995 3789 ςάλη
1021 3703 1118 3774 εἶναι
1143 3710 1324 3792 χέχραπ·

141 3833 225 3877 aar:
261 3809 338 3896 qnid
371 3811 413 3875 sit
445 3808 614 3895 legendum
639 3830 696 3896 pro
726 3805 803 3876 εἶναι
829 3810 1011 3892 γέγραπται
1044 3814 1213 3880 ostendent
1246 3813 1324 3880 haee

141 3914 363 4001 Xenophontis
384 3914 437 3981 nl.
468 3921 528 3981 11:
560 3917 586 3981 εί
615 3916 759 3994 μέλλοιεν
782 3918 1132 3998 άναχραφησεσθαι
1162 3921 1323 4001 εὐεργέται

142 4022 185 4096 είς
211 4023 262 4088 πθν
286 4019 416 4088 άπανσα
447 4021 575 4103 χρόνον,
608 4041 721 4108 nempe
749 4021 927 4103 δημιουργὸς
951 4022 982 4086 έν
1014 4033 1052 4106 τῇ
1075 4026 1155 4107 ςνίλη
1182 4026 1321 4104 άναγέ·

142 4150 339 4209 γραπται,
364 4127 500 4214 quonia
526 4126 581 4192 tali
605 4146 640 4192 re
664 4133 787 4192 centuni
814 4138 844 4194 et
870 4127 1084 4194 necessarium
1107 4128 1239 4196 verbum
1264 4138 1322 4196 est.

142 4231 310 4297 contrario
333 4251 442 4298 errore
466 4230 621 4298 scribitur
643 4231 720 4297 inid.
747 4253 816 4319 cap.
838 4237 896 4298 34:
920 4234 990 4306 σοὺς
1008 4236 1140 4310 πολλοὺς
1161 4237 1321 4315 διανομαῖς

140 4335 314 4417 χρημάτων
350 4337 556 4420 ἀνελάμβανε
593 4336 646 4405 καί
678 4339 866 4422 κληρουχίας
900 4336 1151 4424 άνέχραφεν,
1187 4340 1321 4409 emenda

140 4441 290 4524 έννεθεν·
