2940 5010
673 291 737 354 555

117 462 206 553 aputl
236 462 333 531 eunrl.
368 463 408 531 ail
434 462 553 530 Phoen.
576 467 628 529 tt.
661 471 693 529 et
724 466 775 529 τόν
805 462 831 527 δ’
857 458 936 529 εἶδεν
965 463 1040 532 eso
1071 481 1129 548 pro
1158 466 1237 532 οονδδ
1267 466 1300 533 δὲ

116 568 213 641 vasto
241 569 326 658 apud
357 570 490 656 llering.
524 566 703 635 Observatt.
737 588 767 653 p.
789 572 865 635 779.
899 566 1018 654 quide
1052 566 1213 635 industria
1241 570 1301 639 hoc

116 694 223 761 genus
251 674 443 742 mendorum
468 682 615 760 retegens
641 695 671 761 p.
695 676 883 739 ero-289.
908 673 1036 739 eximiis
1067 674 1300 742 emendationi·

114 778 179 847 hus
200 779 321 847 mullos
344 780 521 875 multorum
542 779 628 847 locos
653 779 686 844 in
711 779 873 864 integrum
897 779 1062 854 restituit,
1086 778 1119 844 in
1143 778 1194 847 his
1215 781 1300 868 apud

116 882 317 953 Herodotum
337 885 390 951 vl.
415 889 469 953 28.
495 904 552 971 pro
575 884 859 963 >excaecatione
892 887 918 949 οἱ
945 892 1000 960 τῆς
1024 892 1150 964 spectris
1172 888 1301 973 egregie

115 990 293 1059 emendans
319 991 519 1071 λιμαινούσης
550 1010 580 1076 p.
603 993 678 1056 277.
726 989 763 1055 ln
793 987 929 1074 Epistol.
965 987 1120 1056 Socratis.
1140 990 1210 1057 llll.
1240 1011 1300 1078 pro

115 1102 211 1177 λιμοῦ
234 1096 288 1164 καὶ
311 1097 404 1180 δίψος
428 1097 460 1163 in
481 1095 571 1162 lihris
596 1103 646 1160 est
666 1093 717 1160 otei
739 1118 798 1172 μου
822 1094 874 1160 καί
899 1095 1013 1175 δίψης,
1039 1097 1177 1161 correxit
1199 1097 1300 1167 lloen.

116 1199 159 1269 atl
193 1200 289 1288 Greg.
322 1202 466 1269 Corinth.
499 1222 529 1290 p.
551 1206 627 1268 665.
674 1198 773 1266 llulta
804 1198 855 1265 his
885 1198 1004 1265 similia
1027 1196 1181 1284 leguntur
1214 1204 1300 1289 apud

115 1304 313 1375 criticorum
333 1310 504 1396 principes.
539 1307 639 1374 Nemo
659 1326 697 1372 ex
716 1303 811 1371 cont.
836 1322 1030 1391 cognoscere
1048 1306 1167 1391 poterit
1186 1316 1298 1377 utrum

115 1412 190 1497 πίνῃ
211 1432 253 1480 an
285 1424 374 1497 πεινῇ
397 1414 441 1481 sit
464 1410 693 1491 scribendum,
725 1420 828 1478 λιπεῖν
851 1430 893 1476 an
915 1410 1033 1476 λείπειν
1058 1409 1156 1498 (unde
1180 1420 1227 1478 tot
1249 1415 1300 1480 vi·

115 1516 202 1585 lione
224 1517 377 1585 voeabula
401 1526 476 1586 nata
507 1526 585 1584 sunl
606 1515 819 1594 λειπντοίξνον,
841 1521 1048 1597 λειποψνχεΐν
1072 1522 1148 1581 cett.
1172 1536 1230 1603 pro
1252 1534 1299 1584 λι·

116 1620 205 1711 w),
238 1624 393 1691 πείόεσόοιι
418 1643 460 1690 an
487 1623 649 1698 πιόέσόαν,
674 1620 732 1703 ἔρις
756 1642 796 1688 an
821 1625 918 1704 ἐρεῖς,
940 1620 1021 1703 εἰδῇς
1046 1639 1088 1685 an
1109 1619 1195 1704 ίδης,
1218 1625 1299 1691 eino·

114 1726 190 1794 τίνοι
219 1747 260 1795 an
291 1730 463 1807 drosaico,
493 1728 606 1810 ςρανιοί
637 1747 678 1794 an
707 1728 859 1809 ςρανεία,
885 1725 1012 1791 παιδεία
1040 1745 1080 1791 an
1102 1727 1235 1808 παιδιαί,
1266 1739 1299 1796 et

114 1830 173 1899 nlri
203 1830 299 1899 linem
330 1833 516 1902 inueniam?
564 1833 666 1915 Quam
696 1852 790 1918 saepe
813 1851 852 1897 ex
879 1830 970 1896 libris
1000 1828 1181 1898 afferuntur
1204 1833 1298 1909 ἥδειον

114 1944 150 2005 et
170 1936 315 2017 βίλοειον
336 1949 370 2007 et
394 1940 499 2007 αίιιεία
522 1948 554 2007 et
583 1940 694 2022 όρνεις,
720 1935 804 2023 quod
830 1939 905 2018 όρνις
934 1935 1053 2021 ubique
1078 1936 1295 2007 scribendum.

114 2040 271 2109 Omnium
298 2064 362 2112 usu
391 2052 520 2132 recepta
551 2053 628 2111 sunt
650 2043 845 2126 Φιλόνεικος,
869 2040 1065 2123 φιλονεικία,
1089 2048 1296 2125 Φιλονεικεῑν,

114 2166 200 2235 quae
222 2168 323 2235 quum
346 2170 364 2217 e
387 2152 454 2225 νίκη
479 2159 651 2237 propagata
674 2150 741 2213 sint
765 2147 795 2235 (e
817 2155 912 2219 νεῖκος
936 2146 1020 2212 enim
1045 2150 1220 2229 φιλονεικης
1241 2171 1297 2218 na·

112 2259 187 2319 tum
219 2250 346 2342 luisset)
378 2254 526 2341 sequitur
554 2254 710 2338 φιλόνικος
742 2261 817 2318 cett.
853 2250 951 2318 scribi
987 2261 1143 2338 oportere.
1191 2254 1297 2323 Simili

112 2376 225 2425 errore
253 2366 365 2425 natum
397 2367 446 2425 est
476 2358 609 2426 verbum
641 2360 784 2437 γείνομαι
808 2365 840 2423 et
863 2356 1038 2435 γεινόμενοι
1068 2366 1099 2423 el
1123 2360 1166 2425 τοὶ
1198 2362 1296 2440 γεινό·

109 2486 215 2543 μενον,
245 2482 344 2551 quum
371 2464 497 2531 scribae
523 2484 582 2551 pro
613 2466 764 2543 ηἰηνομαι
786 2462 862 2529 dare
883 2461 1022 2528 solerent
1045 2464 1170 2542 γίνομαι
1199 2466 1295 2553 idque

110 2574 283 2655 proptera
314 2569 507 2655 productum
537 2578 749 2636 ΓΕΙΝΟΜΑΙ
785 2566 993 2637 scriberetur.
1048 2566 1182 2656 Semper
1215 2571 1295 2639 milri

108 2672 290 2741 abundum
317 2683 350 2741 et
377 2674 549 2742 barbarum
574 2675 678 2739 risum
705 2681 755 2739 est
781 2672 811 2738 in
838 2670 1065 2758 Aristophanis
1095 2674 1216 2741 trihus
1241 2696 1295 2743 no·

111 2779 419 2860 maenomenon
449 2799 552 2866 neque
577 2798 730 2865 umquam
752 2777 896 2843 dubitari
920 2778 997 2863 quin
1022 2779 1217 2862 noctivagae
1241 2802 1295 2867 ge·

108 2884 215 2953 nuina
244 2883 348 2950 forma
379 2893 486 2963 esset,
519 2894 555 2949 ut
585 2883 757 2960 Πιςίξενος.
804 2882 934 2968 Reperit
968 2903 1083 2949 nomeu
1109 2884 1213 2969 ipsum
1238 2898 1297 2954 Πι-

108 2988 271 3071 οίετοιίηον
295 2989 328 3055 in
355 2991 488 3077 antiqua
512 2988 722 3075 inscriptione
747 2988 913 3073 Ilergete,
937 3006 1033 3073 quern
1061 2987 1178 3055 nollem
1200 2992 1233 3055 in
1258 3012 1296 3059 ea

108 3114 147 3163 re
167 3092 278 3161 lutiles
300 3102 334 3161 et
365 3093 504 3181 pueriles
530 3094 730 3179 suspiciones
762 3092 953 3179 protulisse,
978 3111 1059 3177 quae
1084 3091 1236 3179 leguntur
1260 3097 1293 3165 in

108 3200 184 3269 eius
201 3200 309 3287 Antip.
333 3198 460 3267 ίίοίίόιι.
483 3200 519 3265 Τ.
545 3197 584 3265 11.
610 3218 680 3285 pag.
703 3202 778 3263 859.

156 3304 278 3373 Eadem
302 3313 352 3371 est
378 3304 531 3391 prensandi
561 3302 741 3390 frequentia
765 3304 798 3367 in
826 3312 870 3368 ΑΙ
894 3310 926 3368 et
948 3313 974 3368 E
1006 3302 1144 3371 absurde
1176 3308 1294 3392 permi-

105 3410 254 3479 scendis:
284 3409 702 3487 vesontionensem,
734 3407 817 3474 ἔλεον
846 3408 1006 3494 appellant
1035 3409 1159 3489 ἔλαιον,
1182 3421 1296 3479 eontra

105 3514 189 3585 urhe
208 3518 355 3589 Ἐλαιοῦς
379 3513 418 3581 ah
444 3514 601 3580 olivarum
623 3513 804 3600 frequentia
828 3533 942 3578 nomen
967 3512 1081 3601 adepta
1103 3515 1295 3585 stultissime

105 3624 216 3695 ίλενῗνς
246 3621 280 3687 in
306 3619 399 3685 libris
418 3619 609 3707 appellatur.
655 3619 753 3685 Nemo
782 3619 833 3683 ἐπὶ
855 3620 944 3700 κέρως
969 3626 1000 3685 et
1031 3621 1216 3704 ἐπικαίρως,
1239 3626 1295 3690 ’Λ-

104 3734 210 3811 min
240 3735 274 3794 et
303 3727 429 3810 οὶχίων,
464 3727 577 3791 ἐνοῦαιν
607 3733 640 3790 et
661 3726 814 3800 οοίνοῦοιν,
845 3725 898 3805 ἐρῶ
934 3732 966 3789 el
989 3724 1082 3805 αἴρω,
1118 3728 1233 3809 ἑτέρους
1261 3737 1294 3795 el

105 3832 247 3916 ἑταίρους
268 3832 352 3897 inter
372 3850 407 3897 se
426 3830 599 3916 distinguit
623 3839 655 3896 et
678 3829 739 3895 alia
770 3848 905 3895 numero
924 3830 1066 3895 carentia
1087 3831 1119 3895 in
1144 3830 1294 3899 omnihus

103 3934 204 4005 libris
226 3955 347 4023 susque
370 3936 472 4023 ‹leqne
504 3934 672 4001 habetitur.
719 3935 834 4015 Quam¹
848 3954 943 4019 saepe
974 3953 1030 4019 pro
1052 3934 1158 4009 οὶνέδην
1199 3936 1233 3999 in
1257 3934 1294 4001 li-

103 4040 179 4111 liris
202 4040 352 4107 omnihus
373 4040 494 4127 legitur
522 4039 698 4107 absurdum
729 4040 877 4115 αἰναίδην,
913 4037 995 4123 quod
1021 4036 1095 4104 olim
1124 4058 1182 4125 pro
1204 4060 1295 4107 voca·

104 4144 186 4215 bulo
209 4144 332 4213 Graeco
358 4145 545 4211 habebatur.
594 4145 684 4212 Sitne
716 4146 859 4225 πέσωμεν
884 4164 924 4209 an
959 4143 1120 4221 παίσομεν
1152 4143 1294 4213 scriben-

105 4252 214 4329 dum,
246 4250 391 4329 ἐξέπεσεν
421 4269 461 4315 an
486 4250 671 4328 ἕξὲπαιοεν,
697 4252 808 4318 οἴονται
832 4271 873 4315 an
898 4244 1038 4326 οἷόντε,
1070 4252 1103 4314 οὐ
1125 4252 1224 4328 μένειν
1251 4274 1292 4321 att

104 4358 290 4437 ίνμαίνειν,
316 4357 393 4423 ἔνεον
417 4376 457 4423 an
482 4358 579 4423 ἔναιον
598 4378 635 4423 ox
656 4355 750 4423 cortu.
776 4358 852 4423 sciri
878 4354 1009 4441 nequit:
1036 4364 1108 4421 utra
1134 4358 1293 4443 scriptura
