2940 5010
681 252 747 313 558

136 432 263 505 κυλύδοις
294 426 341 495 ύτι
378 424 475 493 πύλιν
507 422 718 508 πεπερακότες
742 423 801 491 elci
833 426 886 491 τὸν
913 427 1112 510 Μαίανδρον,
1145 430 1212 496 inm
1250 448 1328 497 vem

138 534 350 621 πεπερακότες
377 528 461 609 εἷεν,
492 529 651 598 stilti.
677 536 712 599 5.
744 527 791 597 ύτι
815 534 909 614 Κῦρον
938 533 1009 599 ἐντ’
1035 534 1149 601 ἐκείνου
1177 534 1328 619 ᾑρημέναι

137 644 216 721 ήσαν
246 638 380 711 emenda
412 636 557 721 ήρκμέναι
589 636 705 712 sinuas.
753 636 789 703 ln
812 635 853 705 ll.
885 657 926 705 rr.
952 642 993 705 15
1027 638 1181 707 mendum
1213 642 1329 707 estin

138 747 245 815 verbis
268 745 347 821 ύοοις
366 746 402 811 τὸ
424 752 620 811 πλεονεκτεῖν
648 742 739 822 μύκον
761 739 893 822 ἔμελεν,
919 751 955 810 lu
979 744 1107 829 corrige
1135 752 1206 815 τοῦ
1231 761 1330 815 πλεο·

138 861 268 921 κεκτεΐν.

184 959 232 1027 llr
262 964 338 1024 nota
367 953 586 1023 recentiorum
620 952 815 1039 negligentia
846 953 978 1041 irrepsit
1001 954 1043 1023 ll.
1066 975 1109 1023 ιι.
1137 959 1189 1023 15.
1221 980 1329 1040 παρα-

137 1064 325 1144 γεγένηνται
356 1058 398 1128 ού
429 1056 509 1127 ούτοι
539 1060 598 1139 μὲν
628 1058 738 1127 ούποτε
767 1058 876 1143 ᾤοντο,
907 1060 1047 1147 pessime
1076 1061 1166 1128 enim
1189 1061 1247 1129 obt
1270 1083 1332 1151 pro

138 1191 198 1259 quo
222 1169 380 1254 scripturn
404 1173 475 1245 est,
498 1162 533 1230 σύ
555 1185 614 1252 pro
635 1161 685 1243 ol,
708 1172 744 1231 ut
771 1163 920 1231 Graeculi
943 1164 1103 1246 solebant,
1126 1167 1185 1254 qui
1208 1176 1243 1235 et
1266 1174 1331 1237 τοῦ.

137 1275 214 1343 ἄπει
245 1292 304 1360 pro
336 1278 393 1337 ποῖ
423 1279 456 1337 ct
487 1269 607 1337 similia
630 1269 819 1357 peccabant.
865 1271 900 1337 ln
922 1270 1033 1339 endem
1065 1270 1206 1361 §scioli
1237 1272 1331 1341 addi·

140 1387 321 1449 tamentum
354 1376 491 1442 nimium
525 1377 685 1463 patienter
707 1375 854 1443 tulimus.
901 1375 1125 1465 Thrasybulus
1152 1379 1200 1445 ita
1222 1378 1331 1453 disits

137 1486 196 1553 siri
229 1491 290 1552 τῖον
324 1482 504 1565 προσιόντων
535 1483 562 1549 oi
596 1482 653 1561 μὶν
675 1482 710 1548 τὸ
734 1480 830 1559 δεξιον
864 1481 956 1563 κέρας
989 1481 1117 1565 ἔχοντες
1150 1481 1202 1559 ciis
1235 1486 1330 1567 ὑμεῖς

139 1591 256 1672 ήμέροιν
288 1588 435 1667 πέμπτην
465 1586 653 1670 τρεψάμενοι
685 1586 853 1664 ἐδιώξατε,
887 1590 914 1655 οἱ
942 1588 970 1654 δ’
1000 1589 1050 1655 ἐπὶ
1083 1593 1139 1655 τοῦ
1169 1591 1331 1671 εὐωνύμου

140 1698 271 1780 ἔσχατοι
304 1691 398 1782 [ούτοι
430 1693 462 1759 δὲ
492 1694 519 1759 ci
549 1690 727 1781 τριύκοντα]
762 1689 789 1760 οἳ
817 1696 902 1772 ήμῖις
932 1693 985 1759 καὶ
1015 1692 1135 1770 πύλεως
1157 1698 1334 1779 ύπεπέρουν

136 1803 222 1870 οὐδὲν
244 1802 426 1873 ἀδικοῦντας
448 1799 501 1865 καὶ
532 1799 629 1866 οἰκιῶν
651 1795 836 1876 ἐξήλαυνον,
859 1796 995 1865 audisne
1015 1799 1190 1885 magistelli
1212 1822 1331 1871 uocem

137 1907 246 1975 odiose
270 1902 526 1992 interpellantis?

185 2010 341 2081 Notabilis
359 2029 451 2077 error
473 2008 666 2075 commissus
690 2009 723 2073 in
746 2007 839 2075 libris
861 2017 910 2075 est
933 2007 988 2075 lll.
1014 2028 1034 2075 ι.
1059 2013 1115 2077 28.
1144 2012 1177 2079 ἐν
1199 2022 1243 2097 τή·
1266 2038 1334 2081 τοι·

138 2119 214 2200 sptbs
241 2126 281 2199 σή
312 2120 430 2181 σαυτοῦ
465 2114 598 2196 Σκήψει.
648 2112 860 2185 Scribendunr
894 2122 944 2181 est
976 2117 1082 2199 Σκήψι
1110 2115 1332 2207 similiterque

138 2224 178 2289 V.
201 2241 248 2288 ιιι.
275 2223 326 2286 19.
359 2220 396 2286 sb
415 2221 446 2285 ἐν
469 2219 588 2302 ’λψύτι
613 2238 671 2304 pro
694 2218 840 2300 ’λψύσεκ
887 2220 1033 2307 Namque
1056 2219 1272 2289 Athenienses
1296 2232 1332 2291 et

137 2328 283 2415 plerique
302 2324 357 2390 alii
378 2324 552 2411 scriptores
576 2321 688 2391 Gracci
710 2322 743 2387 in
768 2321 954 2392 huiusmodi
978 2325 1165 2393 nominibus
1185 2330 1332 2416 propriis

136 2441 171 2499 et
191 2430 381 2518 oppidorum
405 2436 438 2494 ct
462 2426 634 2494 lluminum
662 2436 695 2493 et
717 2426 886 2495 hominurn
910 2430 958 2496 nti
981 2429 1084 2497 solent
1104 2430 1219 2499 lormis
1244 2434 1332 2501 loni·

138 2539 188 2604 cis
209 2538 242 2603 iu
265 2561 320 2609 -ισς
344 2542 377 2601 et
396 2559 439 2610 -ι,
466 2534 555 2599 utin
575 2533 627 2598 brt
650 2532 811 2613 Κρεύσιος,
835 2533 920 2620 quod
944 2536 977 2601 in
1001 2534 1176 2603 Hellenicis
1198 2540 1333 2627 saepius

140 2650 228 2709 recte
254 2641 411 2726 scripturn
445 2647 505 2705 ost.
553 2638 634 2703 llino
669 2636 851 2724 Stephanus
875 2641 1007 2729 Byzant.
1040 2662 1070 2709 ν.
1095 2650 1224 2725 Κρεῦσις
1242 2648 1331 2725 -sl

138 2749 248 2828 γενική
272 2745 426 2827 Κρεύσιος.
474 2741 528 2810 Sic
558 2745 575 2820 ἡ
600 2744 703 2820 Ζήνιος
734 2747 812 2823 γυνή
844 2747 1034 2813 nourinalur
1063 2748 1097 2813 in
1127 2748 1251 2817 Hellen.
1271 2750 1332 2819 ΙΙΙ.

140 2872 161 2918 ι.
190 2856 240 2918 10.
272 2854 347 2928 etsi
376 2849 549 2922 Συεννέσιος
580 2849 659 2926 γυνή
684 2850 716 2913 in
741 2849 881 2915 Anabasi
903 2850 926 2916 l.
952 2872 984 2917 n.
1012 2855 1063 2918 12.
1110 2853 1225 2940 ltaque
1247 2866 1332 2935 Σκή·

137 2966 336 3041 prenomen
361 2954 467 3041 oppidi
493 2952 588 3019 habet
618 2955 755 3035 Σκήψιος
780 2963 812 3020 et
837 2958 965 3036 Σκήψι,
996 2957 1225 3045 appellativum
1255 2972 1330 3041 σκή-

140 3072 197 3146 ψις
228 3069 342 3129 contra
373 3061 516 3143 σκήψεως
547 3067 579 3126 et
610 3060 736 3141 σκήψει.
784 3058 839 3125 Sic
869 3061 954 3147 apud
987 3062 1209 3153 Thucydidem
1243 3075 1332 3137 rccle

143 3170 263 3255 legitur
286 3165 310 3233 l.
335 3170 390 3231 bl.
423 3164 458 3243 ἐξ
487 3166 656 3248 Ἀφύτιος,
678 3172 711 3231 ct
735 3163 788 3229 IV.
816 3168 891 3232 107.
926 3166 1071 3247 Γούξιος,
1093 3175 1127 3235 el
1148 3170 1180 3236 in
1205 3170 1328 3241 Hellen.

143 3273 167 3338 l.
186 3294 207 3339 r.
231 3277 284 3338 uu.
309 3271 490 3339 rectissime
514 3267 657 3336 Dindorl.
682 3268 867 3336 emendavit
889 3273 1027 3349 Γνώσιος.
1062 3273 1220 3343 nicenam
1242 3278 1331 3347 euim

144 3379 158 3442 b
183 3382 294 3450 Γνῶσις
320 3385 353 3441 ul
377 3378 392 3441 l
413 3382 522 3449 Σῶσις.
570 3372 662 3460 Apud
687 3374 872 3462 Lycurgum
896 3377 929 3443 in
953 3378 1123 3445 Leuctaleu
1143 3378 1168 3469 ὃ
1192 3386 1249 3460 87,
1271 3402 1331 3469 pru

144 3480 336 3559 Κλεομάντει
360 3479 580 3567 recipiendum
603 3488 652 3545 est
669 3481 867 3560 Kreopolon,
891 3501 953 3549 uon
978 3481 1057 3552 adeo
1079 3486 1157 3575 quin
1178 3486 1212 3553 iu
1233 3486 1331 3555 Codri.

145 3585 176 3653 id
199 3586 339 3670 legitur,
369 3584 425 3653 sed
457 3585 534 3672 quin
557 3583 677 3653 Graece
703 3584 904 3672 loquentium
931 3608 1010 3657 usus
1033 3600 1070 3657 ut
1096 3591 1142 3657 ila
1166 3592 1332 3661 scribatur

145 3689 297 3778 postulat.

191 3796 298 3863 Etiam
325 3794 357 3859 in
382 3793 454 3860 aliis
482 3794 666 3861 nominibus
698 3796 837 3883 propriis
866 3796 1038 3887 Xenophon
1067 3808 1100 3869 et
1123 3800 1332 3895 Thucydides

143 3902 356 3969 dialectorurn
386 3900 512 3967 lonicae
541 3908 598 3966 sut
627 3900 760 3969 llorlcae
792 3900 912 3969 lornras
936 3916 1115 3992 usurpant,
1145 3910 1331 3979 cuiusmodi

143 4016 222 4076 sunt
247 4008 278 4073 in
302 4007 498 4095 Cynopaedia
526 4007 747 4095 compluribus
776 4007 855 4074 locis
875 4011 1055 4090 Καμβύσεω
1083 4019 1116 4079 et
1142 4014 1331 4099 Κυαξάρεω,

145 4126 178 4184 el
210 4113 297 4203 apud
330 4111 552 4202 llrncydidem
583 4114 689 4181 Πύθεω
712 4121 746 4180 et
774 4116 879 4195 Τήρεω
904 4115 943 4181 ll.
969 4120 1012 4183 29
1035 4127 1068 4184 et
1091 4122 1145 4185 95.
1178 4130 1212 4188 et
1246 4120 1331 4211 apud

145 4222 265 4289 multos
288 4218 412 4287 Θύλεω.
459 4219 567 4285 Ionica
592 4218 694 4286 lorma
720 4220 824 4286 utitur
845 4219 1051 4309 Thucydides
1074 4224 1159 4293 Vlll.
1185 4232 1244 4299 it.
1275 4232 1335 4305 'ly-

143 4322 477 4394 otoovetVlll.17.
511 4325 608 4409 Λύλή.
659 4325 758 4412 Saepe
782 4324 914 4393 lloricas
949 4327 1067 4397 lonrras
1102 4342 1234 4411 serrat,
1271 4354 1335 4401 non
