2940 5010
730 310 795 373 nse

156 480 391 558 uuuumlbl,
414 479 538 567 quoad
563 480 687 549 llelium
713 480 925 548 Athenienses
955 481 1033 547 uicti
1058 487 1144 547 sunt.
1192 478 1343 547 Pluribus

152 582 254 651 ettam
279 582 394 649 Strabo
414 584 468 653 lx.
495 607 524 673 p.
548 590 623 654 403.
648 586 783 654 Gasaub.
818 589 849 653 ἐν
870 586 902 652 δὲ
925 596 965 670 τῇ
990 587 1070 675 (περὶ
1096 584 1223 673 Δήλιον)
1248 592 1339 671 <pepp

152 687 295 757 πεσόντα
317 692 378 775 dtp’
400 687 496 757 ἵππον
520 694 702 777 Ξενοφῶντα
731 693 798 759 beo
821 693 957 772 κείμενον
982 694 1034 759 τὸν
1057 692 1194 775 Γρύλλον
1216 690 1341 773 turpal-

151 818 212 871 snc
233 796 250 861 d
273 795 447 880 Φιλόσοφος
476 798 617 878 οὶνέλοοβε
644 808 709 871 τοῖς
739 800 829 877 ὤμοις
851 800 945 865 αὐτὸν
975 797 1028 864 sal
1052 798 1164 865 ἔσωσεν
1189 798 1240 863 ἐπὶ
1266 813 1341 864 πολ·

152 900 229 973 nobs
257 900 381 975 sallom
412 898 468 976 ἕως
496 904 657 969 ἐπαύσατο
683 907 700 980 ἡ
723 905 826 988 φωνή.
874 904 996 968 Bonum
1028 902 1150 970 laetum
1177 902 1262 989 quod
1288 901 1342 969 ba·

155 1003 272 1073 benum
294 1012 410 1073 testem
434 1008 600 1075 meliorem
625 1008 810 1086 oculatum,
835 1010 889 1094 qui
917 1028 980 1095 quo
1007 1017 1101 1096 pacto
1125 1007 1274 1075 Socrates
1304 1027 1343 1074 cr

153 1108 212 1179 illa
233 1110 325 1179 clade
357 1130 392 1179 se
421 1114 578 1199 receperit
603 1115 794 1182 suavissime
818 1116 982 1180 narratio
1008 1114 1149 1181 Platonis
1174 1113 1344 1203 Symposio

153 1232 186 1303 p.
208 1218 271 1283 221
294 1216 332 1283 A.
380 1216 559 1284 Alcibiades
580 1220 666 1284 euim
692 1220 776 1306 ipse,
801 1238 897 1308 quem
922 1218 1070 1287 Socrates
1092 1220 1133 1286 ad
1157 1219 1342 1286 Potidaeam

153 1318 360 1389 uulneratum
385 1342 424 1389 ex
446 1323 590 1411 periculo
613 1333 819 1405 seruauerat,
844 1344 925 1411 equo
950 1325 1092 1393 insidens
1117 1325 1281 1391 Socratem
1310 1332 1344 1390 et

153 1424 327 1495 Lachetem
359 1429 533 1495 comitatus
566 1431 598 1494 iu
629 1430 736 1495 locum
761 1438 867 1497 tutum
894 1430 1053 1516 perduxit.
1101 1431 1149 1497 Eu
1181 1430 1241 1495 boc
1273 1431 1342 1516 ipso

156 1530 301 1599 Platonis
323 1531 392 1599 loco
416 1532 524 1600 bausit
556 1534 749 1601 Plutarchus
773 1537 901 1615 omnia,
925 1556 1008 1623 quae
1032 1536 1071 1603 dc
1101 1535 1214 1602 iisdem
1246 1533 1343 1601 rebus

153 1638 289 1723 scripsit
310 1638 342 1703 in
367 1640 435 1704 vitu
455 1639 630 1706 Alcibiadis
651 1662 720 1727 cap.
744 1640 812 1706 Vll.
837 1651 962 1708 caetera
988 1643 1067 1707 satis
1090 1649 1262 1716 accurate,
1287 1637 1342 1705 sed

152 1740 240 1829 quod
262 1742 426 1809 Socratem
454 1743 611 1810 Alcibiadi
636 1755 746 1813 narrat
771 1746 869 1813 luisse
893 1755 961 1812 tum
987 1748 1134 1822 σύσκηνον
1161 1747 1214 1811 sol
1239 1768 1342 1826 σορκ-

152 1846 255 1923 σοὲτην
277 1848 308 1913 ἐν
330 1856 395 1921 τοῖς
418 1850 520 1927 ἄγωσι
546 1849 744 1936 negligenter
767 1860 797 1917 ct
824 1852 1004 1918 inconsulto
1033 1852 1196 1939 loquitur,
1220 1851 1247 1915 si
1272 1850 1341 1936 qui·

152 1950 227 2019 dem
260 1951 442 2021 Alcibiades
468 1952 597 2022 ἵππευεν
622 1966 654 2022 et
679 1956 827 2023 Socrates
853 1957 1041 2035 ωσκίτενεν,
1067 1965 1102 2022 ut
1124 1975 1176 2023 res
1196 1958 1264 2043 ipsa
1287 1954 1341 2020 do·

153 2064 206 2125 ccl
233 2065 268 2125 ct
299 2057 440 2124 Platonis
464 2062 607 2126 narratio
630 2062 810 2127 coulirmat.
860 2062 921 2129 Sed
954 2064 1130 2128 nriuutiora
1160 2061 1239 2126 baec
1263 2068 1341 2126 suut

153 2182 232 2251 prae
271 2164 409 2229 istorum
443 2164 591 2244 leuitate,
628 2168 682 2252 qui
719 2167 960 2254 Aeuopbontcm
1002 2174 1072 2232 tum
1109 2174 1262 2253 quartum
1298 2184 1340 2231 an

152 2270 305 2357 quintum
327 2270 442 2335 aetatis
464 2290 584 2336 aunum
606 2281 753 2357 agentem
776 2275 807 2338 iu
831 2273 884 2338 illo
911 2271 993 2338 bello
1021 2280 1154 2338 narrant
1175 2291 1256 2357 equae
1282 2291 1339 2357 pu·

153 2372 239 2441 blico
270 2377 437 2442 meruisse.
492 2376 539 2441 Ex
569 2397 632 2463 qum
663 2377 748 2464 apud
773 2378 910 2444 Graecos
932 2397 1043 2443 omues
1069 2379 1101 2443 iu
1126 2376 1245 2443 honore
1269 2390 1338 2441 csse

153 2482 260 2569 coepit
282 2480 337 2547 illa

336 2588 653 2666 novevpcdnpoodvu,
676 2598 732 2664 τῆς
756 2593 789 2655 οὐ
810 2592 985 2671 κενεώτερον
1004 2588 1106 2665 οὐδέν,

151 2692 254 2759 multa
274 2692 428 2778 figmenta
451 2702 696 2779 commentaque
727 2694 843 2780 cupide
881 2697 911 2759 in
946 2694 1045 2760 libros
1079 2703 1207 2780 receptu
1238 2702 1335 2768 sunt,

150 2816 236 2887 quae
275 2816 378 2883 neque
415 2806 580 2863 auctorem
612 2808 736 2864 eertum
772 2819 875 2885 neque
910 2800 1003 2867 iidem
1040 2798 1137 2864 ullam
1171 2798 1335 2864 baberent.

149 2902 334 2971 llacrebaut
368 2903 430 2969 ista
458 2905 659 2989 potissimum
692 2906 779 2969 circa
807 2904 961 2970 nobilium
994 2906 1137 2969 virorum
1168 2922 1336 2989 personas,

149 3010 271 3099 quibus
292 3016 324 3076 et
348 3008 434 3075 dieta
462 3009 563 3074 multa
587 3018 617 3074 et
641 3008 724 3073 laeta
752 3017 872 3075 temere
899 3008 1156 3093 allingebautur,
1189 3009 1334 3092 impune·

147 3134 213 3203 que
237 3113 304 3181 lere
332 3133 369 3180 ea
400 3112 490 3181 lraus
521 3115 641 3180 solebat
672 3116 831 3179 committi
862 3114 1012 3199 quoniam
1048 3134 1140 3179 nenio
1172 3131 1335 3198 propemo-

146 3220 228 3287 dum
260 3228 317 3286 aut
346 3218 514 3285 dubitandi
546 3218 964 3285 salubritatem,adhibebat
993 3227 1049 3285 aut
1079 3229 1243 3284 auctorem
1269 3216 1333 3280 ido·

147 3346 248 3393 neum
272 3345 309 3392 ac
334 3324 525 3411 locupletem
549 3323 745 3409 requirebat.
794 3323 827 3388 Si
855 3325 927 3408 qaus
961 3325 1038 3410 quid
1066 3321 1278 3407 redarguebat
1302 3329 1335 3387 ct

144 3432 217 3515 περὶ
241 3431 497 3513 κατεψευσμένης
533 3432 645 3511 ἱςορίως
675 3428 895 3494 conscribebat
919 3428 1059 3515 aliquid,
1092 3448 1206 3515 parum
1238 3426 1332 3513 prob·

145 3538 256 3605 ciebat
285 3535 369 3624 apud
403 3536 473 3601 illos
500 3537 555 3621 quii
581 3536 679 3600 etiam
705 3534 782 3599 salsa
815 3542 847 3599 et
881 3534 953 3599 liuta
981 3535 1141 3600 malebant
1172 3533 1211 3599 dc
1237 3532 1334 3598 claris

144 3650 180 3709 et
211 3640 393 3708 illustribus
415 3641 494 3705 viris
517 3639 681 3715 lectitare,
711 3659 808 3725 quam
841 3642 982 3704 contenti
1010 3660 1080 3706 esse
1102 3640 1213 3725 paucis
1245 3638 1330 3713 illis,

145 3766 232 3836 quae
256 3746 297 3813 ab
327 3748 523 3833 incorruptis
556 3746 690 3811 testilms
723 3746 896 3811 rnernoriae
918 3744 1044 3830 prodita
1077 3754 1199 3811 certam
1237 3744 1331 3810 tidem

144 3851 319 3921 habebant.
365 3849 579 3918 blemorabilis
600 3852 631 3915 in
655 3871 725 3917 earn
749 3871 817 3917 rem
841 3850 929 3916 loeus
958 3860 1007 3917 est
1030 3851 1114 3937 apud
1141 3851 1332 3936 scriptorem

142 3960 185 4025 de
206 3956 385 4023 Puerorum
417 3956 608 4021 Erttecotioue
641 3958 724 4023 iuter
750 3956 940 4023 Plutarebea
967 3956 1017 4023 cdi
1051 3957 1182 4023 solitum
1213 3959 1330 4042 pag.6

141 4064 182 4133 Ε.
214 4064 272 4151 qui
305 4083 405 4149 quum
442 4061 665 4127 [ternostbeuis
698 4060 821 4128 dictum
855 4062 1014 4148 tprroddam
1048 4069 1331 4128 commemorasset

142 4168 292 4239 addidit:
328 4168 380 4234 κοοὶ
405 4174 512 4234 σωῦτοο
537 4170 594 4246 μὲν
622 4168 692 4241 ἴσως
724 4167 953 4241 ἀδέσποτός
982 4170 1027 4237 ist
1053 4167 1121 4233 κοοὶ
1145 4182 1329 4234 nanteo-

141 4276 245 4359 μένον
274 4274 517 4356 παράδοσις,
550 4276 581 4339 ἐν
612 4274 643 4339 δὲ
669 4276 711 4355 τῷ
744 4273 829 4339 κωσοὶ
856 4274 983 4339 Μειδίου
1014 4276 1070 4349 σὴν
1099 4282 1155 4348 τῆς
1188 4272 1328 4355 σκέψεως

141 4382 300 4469 deleam
324 4383 458 4465 ἕνωρνῶς
482 4380 627 4461 repleam
660 4382 725 4446 κτὲ.
749 4381 928 4447 rectissime
951 4398 1113 4467 opponens
1144 4379 1246 4467 ipsius
1269 4380 1328 4447 lic·

1053 4486 1103 4519 nn*
