2940 5010
625 311 689 374 655

60 484 255 555 emendandi
286 486 338 553 via
362 484 395 551 in
417 482 641 553 Demosthenis
663 482 802 551 hidiana
826 487 845 572 ς
870 490 946 553 tet.
974 490 1008 556 oi
1037 489 1102 573 γὰρ
1131 492 1239 573 ἠγεῖτο

58 592 209 673 λαμπρὸν
231 593 296 659 otte
319 592 452 658 νεανικὸν
475 629 520 640 -
542 588 561 655 ὅ
579 614 610 657 τι
633 588 673 657 ἄν
705 614 768 664 τις
792 590 878 673 πρὸς
901 588 968 658 ἕνα
995 590 1056 670 εἷς
1088 595 1239 681 διατρατ·

60 720 178 777 τηται,
204 698 281 763 ἁλλ’
310 698 337 763 si
363 700 407 776 μὴ
436 699 540 782 φυλὴν
564 694 637 771 ὅλην
656 734 701 749 -
721 704 929 777 προπηλακιεῖ
944 736 990 749 -
1006 700 1141 781 ditiores
1171 701 1240 787 ᾤετ’

59 798 187 870 ἔσεσθαι
207 804 259 869 τδν
279 802 347 882 βίον
365 803 461 885 αὐτῷ.
508 799 668 867 Vitiosum
693 808 741 867 est
763 826 829 881 τις,
853 821 926 868 nant
945 802 1015 890 ipse
1035 806 1150 875 hiidias
1171 827 1241 876 ver·

59 904 97 973 hi
115 904 347 989 διαπράττηται
370 906 552 973 subiectum
581 914 646 972 est:
670 930 718 981 τις
742 926 781 972 ex
800 916 874 998 ¹Eli:
898 916 1010 976 natum
1034 920 1068 979 et
1090 912 1139 981 sic
1161 914 1241 980 scri·

59 1010 223 1079 mium:
254 1009 274 1079 ὅ
297 1037 328 1080 τι
355 1009 394 1077 διν
422 1006 476 1086 εἷς
506 1010 595 1093 τρδς
627 1008 693 1077 ἕνα
725 1011 966 1094 διαπράττηται.
1018 1013 1080 1084 Sed
1114 1024 1244 1086 revocat

59 1136 116 1185 me
139 1115 314 1204 Xenophon
337 1114 377 1183 ad
400 1135 481 1183 sese.

107 1220 147 1289 ln
170 1242 241 1309 cap.
261 1221 315 1289 tv.
339 1226 371 1288 9.
400 1220 489 1287 nutlo
511 1228 605 1309 pacto
628 1220 706 1288 terri
730 1228 850 1308 potest:
874 1226 969 1304 ἠμὲν
989 1225 1026 1303 tt
1050 1234 1127 1302 ταῖς
1148 1226 1203 1295 καὶ
1226 1226 1242 1294 t

59 1334 141 1403 nie
162 1328 269 1413 κρύφρι
290 1326 500 1410 οὶνέφερον.
547 1325 731 1393 Ridiculum
757 1328 843 1394 enim
862 1337 911 1397 est
933 1331 994 1406 τοὶς
1016 1332 1141 1415 ψήφους
1165 1335 1244 1399 οἰνα-

58 1432 167 1517 oeno
189 1454 247 1521 pro
277 1432 450 1515 διαφέρειν,
483 1452 546 1519 quo
569 1440 710 1499 utuntur
742 1432 775 1497 in
803 1452 839 1499 ea
871 1454 907 1501 re
932 1436 1031 1503 httiei
1057 1456 1188 1516 omnes,
1211 1444 1244 1505 et

62 1540 135 1629 ipse
154 1536 328 1626 Xenophon
353 1536 458 1625 paullo
481 1546 576 1605 ante:
609 1538 699 1603 ἄλλα
727 1535 1004 1621 διαφερόντων
1026 1543 1085 1615 τοὶς
1106 1543 1243 1626 ψήφους.

62 1644 262 1733 Snopisnime
280 1641 346 1708 ridi
370 1652 415 1708 ΔΙ
436 1642 468 1708 in
490 1650 522 1708 N
546 1640 732 1730 depravari,
756 1652 788 1709 et
809 1652 941 1712 contro:
966 1646 1075 1733 itaque
1099 1646 1245 1734 suspicor

59 1760 203 1819 veterem
226 1748 397 1816 tentionem
414 1756 552 1814 κΡΤΦΛ
564 1748 717 1832 antonno
740 1748 824 1816 maie
847 1751 983 1837 repetita
1007 1750 1135 1819 titeruia
1158 1753 1186 1818 h
1209 1754 1244 1819 in

59 1858 210 1941 ἀνέφερον
225 1854 362 1931 abiisse,
381 1860 413 1919 et
438 1852 639 1939 Xenophonti
662 1853 768 1939 κρύφρι
791 1854 976 1938 διέφερον
999 1856 1128 1922 restitui
1154 1875 1245 1943 opor·

62 1972 145 2031 iere.
191 1958 313 2029 Deinde
335 1964 424 2026 recte
445 1957 590 2027 ltindorf.
614 1978 673 2046 pro
694 1958 860 2041 διέτραττε
887 1960 940 2026 τόν
962 1984 999 2027 τε
1021 1962 1136 2045 λύχνον
1157 1963 1244 2039 κτὲ..

59 2064 342 2151 διιτριίττετι
363 2062 472 2132 τόντε
494 2079 527 2130 n.
551 2063 744 2130 emendavit.
778 2062 862 2146 Quid
885 2066 972 2132 enim
990 2066 1101 2134 tritius
1128 2067 1162 2133 in
1186 2066 1243 2133 tali

61 2191 99 2242 re
122 2192 220 2261 quem
243 2167 507 2253 διατροὶττετθαιῖ

106 2278 146 2347 ln
177 2296 248 2365 cop.
267 2275 320 2342 vt.
347 2281 377 2342 1.
410 2269 594 2340 fleindortio
628 2274 883 2359 obtemperatum
906 2276 1049 2363 oportuit
1070 2278 1245 2360 φιλήματα

61 2381 236 2451 deiendnm
259 2398 330 2448 esse
350 2376 544 2445 admonenti.
592 2377 637 2446 Ne
661 2378 780 2445 Graeca
802 2378 931 2465 quidem
953 2390 1003 2448 est
1025 2381 1103 2450 haec
1130 2382 1245 2451 verho-

60 2508 138 2557 rtttn
172 2486 378 2575 compositio:
408 2487 435 2551 ot
459 2485 517 2565 μὲν
547 2483 590 2550 τοὶ
620 2486 775 2566 νικητήρια
812 2484 1015 2573 [φιληματαΙ
1047 2486 1244 2570 οὶτολοιμβα·

63 2618 124 2663 νειν
147 2594 200 2662 τδν
224 2592 427 2675 κριτόβονιιοι
450 2589 599 2656 ἐνένευον.
645 2590 682 2656 ln
715 2594 789 2676 52.
823 2610 923 2677 quum
959 2592 1175 2681 Hermogenes
1198 2597 1246 2662 in·

62 2706 249 2785 terrogatns
275 2696 308 2764 ri
330 2698 376 2766 ε’ςι
399 2694 563 2776 παροινίας
596 2694 829 2781 respondisset:
861 2697 888 2762 εἷ
909 2696 967 2775 μὲν
991 2694 1060 2766 ὅτι
1084 2700 1147 2770 ecto
1176 2701 1245 2783 ἔροι-

60 2812 123 2893 τῇς
145 2808 201 2871 οὐκ
223 2798 317 2869 οἶδα·
341 2802 376 2868 τδ
397 2802 502 2880 μέντοι
526 2824 577 2879 μοι
611 2801 713 2865 δοκοῦν
737 2799 853 2879 εἴποιμ’
880 2798 940 2877 ἄν,
964 2801 1132 2871 &contest
1153 2806 1245 2872 citeri

61 2912 176 2981 δοκεῖ
194 2913 302 2986 τοῦτο,
327 2906 444 2992 inquit.
493 2905 572 2986 Quis
594 2903 652 2971 hoe
678 2904 853 2991 inteiligit?
877 2904 938 2971 Sed
963 2926 1025 2973 non
1046 2909 1147 2975 uideri
1166 2909 1244 2989 hoc,

61 3014 119 3085 sed
152 3014 229 3081 entis
260 3033 327 3079 esse
358 3010 506 3077 Socrates
537 3010 683 3076 dixerat:
713 3013 790 3076 ἀλλ’
822 3012 941 3092 ripert
969 3018 1078 3089 τοῦτο,
1114 3022 1189 3081 notn
1212 3023 1245 3084 et

60 3118 224 3209 frequenti
247 3138 330 3196 usn,
354 3137 383 3182 ν.
408 3137 437 3181 c.
474 3117 505 3181 in
540 3113 888 3183 tumultuent
917 3115 989 3182 aliis
1011 3115 1101 3184 iocis.
1148 3120 1246 3189 Vides

60 3244 160 3315 qnam
185 3222 278 3291 tacite
297 3232 422 3289 APKEI
445 3222 478 3286 in
502 3230 632 3285 ΔΟΚΕΙ
656 3218 797 3306 potnerit
820 3221 996 3308 eorrumpi.

105 3330 145 3399 ln
169 3348 239 3417 cap.
260 3327 313 3393 vt.
337 3332 369 3394 6.
402 3346 459 3414 pro
493 3321 555 3407 οἶρα
587 3322 695 3400 σὺ,ὦ
727 3327 912 3406 Σώκρατες,
943 3326 1143 3409 tonsoris
1177 3330 1244 3397 ἔτι·

61 3434 274 3515 mutinense:
297 3432 525 3500 admonuimus
549 3430 611 3496 iarn
641 3439 715 3495 ante
751 3429 920 3515 tegendum
943 3451 1015 3499 esse
1037 3432 1156 3500 videri:
1180 3430 1243 3517 ἆρα

60 3544 101 3611 σὺ
123 3536 162 3609 ei
188 3537 405 3620 Σωκράτης
429 3537 443 3601 ὃ
465 3537 629 3619 φροντιςης
653 3536 916 3615 ἐτικαλούριενοςς

104 3646 143 3715 ln
177 3646 217 3712 iis
244 3664 327 3733 quae
359 3645 429 3728 §t
467 3639 616 3706 Socrates
643 3640 742 3707 dicit:
766 3638 878 3708 drudes
899 3642 958 3722 μέν
981 3668 1021 3723 γε
1054 3644 1139 3721 ὄντες
1162 3649 1242 3729 ὤφε-

60 3758 189 3830 umen,
212 3749 324 3817 ἄνωθεν
343 3749 375 3814 δὲ
398 3754 465 3831 φῶς
488 3745 696 3826 παρέχουσιν,
720 3745 864 3812 nonnutti
888 3746 1040 3815 viderunt
1063 3748 1165 3825 ὕοντει
1184 3772 1243 3839 pro

57 3856 144 3933 ionae
169 3872 277 3921 veram
311 3853 479 3921 tectionem
512 3870 592 3917 esse.
639 3850 739 3918 Nemo
773 3860 848 3917 ante
878 3853 1162 3932 Valckenaeriutn,
1185 3876 1242 3924 cu·

59 3964 113 4031 ins
135 3960 217 4029 haec
240 3965 290 4026 ost
318 3960 351 4024 in
375 3956 508 4025 Sohedis
532 3957 717 4022 annotatio:
753 3958 879 4035 »onte
903 3959 1049 4040 obsecro,
1078 3960 1129 4027 hie
1155 3961 1242 4040 ὄντες

58 4066 179 4157 efficit?
214 4063 343 4151 Corripo
365 4061 476 4130 ἄνωθεν
498 4060 556 4141 μέν
591 4085 631 4139 νε
663 4059 797 4137 ὕοντος
821 4066 1001 4147 ὠφελοῦσιν.
1047 4064 1147 4152 Saepe
1177 4068 1242 4143 dede

58 4172 181 4241 dieitur
203 4167 266 4236 ὕειν
291 4168 517 4255 Xenophoott.”
563 4167 641 4233 ttiht
664 4186 791 4254 quoque
817 4167 920 4246 ὕνντει
942 4171 1146 4239 verissimum
1170 4192 1242 4242 esso

57 4274 212 4353 videtur,
245 4272 302 4341 sed
335 4294 372 4341 eo
403 4282 531 4360 recepto
568 4272 657 4341 loeus
694 4275 836 4343 nondum
872 4284 1059 4364 personatus
1089 4286 1153 4357 est,
1185 4279 1242 4349 sed

58 4382 151 4453 nuiio
183 4380 311 4467 negotio
338 4380 502 4467 personari
526 4387 630 4467 potest
662 4379 848 4449 scribendo:
872 4380 983 4451 ἄνωθεν
1004 4382 1064 4462 μέν
1093 4407 1133 4462 γε
1165 4382 1240 4452 ὕοι·

1001 4496 1027 4531 18
