2940 5010
729 273 792 333 6525

169 448 200 509 Θ
221 449 336 510 nutum
361 453 429 522 est,
451 450 483 510 et
506 453 754 511 OTAPATTEI
779 451 828 511 est
852 443 1085 533 dittographiu:
1112 458 1355 522 ΘΡΑΤΤΕΙΣΕ

167 548 306 636 tutique
330 558 363 616 et
387 548 484 637 proha
508 551 670 637 seriptura
694 559 762 627 est,
796 551 849 617 eui
874 571 971 636 supra
995 553 1125 639 scripsit
1157 556 1274 642 atiquis
1295 569 1356 628 TA

164 663 317 722 vetustae
350 654 472 722 immae
503 657 626 738 θράττει
662 675 844 742 supponens
874 656 1037 741 vulgatam
1068 659 1229 739 ταράττει.
1280 664 1356 731 Ver·

165 757 247 828 hum
271 761 411 843 θράττειν
434 763 512 827 setis
540 772 650 827 notum
675 771 743 827 est:
769 762 897 847 saepius
927 770 1063 827 aetatem
1091 765 1221 833 tulitin
1252 769 1354 837 Plato·

163 866 221 933 nis
243 865 356 944 libris,
387 868 482 933 cuius
511 869 692 932 testimonia
721 867 917 952 conquisivit
951 866 1120 936 Ruhnken.
1145 871 1186 936 etl
1216 874 1297 940 Tim.
1320 896 1351 941 ν.

122 970 129 981 ’
162 972 381 1058 'supervum
416 971 501 1059 apud
533 991 628 1057 quent
664 971 785 1037 vitlehis
816 980 906 1036 vetus
932 971 1092 1053 ε’νέθραξαν
1126 976 1285 1044 ascribis
1320 981 1353 1046 in

162 1079 355 1163 θνετάραξαν
376 1079 607 1164 depravatum,
642 1085 676 1142 ut
703 1076 786 1162 apud
813 1076 1053 1161 Xenophontem
1078 1080 1201 1160 θράττει
1231 1084 1263 1149 in
1293 1111 1352 1152 τα·

158 1185 281 1273 μάττει.
329 1185 377 1251 Ex
399 1183 539 1250 Plutonis
564 1183 641 1248 iouis
667 1202 766 1247 unum
793 1181 952 1267 proteram
978 1193 1012 1248 ut
1036 1204 1109 1250 eum
1131 1186 1236 1253 ohiter
1256 1192 1347 1275 gravi

160 1294 283 1365 monto
311 1290 456 1357 tiberem.
504 1288 638 1373 Legitur
661 1289 692 1352 in
727 1286 893 1354 Phaedone
922 1308 952 1372 p.
974 1292 1028 1354 86.
1053 1290 1089 1355 Ε.
1122 1293 1198 1359 αλλ’
1218 1293 1351 1372 άνε.ὦ

160 1402 292 1482 mne,
327 1399 404 1476 λέγε
436 1398 469 1463 ri
492 1390 526 1470 ἦν
557 1398 592 1460 τὸ
624 1395 658 1459 τὲ
691 1389 732 1457 αὖ
761 1394 887 1472 θράττον
915 1393 1047 1462 άποςθοον
1077 1398 1233 1480 παρέχει,
1268 1421 1350 1487 quae

160 1506 326 1591 scripture
347 1521 447 1588 quum
473 1497 643 1566 manifesto
669 1497 818 1562 mendosa
852 1498 915 1573 sit,
943 1496 1174 1567 Stallhoumius
1205 1524 1243 1570 ex
1273 1507 1350 1574 duo·

159 1608 225 1679 bus
248 1606 340 1674 lihris
360 1603 374 1673 ὃ
396 1607 431 1672 σέ
455 1624 512 1692 pro
535 1607 570 1671 τὸ
598 1604 633 1670 τὲ
657 1604 790 1689 recepit.
841 1600 902 1669 Seu
926 1612 974 1669 est
997 1624 1034 1669 ea
1063 1604 1226 1676 levissima
1258 1613 1350 1680 scioli

160 1710 443 1789 eorrectiuueuia,
473 1728 534 1795 qun
562 1707 641 1773 nihii
671 1707 880 1773 adiuvamur:
913 1711 947 1774 ri
976 1703 1016 1782 iu
1048 1706 1063 1775 i
1094 1714 1225 1783 άπιτθαν
1255 1720 1348 1801 παρέ·

158 1845 236 1907 χαις
262 1818 326 1885 diei
346 1838 409 1883 non
434 1824 557 1903 potest,
582 1813 636 1880 sed
661 1815 693 1879 ri
716 1814 805 1883 ἕτιν.
853 1812 898 1878 De
918 1833 977 1878 suo
997 1813 1120 1881 addidit
1142 1817 1217 1884 oiim
1240 1826 1348 1890 neseio

159 1927 236 2015 quis
258 1925 390 1995 άπιςθαν
414 1921 568 2001 παρέχει,
593 1926 624 1984 et
649 1918 739 1983 Plato
768 1917 846 1983 haec
876 1926 1001 1984 tantum
1023 1917 1174 1988 dederat:
1198 1928 1231 1991 τθ
1253 1926 1287 2004 ἦν
1311 1935 1348 1998 τὸ

156 2032 194 2099 σθ
224 2026 267 2098 αὖ
300 2027 491 2117 θράζτζτοη
523 2023 604 2091 111υά
638 2025 743 2110 ipsum
774 2021 897 2103 θράττει
931 2048 989 2097 τε,
1025 2026 1108 2111 qumi
1144 2028 1345 2118 Xenophonti

155 2133 346 2211 rediimus,
380 2132 500 2219 iegitur
531 2128 616 2217 apud
648 2128 852 2195 Aristotelem
886 2130 918 2194 in
954 2128 1191 2200 truentum.
1226 2143 1256 2203 θ..
1290 2141 1345 2208 ubi

155 2238 367 2329 philosophus
387 2239 430 2303 τά
461 2237 549 2318 παρὰ
572 2235 712 2316 γράμμα
742 2237 924 2313 σκώμματα
949 2254 1205 2305 commemorans
1230 2245 1275 2311 ita
1298 2247 1344 2314 di·

156 2346 223 2413 rit:
247 2341 305 2413 nior
328 2347 364 2412 rh
389 2343 539 2423 Θεοδώρου
562 2343 605 2414 εἷς
629 2343 755 2406 Νίκωνα
778 2342 830 2407 τὸν
862 2342 1043 2423 κιθαρῳδόν·
1077 2353 1104 2408 Θ
1115 2344 1255 2424 ράττεο
1288 2379 1342 2420 τε.

120 2530 123 2535 ,
155 2459 367 2535 προσποιεῖται
390 2450 453 2531 γάρ
477 2448 583 2526 λέγειν
607 2449 642 2512 rh
666 2446 817 2526 θράττει
838 2470 881 2511 τε
909 2447 961 2511 καὶ
987 2445 1148 2534 ἐξαπατᾷ.
1172 2450 1253 2520 ἄλλο
1276 2460 1341 2541 γάρ

153 2557 254 2637 nupsi.
302 2555 385 2638 Quid
412 2557 512 2639 igitur
534 2562 604 2619 eret
628 2551 712 2637 quot
737 2550 859 2617 diceret
884 2572 983 2637 quum
1009 2554 1131 2634 θράττει
1157 2581 1191 2623 τε
1218 2562 1338 2632 τίθετε·

152 2669 209 2730 iur
232 2660 365 2728 dicere?
413 2659 532 2745 Nempe
555 2661 699 2743 Θράττνι
733 2653 780 2735 εἶ,
803 2679 820 2721 e
846 2657 979 2723 Thressa
1003 2672 1095 2726 notus
1118 2684 1172 2741 es,
1198 2675 1232 2731 ut
1260 2672 1339 2736 satis

151 2766 344 2836 Aristoteles
368 2767 437 2851 ipse
467 2765 637 2830 coufirmat
671 2762 812 2830 attens:
845 2766 870 2829 εἰ
894 2767 938 2843 μὴ
969 2766 1189 2846 ὑπολαμβάνει
1226 2784 1338 2859 Θρᾷκα

122 2868 252 2951 εἶναι,
281 2875 315 2940 οὐ
346 2870 424 2947 δόξει
454 2873 556 2939 άςεῖον
588 2867 674 2935 εἶναι.
723 2869 754 2934 ts
786 2870 855 2954 ipse
887 2871 974 2934 iocus
1008 2872 1201 2957 redarguere
1232 2891 1336 2963 potest

145 2976 307 3047 »intorti
328 2976 544 3063 suspicionem
570 2974 709 3056 θράττειν
735 2996 796 3040 non
823 2995 893 3040 esse
918 2997 954 3040 ex
978 2977 1145 3057 ταράττειν
1166 2982 1335 3069 coitisum,

144 3091 184 3153 ut
206 3084 347 3168 φροίμιον
372 3101 409 3147 ex
433 3082 603 3162 reprehens,
630 3079 777 3165 aliaque,
804 3099 907 3165 neque
933 3080 1033 3162 igitur
1063 3108 1085 3147 α
1114 3081 1245 3170 lengum
1279 3092 1333 3159 ha.

141 3186 234 3258 ltere.
281 3187 350 3255 Nisi
374 3189 459 3252 enim
485 3212 506 3252 α
532 3185 723 3272 prothretum
754 3193 838 3250 esset
863 3187 892 3249 iu
918 3183 1040 3264 θράττει
1064 3212 1100 3252 σε
1125 3210 1185 3255 neu
1211 3200 1333 3279 petuis.

138 3292 193 3363 boi
215 3295 349 3379 θράττει
372 3290 403 3358 εἷ
424 3313 500 3357 sono
529 3291 670 3368 reierre,
703 3299 739 3356 ut
770 3311 806 3355 ou
839 3291 990 3374 umhigno
1010 3292 1099 3359 iocus
1133 3313 1330 3372 nasceretur.

139 3397 258 3487 linquo
287 3401 414 3480 θράττον
443 3395 650 3462 scribentium
674 3405 705 3461 et
738 3395 844 3476 θράξαι
878 3398 991 3478 φρένας
1022 3398 1107 3483 sputi
1135 3403 1329 3494 Aeschylum

140 3502 253 3572 From
276 3507 365 3583 628,
396 3512 428 3568 et
452 3501 612 3582 ἐπιθράξαι
647 3500 731 3587 apud
764 3499 971 3587 hesychium.
1021 3502 1142 3592 Nmupe
1169 3530 1330 3598 syncopen

138 3628 237 3701 passa
260 3610 368 3675 omniu
393 3609 529 3674 vicinam
556 3608 696 3672 vocalem
722 3605 921 3693 producunt,
949 3615 980 3671 ut
1007 3609 1148 3689 κέκρᾶκα
1174 3613 1224 3702 (ex
1246 3621 1330 3685 κεκέ-

137 3712 253 3804 phua)
276 3715 456 3796 πέπρᾶκα,
495 3716 633 3788 κέκληκα
669 3714 720 3802 (ex
753 3711 946 3797 κεκάθιεκα),
982 3711 1054 3777 ahu.
1103 3716 1184 3784 Hine
1207 3727 1329 3806 τραχύς

138 3822 282 3911 priorem
307 3819 496 3907 productum
523 3819 617 3884 hnitet
641 3827 673 3882 et
697 3818 788 3883 Ioues
812 3819 929 3900 τρηχύς
954 3817 1123 3896 dicebant,
1150 3827 1234 3910 quod
1258 3830 1329 3895 Αρῑ.

139 3924 292 4015 stephani
316 3925 514 3991 reddendum
541 3926 571 3988 in
599 3925 680 3989 Pace
704 3944 749 3986 vs.
776 3929 873 3989 1086.

324 4032 461 4096 οὐδέποτ’
485 4029 523 4095 ἂν
547 4030 626 4104 θείας
650 4038 731 4096 λεῖον
754 4031 805 4094 τὸν
829 4030 985 4111 τρηχὺν
1009 4030 1121 4113 ἐχῖνον.

137 4144 172 4205 οι
201 4156 248 4203 ιε.
274 4141 370 4202 ιιιι.
941 4119 949 4146 ’

321 4245 353 4309 οὖ
376 4240 439 4321 γάρ
464 4243 598 4317 ποιήσεις
622 4249 703 4306 λεῖον
727 4242 778 4306 τὸν
805 4243 963 4324 τρηχὺν
987 4244 1098 4326 ἐχῖνον.

134 4346 308 4435 utrobique
333 4347 414 4415 maie
436 4348 556 4430 τραχύν
578 4345 716 4436 foditur,
741 4347 825 4431 quoti
851 4355 882 4413 et
906 4368 923 4412 n
949 4366 1042 4414 uersu
1068 4352 1159 4438 epioe
1183 4353 1323 4426 alienum
