2940 5010
708 283 769 346 631

153 457 241 527 stou.
274 457 382 526 Floril.
409 462 490 535 100,
515 460 569 526 dl.
604 456 704 538 ὥσπερ
729 459 843 539 πονηρῷ
873 455 1030 541 ζωνροίφρι
1060 475 1117 545 pro
1146 463 1260 544 πονηρὼ
1283 465 1336 549 gp.

150 564 286 651 γράφω,
319 573 350 632 et
374 565 505 652 passim.
555 564 723 631 Praeterea
756 563 942 648 saepissime
970 561 1190 650 diphthongus
1214 593 1230 651 η
1253 570 1338 639 male

152 672 188 738 iu
210 672 247 748 ηί
266 671 456 749 resolvitur,
487 671 579 737 utin
608 669 755 751 ληΐζομαι
787 690 845 756 pro
868 669 1023 753 λῄζοραι,
1058 669 1193 757 aliisque
1223 676 1337 742 simili·

149 774 223 845 hm.
277 776 366 844 llelin
401 786 450 844 est
483 775 632 843 hloinekii
666 774 847 842 emendatio
881 776 913 840 in
952 777 1115 862 Antipatri
1149 778 1218 844 loco
1251 782 1337 868 apud

151 880 241 950 Smin.
266 881 374 949 Florll.
398 886 458 960 67,
483 885 536 950 25.
569 883 604 948 τί
628 889 746 961 γαμεῖν
776 887 835 946 τῶν
866 882 1108 963 χαλεπωτάτων
1131 881 1207 952 είναι
1232 889 1335 967 δοκεῖ,

149 990 204 1057 τὸν
226 988 263 1066 δίη
285 990 350 1056 ίείν
370 987 509 1066 ἐξουσίαν
529 988 650 1055 διδίντα
674 988 746 1068 πρὸς
770 987 944 1052 οίιιολασίαν
967 1029 1011 1042 -
1030 991 1141 1057 ίσίίεον
1162 994 1336 1076 νομίζουσι,

149 1092 287 1183 pulchre
309 1092 492 1162 emendavit
512 1094 563 1159 τὸν
586 1095 612 1160 δ’
633 1095 714 1176 ρίίεον
740 1092 832 1180 (βίον)
846 1092 1014 1160 -ίτίίεον
1038 1098 1217 1179 νομίζουσιν.
1255 1100 1337 1166 Tan·

147 1200 200 1288 git
223 1200 395 1288 Antipater
424 1199 583 1265 Romanos
614 1199 745 1265 coelibes
768 1199 890 1264 coelites
920 1199 1119 1269 dictitantes.
1169 1203 1336 1291 Scriptum

147 1302 258 1373 tuerat
289 1313 564 1372 Touuueeou
589 1304 628 1371 de
661 1324 749 1370 more
781 1324 840 1391 pro
873 1315 1175 1374 Touomeuou.
1223 1309 1276 1376 Sto
1300 1311 1335 1377 in

146 1410 311 1492 Platonis,
334 1411 390 1499 qui
410 1409 531 1487 fertur,
544 1410 660 1497 Hippia
679 1410 801 1476 Minore
824 1432 855 1497 p.
870 1416 945 1477 569.
971 1413 1007 1478 Α.
1032 1416 1065 1479 οὐ
1077 1415 1138 1495 χρή
1161 1413 1236 1481 olim
1251 1414 1336 1482 male

145 1514 316 1604 legeltetur
336 1537 394 1605 pro
416 1538 477 1583 non
499 1517 618 1595 uteris,
642 1520 674 1582 οὐ
696 1526 769 1600 χρῇ.
817 1515 852 1581 ln
879 1516 1020 1582 Platonis
1044 1518 1188 1584 Phaedro
1211 1541 1241 1608 p.
1255 1525 1334 1589 lid.

145 1624 185 1690 A.
217 1623 369 1710 egregius
402 1621 592 1689 Bodleianus
627 1621 754 1688 exhibet
785 1623 855 1687 sine
893 1641 991 1687 sensu
1023 1624 1148 1689 ἐπειδὰν
1179 1628 1335 1710 οὶποψοχη

143 1753 229 1811 μιν,
264 1748 379 1814 nempe
411 1729 443 1793 in
469 1728 602 1814 antiqua
635 1728 798 1812 scriptura
832 1737 1154 1796 ΑΠΟΨΤΧΗΙΜΕΝ
1178 1734 1333 1799 omissum

145 1843 199 1905 ost
221 1860 232 1901 ι
257 1836 399 1912 iterum,
430 1833 515 1919 quod
540 1835 572 1898 in
597 1843 806 1900 ΑΠΟΨΥΧΗ
830 1833 891 1898 iarn
918 1842 987 1900 erat
1019 1838 1198 1912 omissum,
1230 1845 1263 1903 et
1286 1840 1334 1905 sie
1371 1824 1373 1828 ⁸

143 1941 244 2031 periit
268 1959 384 2006 manus
407 1937 550 2004 Platonis
572 1940 696 2005 ἐπειδὰν
718 1941 873 2020 οὶποψοχῇ
898 1939 989 2018 epo,
1014 1960 1110 2025 quam
1133 1940 1243 2008 futiles
1264 1963 1333 2010 eor·

142 2053 289 2115 remores
314 2045 346 2110 in
377 2043 526 2127 οίτοψύξη
550 2052 582 2111 et
611 2044 702 2122 ίωμεν
727 2041 954 2128 depravarunt.
1001 2046 1122 2113 Eadem
1151 2049 1333 2128 medicina,

143 2170 211 2241 quo
233 2170 295 2216 non
321 2158 369 2216 est
392 2150 453 2216 alia
488 2151 606 2226 lenior,
632 2148 867 2214 barbarismum
893 2152 1012 2217 eximet
1032 2174 1049 2219 e
1073 2155 1211 2220 Maximo
1236 2155 1334 2244 Tyrio

141 2256 274 2326 xxvii.
300 2261 330 2323 4.
365 2257 419 2322 toto
442 2258 500 2335 pelo
521 2256 571 2321 ἐπί
597 2257 632 2322 τί
655 2258 750 2321 καλὸν
774 2256 959 2337 Φαινίμενον
983 2260 1000 2332 η
1024 2263 1116 2342 duxlt
1139 2259 1235 2346 ι’ίξη,
1259 2261 1330 2343 ἔρως

140 2363 298 2433 καλείσθω
320 2368 433 2440 τοῦτο,
465 2366 518 2429 οὐκ
542 2363 710 2440 ἐπιθυμία,
735 2369 866 2426 vertunt
903 2383 977 2426 »nos
999 2363 1133 2449 impellit
1157 2368 1329 2444 oninuaes‚’'

141 2469 238 2556 quasi
259 2467 320 2546 ἥξοι
342 2489 399 2554 pro
432 2467 554 2547 ἤρανον
578 2466 642 2533 dici
667 2468 778 2553 possit.
827 2466 969 2535 Emenda
994 2468 1074 2554 ᾄξηε
1105 2490 1198 2557 saepe
1221 2473 1328 2554 οὶΐξαι,

140 2572 220 2661 ᾆξαι
240 2582 273 2639 et
295 2572 372 2649 ἄξαι
395 2573 526 2639 eoniusn
547 2579 633 2637 sunt.

189 2679 287 2748 Plane
318 2698 416 2745 sensu
440 2698 578 2744 raoutrm
609 2687 658 2745 est
691 2679 776 2765 quod
808 2679 927 2767 legitur
946 2681 999 2747 lv.
1025 2687 1067 2748 64
1105 2680 1328 2763 vervecinum

139 2788 227 2855 δοκεῖ
245 2823 290 2859 -,-
314 2791 431 2851 πολλοῦ
465 2786 503 2852 ίιν
533 2784 618 2861 ἄξιος
643 2782 720 2850 εἶναι
746 2786 798 2850 καί
832 2787 941 2852 πίλεσι
965 2788 1017 2852 καί
1043 2789 1147 2870 Φίλοις
1172 2789 1224 2853 καί
1248 2814 1326 2868 συμ-

138 2891 261 2976 ριιίχοις
284 2893 462 2968 κεκτῆσθαι.
510 2889 627 2957 Videor
649 2890 728 2956 mihi
753 2901 785 2959 et
816 2894 918 2977 ipsam
946 2891 1165 2978 Xenophontis
1194 2913 1326 2960 mmmm

139 2999 301 3089 reperisse
331 3007 363 3065 et
392 2996 489 3063 simul
518 2997 719 3083 corruptelae
750 2999 917 3082 originem.
977 2996 1093 3062 Veram
1129 2998 1325 3084 scripturam

139 3104 294 3173 laeillime
325 3104 441 3171 elicere
470 3103 589 3189 poteris
614 3122 692 3167 risus
723 3102 782 3168 hac
808 3101 922 3168 incerti
955 3102 1164 3168 Grammatioi
1192 3114 1325 3170 annota-

138 3208 227 3279 llotte
261 3209 293 3274 in
320 3209 455 3274 lleltlteri
486 3207 605 3275 Atteetl.
638 3229 667 3294 p.
690 3213 776 3285 tte,
803 3214 835 3274 9.
879 3207 1004 3285 ’Ἄξιος
1039 3211 1187 3288 λαβεῖν
1220 3212 1235 3275 ί
1266 3236 1326 3289 μι-

139 3315 240 3389 elle:
265 3320 355 3381 τοῦτο
379 3320 438 3379 τῶν
462 3316 504 3386 είς
530 3314 647 3388 κοίλλος
677 3314 873 3392 ἠσκημένων,
905 3314 1048 3393 σημαίνοι
1076 3315 1108 3380 δέ
1132 3340 1162 3382 τι
1190 3317 1325 3383 τοιόνδε·

137 3419 227 3500 liele
257 3422 320 3491 ίςιν
353 3421 367 3485 ί
397 3421 503 3498 μισθὸς
538 3417 596 3489 ι’ίςε
627 3422 742 3498 λαβεῖν
776 3420 889 3497 αὑτίν,
920 3419 966 3489 ἔτι
995 3421 1026 3486 δὲ
1058 3422 1145 3503 παρὰ
1178 3424 1325 3505 Κρατίνῳ.

99 3522 104 3529 ’
139 3524 257 3595 deiude
289 3525 457 3592 llomerioa
484 3525 640 3610 quaedam
675 3525 821 3612 exempla
853 3523 945 3591 aliert
975 3534 1007 3592 et
1041 3527 1087 3593 sio
1116 3530 1238 3616 pergit:
1272 3529 1325 3595 καί

139 3638 327 3716 Σοφοκλῆς·
354 3632 431 3719 (imo
453 3650 528 3695 vero
549 3630 721 3717 Euripides
741 3633 772 3696 in
802 3630 909 3698 illedea
929 3631 1019 3718 319).

321 3738 400 3816 γυνη
423 3737 487 3817 γὰρ
510 3735 677 3816 ὀξύθυμος,
702 3740 741 3811 ee
766 3740 792 3804 δ’
814 3738 916 3811 αὔτως
939 3738 1031 3819 οίνιίρ,

321 3845 399 3929 ρρίων
421 3841 598 3926 φολοίοσειν
623 3846 639 3920 ἢ
665 3845 819 3918 σιωπηλὸς
841 3844 948 3926 σοφίς.

138 3948 208 4017 ίδὶ
229 3953 318 4025 νοῦς·
341 3954 412 4034 ρ’ᾷον
436 3947 475 4015 ι’ίν
498 3974 545 4023 τις
568 3947 748 4032 Φνλοίξαιτο
779 3951 831 4016 τίν
855 3948 1001 4029 δξύίωραον
1026 3952 1042 4026 ἢ
1065 3950 1116 4016 τίν
1148 3951 1324 4030 κρύπτοντα

137 4054 192 4123 lul
212 4064 305 4134 σινῆι
328 4056 384 4131 την
410 4057 512 4135 ὀργήν.
560 4054 759 4140 intelligisne
785 4057 848 4121 iam
879 4055 957 4141 quid
988 4053 1160 4142 Xenophon
1186 4059 1326 4144 seripse-

137 4159 209 4228 niet
256 4160 378 4248 Nempe
401 4161 670 4246 quemadmodum
695 4163 846 4226 Cratinus
872 4159 957 4238 ἄξιος
982 4164 1095 4243 λαβεῖν
1116 4163 1130 4228 ὃ
1149 4163 1256 4241 μιοίίς
1278 4162 1324 4230 di·

138 4272 250 4346 xerat,
274 4269 320 4333 sie
343 4267 516 4354 Xenophon
540 4268 629 4334 dedit
642 4274 758 4334 πολλοῦ
772 4267 856 4344 οίξιος
874 4268 983 4334 -καί
1007 4269 1055 4334 πί
1063 4285 1125 4334 λει
1150 4271 1202 4336 καὶ
1221 4272 1325 4356 Φίλοις

137 4370 362 4456 σύμμαχος
387 4377 573 4452 κεκτῆοίοιι,
599 4394 736 4462 quorum
764 4375 924 4443 sententia
948 4382 1017 4442 est:
1041 4375 1093 4440 τὸν
1114 4382 1247 4444 τοιοῦτον
1271 4378 1323 4445 καί
