<?xml version="1.0" encoding="UTF-8"?>
<!DOCTYPE html PUBLIC "-//W3C//DTD XHTML 1.0 Transitional//EN"
    "http://www.w3.org/TR/xhtml1/DTD/xhtml1-transitional.dtd">
<html xmlns="http://www.w3.org/1999/xhtml" xml:lang="en" lang="en">
 <head>
  <title>
</title>
<meta http-equiv="Content-Type" content="text/html;charset=utf-8" />
  <meta name='ocr-system' content='tesseract 3.04.00' />
  <meta name='ocr-capabilities' content='ocr_page ocr_carea ocr_par ocr_line ocrx_word'/>
</head>
<body>
  <div class='ocr_page' id='page_1' title='image "./novaelectionesq00cobegoog/novaelectionesq00cobegoog_0210.png"; bbox 0 0 2940 5010; ppageno 0'>
   <div class='ocr_carea' id='block_1_1' title="bbox 703 292 765 357">
    <p class='ocr_par' dir='ltr' id='par_1_1' title="bbox 703 292 765 357">
     <span class='ocr_line' id='line_1_1' title="bbox 703 292 765 357; baseline 0 -1"><span class='ocrx_word' id='word_1_1' title='bbox 703 292 765 357; x_wconf 64' lang='lat' dir='ltr'><strong>iii.</strong></span> 
     </span>
    </p>
   </div>
   <div class='ocr_carea' id='block_1_2' title="bbox 136 475 1298 4457">
    <p class='ocr_par' dir='ltr' id='par_1_2' title="bbox 138 475 1298 872">
     <span class='ocr_line' id='line_1_2' title="bbox 317 475 972 547; baseline 0.006 -14"><span class='ocrx_word' id='word_1_2' title='bbox 317 475 972 547; x_wconf 79' lang='grc' dir='ltr'><strong>ΠΩΣΤΠΕΡΒΛΣΤΟΝΛΤΧΝΟΤΧΟΝ</strong></span> 
     </span>
     <span class='ocr_line' id='line_1_3' title="bbox 317 582 855 644; baseline 0.002 -4"><span class='ocrx_word' id='word_1_3' title='bbox 317 582 855 644; x_wconf 82' lang='grc' dir='ltr'><strong>ΕΛΔΘΕΣΕΕΝΔΕΤΟΙΣΕΞΗΣ</strong></span> 
     </span>
     <span class='ocr_line' id='line_1_4' title="bbox 138 675 1298 769; baseline 0.006 -27"><span class='ocrx_word' id='word_1_4' title='bbox 138 675 290 744; x_wconf 88' lang='lat' dir='ltr'><strong>iibmrius</strong></span> <span class='ocrx_word' id='word_1_5' title='bbox 320 699 419 766; x_wconf 90' lang='lat' dir='ltr'><strong>quum</strong></span> <span class='ocrx_word' id='word_1_6' title='bbox 453 680 585 745; x_wconf 89' lang='lat' dir='ltr'><strong>tertium</strong></span> <span class='ocrx_word' id='word_1_7' title='bbox 619 698 747 745; x_wconf 89' lang='lat' dir='ltr'><strong>versum</strong></span> <span class='ocrx_word' id='word_1_8' title='bbox 778 679 1001 768; x_wconf 78' lang='lat' dir='ltr'><strong>descripsisset</strong></span> <span class='ocrx_word' id='word_1_9' title='bbox 1033 679 1112 746; x_wconf 85' lang='lat' dir='ltr'><strong>aiiss</strong></span> <span class='ocrx_word' id='word_1_10' title='bbox 1143 698 1197 747; x_wconf 82' lang='lat' dir='ltr'><strong>res</strong></span> <span class='ocrx_word' id='word_1_11' title='bbox 1229 700 1298 769; x_wconf 78' lang='lat' dir='ltr'><strong>ager</strong></span> 
     </span>
     <span class='ocr_line' id='line_1_5' title="bbox 139 783 1126 872; baseline 0.004 -23"><span class='ocrx_word' id='word_1_12' title='bbox 139 783 316 850; x_wconf 89' lang='lat' dir='ltr'><strong>secuudum</strong></span> <span class='ocrx_word' id='word_1_13' title='bbox 343 786 461 850; x_wconf 88' lang='lat' dir='ltr'><strong>iterum</strong></span> <span class='ocrx_word' id='word_1_14' title='bbox 484 783 654 872; x_wconf 77' lang='lat' dir='ltr'><strong>descripsit</strong></span> <span class='ocrx_word' id='word_1_15' title='bbox 677 793 709 850; x_wconf 92' lang='lat' dir='ltr'><strong>et</strong></span> <span class='ocrx_word' id='word_1_16' title='bbox 733 787 780 851; x_wconf 88' lang='lat' dir='ltr'><strong>sic</strong></span> <span class='ocrx_word' id='word_1_17' title='bbox 803 794 955 870; x_wconf 83' lang='lat' dir='ltr'><strong>quartum</strong></span> <span class='ocrx_word' id='word_1_18' title='bbox 977 784 1126 853; x_wconf 85' lang='lat' dir='ltr'><strong>subiecit.</strong></span> 
     </span>
    </p>

    <p class='ocr_par' dir='ltr' id='par_1_3' title="bbox 140 887 1298 1062">
     <span class='ocr_line' id='line_1_6' title="bbox 184 887 1298 977; baseline 0.003 -22"><span class='ocrx_word' id='word_1_19' title='bbox 184 889 220 956; x_wconf 90' lang='lat' dir='ltr'><strong>in</strong></span> <span class='ocrx_word' id='word_1_20' title='bbox 241 887 463 977; x_wconf 75' lang='lat' dir='ltr'><strong>Aristophanis</strong></span> <span class='ocrx_word' id='word_1_21' title='bbox 486 888 600 976; x_wconf 78' lang='lat' dir='ltr'><strong>fragm.</strong></span> <span class='ocrx_word' id='word_1_22' title='bbox 623 889 706 977; x_wconf 91' lang='lat' dir='ltr'><strong>apud</strong></span> <span class='ocrx_word' id='word_1_23' title='bbox 727 888 816 957; x_wconf 82' lang='lat' dir='ltr'><strong>Stob.</strong></span> <span class='ocrx_word' id='word_1_24' title='bbox 840 890 952 960; x_wconf 80' lang='lat' dir='ltr'><strong>Fiurii.</strong></span> <span class='ocrx_word' id='word_1_25' title='bbox 971 890 1049 957; x_wconf 80' lang='lat' dir='ltr'><strong>bvi.</strong></span> <span class='ocrx_word' id='word_1_26' title='bbox 1075 898 1090 957; x_wconf 92' lang='lat'>1</span> <span class='ocrx_word' id='word_1_27' title='bbox 1112 894 1256 975; x_wconf 77' lang='grc' dir='ltr'><strong><em>Γεωργίιι</em></strong></span> <span class='ocrx_word' id='word_1_28' title='bbox 1276 890 1298 959; x_wconf 76' lang='lat' dir='ltr'><strong>dr</strong></span> 
     </span>
     <span class='ocr_line' id='line_1_7' title="bbox 140 995 241 1062; baseline 0.03 -3"><span class='ocrx_word' id='word_1_29' title='bbox 140 995 241 1062; x_wconf 85' lang='lat' dir='ltr'><strong>citur:</strong></span> 
     </span>
    </p>

    <p class='ocr_par' dir='ltr' id='par_1_4' title="bbox 366 1101 1031 1184">
     <span class='ocr_line' id='line_1_8' title="bbox 366 1101 1031 1184; baseline -0.002 -17"><span class='ocrx_word' id='word_1_30' title='bbox 366 1108 429 1174; x_wconf 79' lang='grc' dir='ltr'><strong>τοῖς</strong></span> <span class='ocrx_word' id='word_1_31' title='bbox 450 1104 545 1166; x_wconf 76' lang='grc' dir='ltr'><strong><em>πᾶσιν</em></strong></span> <span class='ocrx_word' id='word_1_32' title='bbox 568 1101 761 1182; x_wconf 79' lang='grc' dir='ltr'><strong><em>ιίνίρώπσισιν</em></strong></span> <span class='ocrx_word' id='word_1_33' title='bbox 783 1101 910 1182; x_wconf 72' lang='grc' dir='ltr'><strong><em>Εἰρήνης</em></strong></span> <span class='ocrx_word' id='word_1_34' title='bbox 933 1102 1031 1184; x_wconf 72' lang='grc' dir='ltr'><strong><em>φίλης</em></strong></span> 
     </span>
    </p>

    <p class='ocr_par' dir='ltr' id='par_1_5' title="bbox 139 1204 1129 1397">
     <span class='ocr_line' id='line_1_9' title="bbox 364 1204 1129 1289; baseline 0.003 -18"><span class='ocrx_word' id='word_1_35' title='bbox 364 1209 439 1283; x_wconf 64' lang='lat' dir='ltr'><strong>mcii</strong></span> <span class='ocrx_word' id='word_1_36' title='bbox 462 1206 592 1289; x_wconf 84' lang='grc' dir='ltr'><strong><em>τριφίς,</em></strong></span> <span class='ocrx_word' id='word_1_37' title='bbox 615 1205 737 1284; x_wconf 85' lang='grc' dir='ltr'><strong><em>τσιμίσι,</em></strong></span> <span class='ocrx_word' id='word_1_38' title='bbox 763 1204 925 1288; x_wconf 77' lang='grc' dir='ltr'><strong><em>σννεργίς,</em></strong></span> <span class='ocrx_word' id='word_1_39' title='bbox 949 1206 1129 1288; x_wconf 75' lang='grc' dir='ltr'><strong><em>ἱπίτρσπσς,</em></strong></span> 
     </span>
     <span class='ocr_line' id='line_1_10' title="bbox 139 1308 850 1397; baseline 0 -20"><span class='ocrx_word' id='word_1_40' title='bbox 139 1319 227 1377; x_wconf 83' lang='lat' dir='ltr'><strong>recte</strong></span> <span class='ocrx_word' id='word_1_41' title='bbox 249 1310 377 1397; x_wconf 89' lang='lat' dir='ltr'><strong>quidem</strong></span> <span class='ocrx_word' id='word_1_42' title='bbox 401 1319 434 1378; x_wconf 88' lang='lat' dir='ltr'><strong>et</strong></span> <span class='ocrx_word' id='word_1_43' title='bbox 457 1308 644 1378; x_wconf 87' lang='lat' dir='ltr'><strong>veremudo</strong></span> <span class='ocrx_word' id='word_1_44' title='bbox 666 1310 850 1397; x_wconf 80' lang='lat' dir='ltr'><strong>scripseris:</strong></span> 
     </span>
    </p>

    <p class='ocr_par' dir='ltr' id='par_1_6' title="bbox 364 1417 1035 1500">
     <span class='ocr_line' id='line_1_11' title="bbox 364 1417 1035 1500; baseline 0 -18"><span class='ocrx_word' id='word_1_45' title='bbox 364 1424 420 1494; x_wconf 74' lang='grc' dir='ltr'><strong>τῆς</strong></span> <span class='ocrx_word' id='word_1_46' title='bbox 443 1420 540 1483; x_wconf 80' lang='grc' dir='ltr'><strong><em>πῖισιν</em></strong></span> <span class='ocrx_word' id='word_1_47' title='bbox 563 1417 756 1497; x_wconf 82' lang='grc' dir='ltr'><strong><em>ιίνίρώπσισιν</em></strong></span> <span class='ocrx_word' id='word_1_48' title='bbox 780 1418 906 1498; x_wconf 80' lang='grc' dir='ltr'><strong><em>Είριίνιις</em></strong></span> <span class='ocrx_word' id='word_1_49' title='bbox 927 1417 1035 1500; x_wconf 70' lang='lat' dir='ltr'><strong>(bitus.</strong></span> 
     </span>
    </p>

    <p class='ocr_par' dir='ltr' id='par_1_7' title="bbox 184 1518 1298 1609">
     <span class='ocr_line' id='line_1_12' title="bbox 184 1518 1298 1609; baseline 0.004 -21"><span class='ocrx_word' id='word_1_50' title='bbox 184 1521 357 1589; x_wconf 72' lang='lat' dir='ltr'><strong>nubiletur</strong></span> <span class='ocrx_word' id='word_1_51' title='bbox 383 1523 415 1587; x_wconf 89' lang='lat' dir='ltr'><strong>in</strong></span> <span class='ocrx_word' id='word_1_52' title='bbox 446 1521 668 1609; x_wconf 75' lang='lat' dir='ltr'><strong>Aristophanis</strong></span> <span class='ocrx_word' id='word_1_53' title='bbox 692 1521 819 1588; x_wconf 86' lang='lat' dir='ltr'><strong>senario</strong></span> <span class='ocrx_word' id='word_1_54' title='bbox 844 1518 928 1608; x_wconf 91' lang='lat' dir='ltr'><strong>apud</strong></span> <span class='ocrx_word' id='word_1_55' title='bbox 959 1520 1065 1589; x_wconf 86' lang='lat' dir='ltr'><strong>Schoi.</strong></span> <span class='ocrx_word' id='word_1_56' title='bbox 1090 1523 1132 1590; x_wconf 84' lang='lat' dir='ltr'><strong>sd</strong></span> <span class='ocrx_word' id='word_1_57' title='bbox 1153 1522 1233 1592; x_wconf 83' lang='lat' dir='ltr'><strong>Nub.</strong></span> <span class='ocrx_word' id='word_1_58' title='bbox 1254 1524 1298 1591; x_wconf 81' lang='lat' dir='ltr'><strong>ort</strong></span> 
     </span>
    </p>

    <p class='ocr_par' dir='ltr' id='par_1_8' title="bbox 137 1627 844 1708">
     <span class='ocr_line' id='line_1_13' title="bbox 137 1627 844 1708; baseline 0 -15"><span class='ocrx_word' id='word_1_59' title='bbox 137 1636 168 1693; x_wconf 87' lang='lat' dir='ltr'><strong>et</strong></span> <span class='ocrx_word' id='word_1_60' title='bbox 194 1627 325 1695; x_wconf 87' lang='lat' dir='ltr'><strong>Suidttm</strong></span> <span class='ocrx_word' id='word_1_61' title='bbox 348 1648 377 1695; x_wconf 83' lang='lat' dir='ltr'><strong>v.</strong></span> <span class='ocrx_word' id='word_1_62' title='bbox 402 1630 542 1708; x_wconf 78' lang='grc' dir='ltr'><strong><em>Τήμερσς</em></strong></span> <span class='ocrx_word' id='word_1_63' title='bbox 841 1629 844 1636; x_wconf 84' lang='grc'><strong><em>’</em></strong></span> 
     </span>
    </p>

    <p class='ocr_par' dir='ltr' id='par_1_9' title="bbox 136 1729 1298 2237">
     <span class='ocr_line' id='line_1_14' title="bbox 362 1729 1058 1816; baseline 0.003 -18"><span class='ocrx_word' id='word_1_64' title='bbox 362 1735 395 1800; x_wconf 78' lang='lat' dir='ltr'><strong>to</strong></span> <span class='ocrx_word' id='word_1_65' title='bbox 418 1733 644 1811; x_wconf 69' lang='grc' dir='ltr'><strong>Λακεδαίμων,</strong></span> <span class='ocrx_word' id='word_1_66' title='bbox 668 1732 700 1797; x_wconf 95' lang='grc' dir='ltr'><strong>τί</strong></span> <span class='ocrx_word' id='word_1_67' title='bbox 719 1729 780 1812; x_wconf 75' lang='grc' dir='ltr'><strong><em>ἄρτι</em></strong></span> <span class='ocrx_word' id='word_1_68' title='bbox 800 1733 900 1799; x_wconf 91' lang='grc' dir='ltr'><strong><em>πείσει</em></strong></span> <span class='ocrx_word' id='word_1_69' title='bbox 918 1735 1058 1816; x_wconf 72' lang='grc' dir='ltr'><strong><em>πήμεριιε</em></strong></span> 
     </span>
     <span class='ocr_line' id='line_1_15' title="bbox 139 1835 1298 1916; baseline 0.003 -12"><span class='ocrx_word' id='word_1_70' title='bbox 139 1849 248 1906; x_wconf 88' lang='lat' dir='ltr'><strong>utrum</strong></span> <span class='ocrx_word' id='word_1_71' title='bbox 272 1840 319 1906; x_wconf 91' lang='lat' dir='ltr'><strong>sic</strong></span> <span class='ocrx_word' id='word_1_72' title='bbox 345 1858 384 1905; x_wconf 90' lang='lat' dir='ltr'><strong>an</strong></span> <span class='ocrx_word' id='word_1_73' title='bbox 407 1839 608 1916; x_wconf 71' lang='grc' dir='ltr'><strong><em>Λιικεῦιιῖμιν</em></strong></span> <span class='ocrx_word' id='word_1_74' title='bbox 639 1837 681 1902; x_wconf 89' lang='lat' dir='ltr'><strong>sit</strong></span> <span class='ocrx_word' id='word_1_75' title='bbox 710 1835 927 1904; x_wconf 89' lang='lat' dir='ltr'><strong>scribendum.</strong></span> <span class='ocrx_word' id='word_1_76' title='bbox 974 1838 1111 1906; x_wconf 83' lang='lat' dir='ltr'><strong>Dirimet</strong></span> <span class='ocrx_word' id='word_1_77' title='bbox 1139 1838 1222 1907; x_wconf 78' lang='lat' dir='ltr'><strong>banc</strong></span> <span class='ocrx_word' id='word_1_78' title='bbox 1244 1857 1298 1907; x_wconf 76' lang='lat' dir='ltr'><strong>cua</strong></span> 
     </span>
     <span class='ocr_line' id='line_1_16' title="bbox 136 1941 1298 2027; baseline -0.002 -17"><span class='ocrx_word' id='word_1_79' title='bbox 136 1946 324 2012; x_wconf 86' lang='lat' dir='ltr'><strong>troversiam</strong></span> <span class='ocrx_word' id='word_1_80' title='bbox 358 1944 548 2011; x_wconf 88' lang='lat' dir='ltr'><strong>emendatus</strong></span> <span class='ocrx_word' id='word_1_81' title='bbox 581 1943 671 2009; x_wconf 91' lang='lat' dir='ltr'><strong>locus</strong></span> <span class='ocrx_word' id='word_1_82' title='bbox 701 1941 825 2017; x_wconf 88' lang='lat' dir='ltr'><strong>Pbotii‚</strong></span> <span class='ocrx_word' id='word_1_83' title='bbox 861 1941 915 2007; x_wconf 92' lang='lat' dir='ltr'><strong>ubi</strong></span> <span class='ocrx_word' id='word_1_84' title='bbox 943 1941 1065 2011; x_wconf 89' lang='lat' dir='ltr'><strong>editur:</strong></span> <span class='ocrx_word' id='word_1_85' title='bbox 1097 1946 1298 2027; x_wconf 72' lang='grc' dir='ltr'><strong><em>Λιικεδιιιμῶνε</em></strong></span> 
     </span>
     <span class='ocr_line' id='line_1_17' title="bbox 137 2046 1298 2132; baseline 0.001 -16"><span class='ocrx_word' id='word_1_86' title='bbox 137 2054 192 2128; x_wconf 65' lang='grc' dir='ltr'><strong>τὴν</strong></span> <span class='ocrx_word' id='word_1_87' title='bbox 213 2053 361 2128; x_wconf 68' lang='lat' dir='ltr'><strong>uterinis</strong></span> <span class='ocrx_word' id='word_1_88' title='bbox 381 2056 583 2132; x_wconf 78' lang='grc' dir='ltr'><strong><em>περισπῶσιν.</em></strong></span> <span class='ocrx_word' id='word_1_89' title='bbox 608 2046 702 2121; x_wconf 78' lang='grc' dir='ltr'><strong><em>οὕτως</em></strong></span> <span class='ocrx_word' id='word_1_90' title='bbox 725 2047 949 2130; x_wconf 51' lang='grc' dir='ltr'><strong><em>Ἀρσαμένης,</em></strong></span> <span class='ocrx_word' id='word_1_91' title='bbox 972 2048 1132 2117; x_wconf 85' lang='lat' dir='ltr'><strong>edendum</strong></span> <span class='ocrx_word' id='word_1_92' title='bbox 1156 2060 1220 2123; x_wconf 84' lang='lat' dir='ltr'><strong>est:</strong></span> <span class='ocrx_word' id='word_1_93' title='bbox 1251 2060 1298 2117; x_wconf 76' lang='lat' dir='ltr'><strong>Aa·</strong></span> 
     </span>
     <span class='ocr_line' id='line_1_18' title="bbox 137 2155 825 2237; baseline -0.007 -15"><span class='ocrx_word' id='word_1_94' title='bbox 137 2158 299 2237; x_wconf 75' lang='grc' dir='ltr'><strong><em>κεδμῖμσντ</em></strong></span> <span class='ocrx_word' id='word_1_95' title='bbox 323 2159 379 2233; x_wconf 68' lang='grc' dir='ltr'><strong>τὴν</strong></span> <span class='ocrx_word' id='word_1_96' title='bbox 402 2155 550 2230; x_wconf 70' lang='grc' dir='ltr'><strong><em>κλντικίιν</em></strong></span> <span class='ocrx_word' id='word_1_97' title='bbox 574 2160 825 2235; x_wconf 83' lang='grc' dir='ltr'><strong><em>πρσπερισπῶσιν.</em></strong></span> 
     </span>
    </p>

    <p class='ocr_par' dir='ltr' id='par_1_10' title="bbox 137 2257 1298 2873">
     <span class='ocr_line' id='line_1_19' title="bbox 182 2257 1298 2347; baseline -0.004 -20"><span class='ocrx_word' id='word_1_98' title='bbox 182 2262 353 2327; x_wconf 86' lang='lat' dir='ltr'><strong>Mirificum</strong></span> <span class='ocrx_word' id='word_1_99' title='bbox 377 2260 600 2347; x_wconf 76' lang='lat' dir='ltr'><strong>Aristophanis</strong></span> <span class='ocrx_word' id='word_1_100' title='bbox 624 2257 840 2344; x_wconf 81' lang='lat' dir='ltr'><strong>fragmentum</strong></span> <span class='ocrx_word' id='word_1_101' title='bbox 866 2257 1045 2326; x_wconf 82' lang='lat' dir='ltr'><strong>Macrobius</strong></span> <span class='ocrx_word' id='word_1_102' title='bbox 1069 2258 1164 2326; x_wconf 81' lang='lat' dir='ltr'><strong>affert</strong></span> <span class='ocrx_word' id='word_1_103' title='bbox 1189 2260 1298 2328; x_wconf 88' lang='lat' dir='ltr'><strong>Satnrn</strong></span> 
     </span>
     <span class='ocr_line' id='line_1_20' title="bbox 138 2360 1298 2448; baseline 0.003 -18"><span class='ocrx_word' id='word_1_104' title='bbox 138 2367 175 2432; x_wconf 89' lang='lat' dir='ltr'><strong>V.</strong></span> <span class='ocrx_word' id='word_1_105' title='bbox 200 2371 241 2433; x_wconf 75' lang='lat'><strong>18</strong></span> <span class='ocrx_word' id='word_1_106' title='bbox 259 2367 354 2446; x_wconf 76' lang='grc' dir='ltr'><strong><em>ἥμσνν</em></strong></span> <span class='ocrx_word' id='word_1_107' title='bbox 373 2364 479 2448; x_wconf 76' lang='grc' dir='ltr'><strong><em>ἄγριον</em></strong></span> <span class='ocrx_word' id='word_1_108' title='bbox 496 2363 609 2446; x_wconf 79' lang='grc' dir='ltr'><strong><em>βτίρες.</em></strong></span> <span class='ocrx_word' id='word_1_109' title='bbox 635 2366 749 2444; x_wconf 70' lang='grc' dir='ltr'><strong><em>ἥτειρεν</em></strong></span> <span class='ocrx_word' id='word_1_110' title='bbox 769 2362 896 2444; x_wconf 73' lang='grc' dir='ltr'><strong><em>γάρτοι</em></strong></span> <span class='ocrx_word' id='word_1_111' title='bbox 916 2366 952 2443; x_wconf 82' lang='grc' dir='ltr'><strong>μ’</strong></span> <span class='ocrx_word' id='word_1_112' title='bbox 971 2360 1044 2438; x_wconf 76' lang='grc' dir='ltr'><strong><em>σίνστ</em></strong></span> <span class='ocrx_word' id='word_1_113' title='bbox 1065 2368 1097 2432; x_wconf 81' lang='lat' dir='ltr'><strong>od</strong></span> <span class='ocrx_word' id='word_1_114' title='bbox 1118 2368 1225 2447; x_wconf 72' lang='grc' dir='ltr'><strong><em>μιγεὶς</em></strong></span> <span class='ocrx_word' id='word_1_115' title='bbox 1242 2362 1298 2444; x_wconf 65' lang='lat' dir='ltr'><strong>citt*</strong></span> 
     </span>
     <span class='ocr_line' id='line_1_21' title="bbox 138 2468 1298 2559; baseline -0.003 -21"><span class='ocrx_word' id='word_1_116' title='bbox 138 2471 304 2554; x_wconf 79' lang='grc' dir='ltr'><em>Ἀχελῴῳ,</em></span> <span class='ocrx_word' id='word_1_117' title='bbox 330 2470 414 2536; x_wconf 93' lang='lat' dir='ltr'><strong>uude</strong></span> <span class='ocrx_word' id='word_1_118' title='bbox 435 2470 593 2555; x_wconf 85' lang='lat' dir='ltr'><strong>Bergkius</strong></span> <span class='ocrx_word' id='word_1_119' title='bbox 617 2468 854 2534; x_wconf 81' lang='lat' dir='ltr'><strong>infelicissimos</strong></span> <span class='ocrx_word' id='word_1_120' title='bbox 878 2470 1020 2535; x_wconf 87' lang='lat' dir='ltr'><strong>senarios</strong></span> <span class='ocrx_word' id='word_1_121' title='bbox 1042 2471 1229 2559; x_wconf 75' lang='lat' dir='ltr'><strong>exsculpsit.</strong></span> <span class='ocrx_word' id='word_1_122' title='bbox 1257 2470 1298 2537; x_wconf 80' lang='grc' dir='ltr'><strong>Ην</strong></span> 
     </span>
     <span class='ocr_line' id='line_1_22' title="bbox 137 2573 1298 2665; baseline 0.001 -20"><span class='ocrx_word' id='word_1_123' title='bbox 137 2579 250 2645; x_wconf 91' lang='lat' dir='ltr'><strong>bemus</strong></span> <span class='ocrx_word' id='word_1_124' title='bbox 277 2577 379 2665; x_wconf 89' lang='lat' dir='ltr'><strong>ipsius</strong></span> <span class='ocrx_word' id='word_1_125' title='bbox 403 2573 555 2641; x_wconf 81' lang='lat' dir='ltr'><strong>Macrobii</strong></span> <span class='ocrx_word' id='word_1_126' title='bbox 588 2574 885 2660; x_wconf 89' lang='lat' dir='ltr'><strong>interpretationem</strong></span> <span class='ocrx_word' id='word_1_127' title='bbox 915 2574 1014 2641; x_wconf 91' lang='lat' dir='ltr'><strong>hauc:</strong></span> <span class='ocrx_word' id='word_1_128' title='bbox 1050 2574 1211 2642; x_wconf 75' lang='grc' dir='ltr'><strong><em>θτσνσνατ</em></strong></span> <span class='ocrx_word' id='word_1_129' title='bbox 1232 2576 1298 2647; x_wconf 69' lang='grc' dir='ltr'><strong><em>τίεν,</em></strong></span> 
     </span>
     <span class='ocr_line' id='line_1_23' title="bbox 137 2678 1298 2771; baseline 0.001 -22"><span class='ocrx_word' id='word_1_130' title='bbox 137 2684 188 2750; x_wconf 86' lang='lat' dir='ltr'><strong>oui</strong></span> <span class='ocrx_word' id='word_1_131' title='bbox 209 2704 290 2771; x_wconf 83' lang='lat' dir='ltr'><strong>aquo</strong></span> <span class='ocrx_word' id='word_1_132' title='bbox 313 2703 373 2746; x_wconf 84' lang='lat' dir='ltr'><strong>non</strong></span> <span class='ocrx_word' id='word_1_133' title='bbox 394 2681 506 2769; x_wconf 82' lang='lat' dir='ltr'><strong>suisset</strong></span> <span class='ocrx_word' id='word_1_134' title='bbox 527 2678 688 2750; x_wconf 79' lang='lat' dir='ltr'><strong>admixto.</strong></span> <span class='ocrx_word' id='word_1_135' title='bbox 714 2698 795 2764; x_wconf 87' lang='lat' dir='ltr'><strong>quae</strong></span> <span class='ocrx_word' id='word_1_136' title='bbox 819 2679 932 2745; x_wconf 81' lang='lat' dir='ltr'><strong>Latina</strong></span> <span class='ocrx_word' id='word_1_137' title='bbox 952 2680 1082 2747; x_wconf 83' lang='lat' dir='ltr'><strong>Graecis</strong></span> <span class='ocrx_word' id='word_1_138' title='bbox 1105 2701 1169 2747; x_wconf 90' lang='lat' dir='ltr'><strong>non</strong></span> <span class='ocrx_word' id='word_1_139' title='bbox 1193 2696 1298 2771; x_wconf 69' lang='lat' dir='ltr'><strong>respo*</strong></span> 
     </span>
     <span class='ocr_line' id='line_1_24' title="bbox 137 2784 822 2873; baseline -0.006 -19"><span class='ocrx_word' id='word_1_140' title='bbox 137 2789 233 2866; x_wconf 92' lang='lat' dir='ltr'><strong>deut,</strong></span> <span class='ocrx_word' id='word_1_141' title='bbox 257 2797 289 2854; x_wconf 87' lang='lat' dir='ltr'><strong>et</strong></span> <span class='ocrx_word' id='word_1_142' title='bbox 314 2794 493 2873; x_wconf 83' lang='lat' dir='ltr'><strong>repugnant</strong></span> <span class='ocrx_word' id='word_1_143' title='bbox 519 2784 612 2872; x_wconf 87' lang='lat' dir='ltr'><strong>piane</strong></span> <span class='ocrx_word' id='word_1_144' title='bbox 632 2785 822 2870; x_wconf 83' lang='lat' dir='ltr'><strong>Rergbianis</strong></span> 
     </span>
    </p>

    <p class='ocr_par' dir='ltr' id='par_1_11' title="bbox 137 2886 1298 4457">
     <span class='ocr_line' id='line_1_25' title="bbox 360 2886 1044 2974; baseline -0.006 -15"><span class='ocrx_word' id='word_1_145' title='bbox 360 2895 463 2974; x_wconf 71' lang='grc' dir='ltr'><strong><em>ἤγειρε</em></strong></span> <span class='ocrx_word' id='word_1_146' title='bbox 485 2891 595 2974; x_wconf 78' lang='grc' dir='ltr'><strong><em>νιίρτιι</em></strong></span> <span class='ocrx_word' id='word_1_147' title='bbox 619 2896 654 2971; x_wconf 79' lang='grc' dir='ltr'><strong>μ’</strong></span> <span class='ocrx_word' id='word_1_148' title='bbox 677 2886 751 2964; x_wconf 81' lang='grc' dir='ltr'><strong><em>σίνος</em></strong></span> <span class='ocrx_word' id='word_1_149' title='bbox 774 2893 806 2956; x_wconf 83' lang='grc' dir='ltr'>σύ</span> <span class='ocrx_word' id='word_1_150' title='bbox 830 2890 937 2970; x_wconf 71' lang='grc' dir='ltr'><strong><em>μιγεὶς</em></strong></span> <span class='ocrx_word' id='word_1_151' title='bbox 961 2893 1044 2972; x_wconf 76' lang='grc' dir='ltr'><strong><em>ποτῷ</em></strong></span> 
     </span>
     <span class='ocr_line' id='line_1_26' title="bbox 362 2999 535 3081; baseline -0.012 -16"><span class='ocrx_word' id='word_1_152' title='bbox 362 2999 535 3081; x_wconf 81' lang='grc' dir='ltr'><strong><em>Ἀχελωίῳ.</em></strong></span> 
     </span>
     <span class='ocr_line' id='line_1_27' title="bbox 137 3098 1298 3191; baseline -0.005 -20"><span class='ocrx_word' id='word_1_153' title='bbox 137 3104 297 3172; x_wconf 86' lang='lat' dir='ltr'><strong>contraria</strong></span> <span class='ocrx_word' id='word_1_154' title='bbox 326 3124 457 3191; x_wconf 86' lang='lat' dir='ltr'><strong>prorsus</strong></span> <span class='ocrx_word' id='word_1_155' title='bbox 485 3109 562 3170; x_wconf 91' lang='lat' dir='ltr'><strong>suut</strong></span> <span class='ocrx_word' id='word_1_156' title='bbox 589 3102 745 3188; x_wconf 81' lang='lat' dir='ltr'><strong>prouobor</strong></span> <span class='ocrx_word' id='word_1_157' title='bbox 765 3102 836 3167; x_wconf 82' lang='lat' dir='ltr'><strong>cino</strong></span> <span class='ocrx_word' id='word_1_158' title='bbox 860 3109 891 3167; x_wconf 89' lang='lat' dir='ltr'><strong>et</strong></span> <span class='ocrx_word' id='word_1_159' title='bbox 916 3101 1018 3185; x_wconf 69' lang='grc' dir='ltr'><strong><em>ίγειρέ</em></strong></span> <span class='ocrx_word' id='word_1_160' title='bbox 1041 3103 1078 3180; x_wconf 85' lang='grc' dir='ltr'><strong>μ’</strong></span> <span class='ocrx_word' id='word_1_161' title='bbox 1100 3099 1195 3180; x_wconf 77' lang='grc' dir='ltr'><strong><em>ιίνιε,</em></strong></span> <span class='ocrx_word' id='word_1_162' title='bbox 1220 3098 1298 3170; x_wconf 86' lang='lat' dir='ltr'><strong>utri</strong></span> 
     </span>
     <span class='ocr_line' id='line_1_28' title="bbox 138 3206 1298 3296; baseline -0.004 -19"><span class='ocrx_word' id='word_1_163' title='bbox 138 3212 203 3277; x_wconf 88' lang='lat' dir='ltr'><strong>des.</strong></span> <span class='ocrx_word' id='word_1_164' title='bbox 252 3210 317 3276; x_wconf 86' lang='lat' dir='ltr'><strong>Hoc</strong></span> <span class='ocrx_word' id='word_1_165' title='bbox 338 3230 439 3276; x_wconf 92' lang='lat' dir='ltr'><strong>unum</strong></span> <span class='ocrx_word' id='word_1_166' title='bbox 462 3208 610 3296; x_wconf 86' lang='lat' dir='ltr'><strong>expedire</strong></span> <span class='ocrx_word' id='word_1_167' title='bbox 632 3228 778 3296; x_wconf 91' lang='lat' dir='ltr'><strong>possum:</strong></span> <span class='ocrx_word' id='word_1_168' title='bbox 803 3208 835 3272; x_wconf 93' lang='lat' dir='ltr'><strong>in</strong></span> <span class='ocrx_word' id='word_1_169' title='bbox 857 3207 1019 3294; x_wconf 88' lang='lat' dir='ltr'><strong>scriptura</strong></span> <span class='ocrx_word' id='word_1_170' title='bbox 1041 3216 1222 3276; x_wconf 78' lang='grc' dir='ltr'><strong>ΗΓΕῙΡΕΝ</strong></span> <span class='ocrx_word' id='word_1_171' title='bbox 1243 3206 1298 3273; x_wconf 80' lang='lat' dir='ltr'><strong>istd</strong></span> 
     </span>
     <span class='ocr_line' id='line_1_29' title="bbox 138 3311 1298 3402; baseline -0.003 -20"><span class='ocrx_word' id='word_1_172' title='bbox 138 3318 266 3398; x_wconf 76' lang='grc' dir='ltr'><strong><em>ἔτειρεν,</em></strong></span> <span class='ocrx_word' id='word_1_173' title='bbox 289 3314 374 3402; x_wconf 91' lang='lat' dir='ltr'><strong>quod</strong></span> <span class='ocrx_word' id='word_1_174' title='bbox 393 3314 525 3382; x_wconf 86' lang='lat' dir='ltr'><strong>verbnm</strong></span> <span class='ocrx_word' id='word_1_175' title='bbox 551 3313 591 3380; x_wconf 94' lang='lat' dir='ltr'><strong>ab</strong></span> <span class='ocrx_word' id='word_1_176' title='bbox 613 3312 711 3379; x_wconf 92' lang='lat' dir='ltr'><strong>buius</strong></span> <span class='ocrx_word' id='word_1_177' title='bbox 733 3313 793 3380; x_wconf 90' lang='lat' dir='ltr'><strong>ioci</strong></span> <span class='ocrx_word' id='word_1_178' title='bbox 817 3313 942 3379; x_wconf 86' lang='lat' dir='ltr'><strong>ratione</strong></span> <span class='ocrx_word' id='word_1_179' title='bbox 965 3333 1026 3378; x_wconf 94' lang='lat' dir='ltr'><strong>non</strong></span> <span class='ocrx_word' id='word_1_180' title='bbox 1053 3321 1102 3380; x_wconf 88' lang='lat' dir='ltr'><strong>est</strong></span> <span class='ocrx_word' id='word_1_181' title='bbox 1125 3311 1298 3381; x_wconf 80' lang='lat' dir='ltr'><strong>alianume</strong></span> 
     </span>
     <span class='ocr_line' id='line_1_30' title="bbox 138 3416 1298 3506; baseline -0.001 -20"><span class='ocrx_word' id='word_1_182' title='bbox 138 3421 258 3506; x_wconf 82' lang='lat' dir='ltr'><strong>iegitur</strong></span> <span class='ocrx_word' id='word_1_183' title='bbox 280 3419 363 3506; x_wconf 94' lang='lat' dir='ltr'><strong>apud</strong></span> <span class='ocrx_word' id='word_1_184' title='bbox 389 3418 633 3505; x_wconf 79' lang='lat' dir='ltr'><strong>Aristophanem</strong></span> <span class='ocrx_word' id='word_1_185' title='bbox 660 3426 692 3484; x_wconf 90' lang='lat' dir='ltr'><strong>et</strong></span> <span class='ocrx_word' id='word_1_186' title='bbox 715 3417 810 3492; x_wconf 87' lang='lat' dir='ltr'><strong>aiibi,</strong></span> <span class='ocrx_word' id='word_1_187' title='bbox 843 3436 937 3503; x_wconf 88' lang='lat' dir='ltr'><strong>quem</strong></span> <span class='ocrx_word' id='word_1_188' title='bbox 968 3416 1072 3484; x_wconf 88' lang='lat' dir='ltr'><strong>locum</strong></span> <span class='ocrx_word' id='word_1_189' title='bbox 1103 3417 1298 3504; x_wconf 74' lang='lat' dir='ltr'><strong>proferam!</strong></span> 
     </span>
     <span class='ocr_line' id='line_1_31' title="bbox 138 3523 1254 3612; baseline 0 -19"><span class='ocrx_word' id='word_1_190' title='bbox 138 3527 242 3593; x_wconf 91' lang='lat' dir='ltr'><strong>obiter</strong></span> <span class='ocrx_word' id='word_1_191' title='bbox 257 3524 358 3591; x_wconf 82' lang='lat' dir='ltr'><strong>reteri</strong></span> <span class='ocrx_word' id='word_1_192' title='bbox 377 3523 494 3591; x_wconf 90' lang='lat' dir='ltr'><strong>mendo</strong></span> <span class='ocrx_word' id='word_1_193' title='bbox 517 3523 662 3589; x_wconf 87' lang='lat' dir='ltr'><strong>liberem.</strong></span> <span class='ocrx_word' id='word_1_194' title='bbox 712 3523 844 3609; x_wconf 77' lang='lat' dir='ltr'><strong>Legitur</strong></span> <span class='ocrx_word' id='word_1_195' title='bbox 864 3524 896 3588; x_wconf 94' lang='lat' dir='ltr'><strong>in</strong></span> <span class='ocrx_word' id='word_1_196' title='bbox 918 3524 1099 3612; x_wconf 82' lang='lat' dir='ltr'><strong>Lysistrata</strong></span> <span class='ocrx_word' id='word_1_197' title='bbox 1121 3544 1169 3592; x_wconf 83' lang='lat' dir='ltr'><strong>rs.</strong></span> <span class='ocrx_word' id='word_1_198' title='bbox 1187 3528 1254 3593; x_wconf 72' lang='lat'><strong>959</strong></span> 
     </span>
     <span class='ocr_line' id='line_1_32' title="bbox 409 3626 917 3711; baseline 0 -17"><span class='ocrx_word' id='word_1_199' title='bbox 409 3631 440 3696; x_wconf 79' lang='grc' dir='ltr'><strong>ἐν</strong></span> <span class='ocrx_word' id='word_1_200' title='bbox 463 3630 546 3711; x_wconf 70' lang='grc' dir='ltr'><strong><em>δεινῷ</em></strong></span> <span class='ocrx_word' id='word_1_201' title='bbox 569 3631 615 3708; x_wconf 73' lang='grc' dir='ltr'><strong>ν’,</strong></span> <span class='ocrx_word' id='word_1_202' title='bbox 640 3626 661 3694; x_wconf 78' lang='grc' dir='ltr'><em>ὦ</em></span> <span class='ocrx_word' id='word_1_203' title='bbox 683 3628 809 3705; x_wconf 74' lang='grc' dir='ltr'><strong><em>δίε-νινε,</em></strong></span> <span class='ocrx_word' id='word_1_204' title='bbox 833 3631 917 3711; x_wconf 68' lang='lat' dir='ltr'><strong>sauri</strong></span> 
     </span>
     <span class='ocr_line' id='line_1_33' title="bbox 410 3731 872 3816; baseline -0.004 -15"><span class='ocrx_word' id='word_1_205' title='bbox 410 3737 500 3816; x_wconf 91' lang='grc' dir='ltr'><strong><em>τείρει</em></strong></span> <span class='ocrx_word' id='word_1_206' title='bbox 524 3735 632 3816; x_wconf 68' lang='grc' dir='ltr'><strong><em>ψυχὴν</em></strong></span> <span class='ocrx_word' id='word_1_207' title='bbox 656 3731 872 3810; x_wconf 75' lang='grc' dir='ltr'><strong><em>ἕξιιπιιτνίείς.</em></strong></span> 
     </span>
     <span class='ocr_line' id='line_1_34' title="bbox 139 3838 1298 3927; baseline 0.001 -17"><span class='ocrx_word' id='word_1_208' title='bbox 139 3842 194 3910; x_wconf 89' lang='lat' dir='ltr'><strong>sed</strong></span> <span class='ocrx_word' id='word_1_209' title='bbox 226 3842 338 3909; x_wconf 83' lang='lat' dir='ltr'><strong>vitiose</strong></span> <span class='ocrx_word' id='word_1_210' title='bbox 366 3840 507 3907; x_wconf 89' lang='lat' dir='ltr'><strong>abundat</strong></span> <span class='ocrx_word' id='word_1_211' title='bbox 538 3840 730 3927; x_wconf 89' lang='lat' dir='ltr'><strong>praepositio</strong></span> <span class='ocrx_word' id='word_1_212' title='bbox 756 3840 787 3904; x_wconf 90' lang='lat' dir='ltr'><strong>in</strong></span> <span class='ocrx_word' id='word_1_213' title='bbox 818 3838 925 3906; x_wconf 87' lang='lat' dir='ltr'><strong>verbis</strong></span> <span class='ocrx_word' id='word_1_214' title='bbox 948 3841 979 3908; x_wconf 75' lang='grc' dir='ltr'><strong>ἐν</strong></span> <span class='ocrx_word' id='word_1_215' title='bbox 999 3842 1082 3924; x_wconf 74' lang='grc' dir='ltr'><strong><em>δεινῷ</em></strong></span> <span class='ocrx_word' id='word_1_216' title='bbox 1112 3844 1198 3925; x_wconf 79' lang='grc' dir='ltr'><strong><em>ιιιιιιῷ</em></strong></span> <span class='ocrx_word' id='word_1_217' title='bbox 1220 3844 1298 3927; x_wconf 88' lang='grc' dir='ltr'><strong><em>τείρι.</em></strong></span> 
     </span>
     <span class='ocr_line' id='line_1_35' title="bbox 140 3944 1298 4029; baseline 0 -12"><span class='ocrx_word' id='word_1_218' title='bbox 140 3949 258 4017; x_wconf 82' lang='lat' dir='ltr'><strong>Omnes</strong></span> <span class='ocrx_word' id='word_1_219' title='bbox 282 3945 430 4013; x_wconf 86' lang='lat' dir='ltr'><strong>dicebant</strong></span> <span class='ocrx_word' id='word_1_220' title='bbox 448 3947 597 4029; x_wconf 73' lang='grc' dir='ltr'><strong><em>τείρεσθαι</em></strong></span> <span class='ocrx_word' id='word_1_221' title='bbox 616 3954 737 4023; x_wconf 73' lang='lat' dir='ltr'><strong>nausis,</strong></span> <span class='ocrx_word' id='word_1_222' title='bbox 761 3948 896 4025; x_wconf 77' lang='grc' dir='ltr'><strong><em>ίδείνιιις,</em></strong></span> <span class='ocrx_word' id='word_1_223' title='bbox 920 3947 1051 4023; x_wconf 75' lang='grc' dir='ltr'><strong><em>λύπαις,</em></strong></span> <span class='ocrx_word' id='word_1_224' title='bbox 1075 3947 1147 4012; x_wconf 77' lang='lat' dir='ltr'><strong>sim.</strong></span> <span class='ocrx_word' id='word_1_225' title='bbox 1180 3944 1298 4017; x_wconf 78' lang='lat' dir='ltr'><strong>Emeuti</strong></span> 
     </span>
     <span class='ocr_line' id='line_1_36' title="bbox 139 4050 1298 4141; baseline -0.002 -20"><span class='ocrx_word' id='word_1_226' title='bbox 139 4058 255 4141; x_wconf 80' lang='lat' dir='ltr'><strong>igitur:</strong></span> <span class='ocrx_word' id='word_1_227' title='bbox 289 4050 410 4135; x_wconf 73' lang='grc' dir='ltr'><strong><em>ἦδεινῷ</em></strong></span> <span class='ocrx_word' id='word_1_228' title='bbox 434 4052 480 4132; x_wconf 72' lang='grc' dir='ltr'><strong>γ’,</strong></span> <span class='ocrx_word' id='word_1_229' title='bbox 503 4050 525 4118; x_wconf 80' lang='grc' dir='ltr'><em>ὦ</em></span> <span class='ocrx_word' id='word_1_230' title='bbox 549 4052 672 4126; x_wconf 65' lang='lat' dir='ltr'><strong>baisane.</strong></span> <span class='ocrx_word' id='word_1_231' title='bbox 702 4053 786 4135; x_wconf 80' lang='grc' dir='ltr'><strong><em>κιιιιῷ</em></strong></span> <span class='ocrx_word' id='word_1_232' title='bbox 816 4054 907 4135; x_wconf 91' lang='grc' dir='ltr'><strong><em>τείρει</em></strong></span> <span class='ocrx_word' id='word_1_233' title='bbox 931 4054 1054 4135; x_wconf 72' lang='grc' dir='ltr'><strong><em>ψυχήν,</em></strong></span> <span class='ocrx_word' id='word_1_234' title='bbox 1085 4050 1170 4139; x_wconf 78' lang='lat' dir='ltr'><strong>quod</strong></span> <span class='ocrx_word' id='word_1_235' title='bbox 1196 4053 1298 4123; x_wconf 80' lang='lat' dir='ltr'><strong>dictur</strong></span> 
     </span>
     <span class='ocr_line' id='line_1_37' title="bbox 140 4158 735 4245; baseline -0.007 -19"><span class='ocrx_word' id='word_1_236' title='bbox 140 4168 189 4226; x_wconf 87' lang='lat' dir='ltr'><strong>est</strong></span> <span class='ocrx_word' id='word_1_237' title='bbox 213 4160 323 4227; x_wconf 90' lang='lat' dir='ltr'><strong>eodem</strong></span> <span class='ocrx_word' id='word_1_238' title='bbox 347 4158 441 4225; x_wconf 92' lang='lat' dir='ltr'><strong>modo</strong></span> <span class='ocrx_word' id='word_1_239' title='bbox 465 4166 561 4245; x_wconf 88' lang='lat' dir='ltr'><strong>atque</strong></span> <span class='ocrx_word' id='word_1_240' title='bbox 584 4176 630 4222; x_wconf 84' lang='lat' dir='ltr'><strong>us.</strong></span> <span class='ocrx_word' id='word_1_241' title='bbox 657 4161 735 4224; x_wconf 78' lang='grc'><strong>1051</strong></span> 
     </span>
     <span class='ocr_line' id='line_1_38' title="bbox 273 4261 1173 4346; baseline 0.001 -17"><span class='ocrx_word' id='word_1_242' title='bbox 273 4263 292 4343; x_wconf 75' lang='grc' dir='ltr'><strong><em>ἦ</em></strong></span> <span class='ocrx_word' id='word_1_243' title='bbox 314 4264 404 4343; x_wconf 72' lang='grc' dir='ltr'><strong><em>μέγ’,</em></strong></span> <span class='ocrx_word' id='word_1_244' title='bbox 427 4261 448 4330; x_wconf 79' lang='grc' dir='ltr'><strong><em>ὦ</em></strong></span> <span class='ocrx_word' id='word_1_245' title='bbox 470 4268 549 4341; x_wconf 80' lang='grc' dir='ltr'><strong><em>Ζεῦ,</em></strong></span> <span class='ocrx_word' id='word_1_246' title='bbox 570 4264 670 4346; x_wconf 77' lang='grc' dir='ltr'><strong><em>χρῆμ’</em></strong></span> <span class='ocrx_word' id='word_1_247' title='bbox 692 4264 765 4331; x_wconf 74' lang='grc' dir='ltr'><strong><em>ἰδεῖν</em></strong></span> <span class='ocrx_word' id='word_1_248' title='bbox 786 4274 841 4343; x_wconf 74' lang='grc' dir='ltr'><strong>τῆς</strong></span> <span class='ocrx_word' id='word_1_249' title='bbox 864 4263 991 4343; x_wconf 73' lang='grc' dir='ltr'><strong><em>ἐμπίδος</em></strong></span> <span class='ocrx_word' id='word_1_250' title='bbox 1013 4262 1095 4332; x_wconf 72' lang='lat' dir='ltr'><strong>inssi</strong></span> <span class='ocrx_word' id='word_1_251' title='bbox 1117 4288 1173 4330; x_wconf 86' lang='grc' dir='ltr'><strong><em>σοι.</em></strong></span> 
     </span>
     <span class='ocr_line' id='line_1_39' title="bbox 137 4367 1084 4457; baseline -0.003 -21"><span class='ocrx_word' id='word_1_252' title='bbox 137 4379 169 4436; x_wconf 90' lang='lat' dir='ltr'><strong>et</strong></span> <span class='ocrx_word' id='word_1_253' title='bbox 193 4369 225 4434; x_wconf 92' lang='lat' dir='ltr'><strong>iu</strong></span> <span class='ocrx_word' id='word_1_254' title='bbox 247 4367 412 4457; x_wconf 75' lang='lat' dir='ltr'><strong>Eupolidis</strong></span> <span class='ocrx_word' id='word_1_255' title='bbox 431 4367 610 4457; x_wconf 76' lang='lat' dir='ltr'><strong>iragmeuto</strong></span> <span class='ocrx_word' id='word_1_256' title='bbox 635 4371 667 4436; x_wconf 90' lang='lat' dir='ltr'><strong>in</strong></span> <span class='ocrx_word' id='word_1_257' title='bbox 689 4367 818 4438; x_wconf 83' lang='lat' dir='ltr'><strong>Orionis</strong></span> <span class='ocrx_word' id='word_1_258' title='bbox 841 4367 967 4435; x_wconf 78' lang='lat' dir='ltr'><strong>dntboi.</strong></span> <span class='ocrx_word' id='word_1_259' title='bbox 991 4389 1022 4456; x_wconf 91' lang='lat' dir='ltr'><strong>p.</strong></span> <span class='ocrx_word' id='word_1_260' title='bbox 1043 4372 1084 4434; x_wconf 80' lang='lat' dir='ltr'><strong>dt</strong></span> 
     </span>
    </p>
   </div>
   <div class='ocr_carea' id='block_1_3' title="bbox 0 0 1474 5010">
    <p class='ocr_par' dir='ltr' id='par_1_12' title="bbox 0 0 1474 5010">
     <span class='ocr_line' id='line_1_40' title="bbox 0 0 1474 5010; baseline 0 0"><span class='ocrx_word' id='word_1_261' title='bbox 0 0 1474 5010; x_wconf 95' lang='lat' dir='ltr'><strong> </strong></span> 
     </span>
    </p>
   </div>
  </div>
 </body>
</html>
