2940 5010
631 302 694 362 ortt

68 474 290 543 familiaritate
322 483 355 542 et
383 472 584 540 sermonibus
615 472 751 539 subinde
790 479 956 550 uteretur,
992 473 1108 561 quibus
1140 475 1251 541 statim

67 580 229 649 abstinuit
251 590 287 647 ut
311 579 452 666 primum
476 578 515 645 ad
540 598 640 665 remp.
664 578 821 657 accessit,
844 586 927 645 teste
950 580 1019 665 ipso
1043 579 1251 666 Xenophonte

67 690 166 775 §rc
200 691 239 761 ὥς
272 688 335 768 γὰρ
364 684 489 766 salzica
520 686 670 766 κρείττονε
701 692 759 751 τῶν
790 685 1043 764 συγγιγνομένων
1073 685 1251 765 ἡγησάσθην

67 789 147 860 eluar
172 793 302 883 (Critias
329 799 361 857 et
383 789 594 877 Alcibiades),
618 792 731 864 εὐθὺς
761 791 1075 867 ἀποπηδήσαντε
1106 789 1253 872 Σωκρά-

65 920 156 972 τους
177 896 371 980 ἐτραπέτην
389 898 433 962 τρὶ
463 896 620 962 aeternari.
669 896 717 961 Ex
739 897 836 984 Anyti
862 915 996 982 persona
1019 895 1102 961 idem
1127 897 1251 962 crimen

66 1004 168 1071 aliam
202 1000 374 1069 absurdius
406 1010 464 1067 est.
513 1003 655 1089 Anytnnr
679 1009 715 1067 tn
750 999 862 1067 credas
886 1001 1019 1067 Critian}
1052 1010 1083 1067 et
1115 1000 1253 1068 Alcibia-

66 1108 144 1177 dem
174 1109 221 1176 sic
251 1109 448 1192 coniungere
475 1108 617 1193 potuisse
640 1106 835 1174 calamitatis
868 1128 945 1174 suae
976 1107 1113 1173 alterum
1146 1115 1255 1173 aucto·

68 1234 164 1296 rem,
187 1215 326 1282 alterum
351 1215 496 1290 socium,
519 1212 767 1279 infestissimum
788 1214 956 1278 inimicum
978 1222 1011 1280 et
1033 1211 1254 1280 adversarium

71 1321 269 1389 acerrimum
294 1319 425 1385 (initiam
451 1337 525 1383 cum
550 1316 714 1384 Alcibiade
734 1317 922 1384 dulcissimo
942 1320 1046 1384 amico
1069 1318 1256 1384 eorumdem

69 1425 302 1503 consiliorum,
326 1423 470 1489 eiusdem
502 1423 570 1508 spei
596 1423 774 1508 participe?
822 1422 868 1489 Nc
892 1424 1018 1489 novisse
1051 1423 1180 1510 quidem
1206 1444 1256 1489 ar·

13 1542 16 1547 '
68 1530 176 1599 bitror
198 1531 340 1618 Anytum
366 1528 508 1613 aliquam
532 1527 608 1593 olim
632 1527 796 1595 Socratem
819 1531 905 1596 inter
927 1539 959 1596 et
979 1528 1177 1596 Alcibiadem
1202 1528 1256 1596 ad·

69 1635 203 1705 modum
225 1633 459 1700 adolescentem
492 1634 639 1700 notitiam
665 1633 782 1711 luisse,
814 1642 892 1713 aut,
922 1637 950 1700 si
980 1656 1077 1723 quam
1114 1637 1255 1702 maxime

10 1726 16 1799 Ῑ
71 1740 172 1809 baina
190 1740 238 1806 rei
263 1741 485 1819 meminisset,
518 1741 591 1824 quis
615 1737 725 1805 credat
758 1738 856 1805 talem
885 1741 991 1807 virum
1018 1740 1117 1807 stulta
1149 1742 1257 1807 existi·
1339 1816 1341 1821 .

10 1836 14 1913 ἓ
69 1856 238 1915 maturum
263 1846 363 1912 luisse
396 1865 449 1911 res
472 1844 511 1910 ab
546 1844 598 1909 illo
631 1853 686 1911 ant
720 1845 753 1909 in
779 1864 848 1931 rep.
885 1855 941 1911 ant
973 1846 1005 1910 in
1038 1844 1119 1912 hello
1150 1855 1257 1932 gestas

10 1986 15 2005 ι
69 1952 136 2021 ulla
158 1972 200 2019 ex
222 1961 313 2038 parta
333 1951 457 2018 Socrati
483 1959 514 2018 et
538 1950 680 2017 Socratis
709 1951 906 2016 institutioni
930 1970 1000 2016 esse
1023 1950 1254 2038 imputandas?

10 2044 15 2125 ᾗ
70 2060 178 2127 Acato
212 2076 288 2122 naso
308 2059 334 2121 oi
358 2057 508 2122 nonerunt
529 2054 732 2142 philosophos
754 2075 866 2122 ornnes
885 2063 918 2123 et
942 2056 1102 2143 sophistas
1126 2078 1258 2143 suspen·

69 2162 211 2240 debant,
254 2171 291 2228 ut
325 2161 469 2228 Callicles
507 2160 671 2227 Socratem
709 2163 742 2226 in
779 2161 920 2228 Platonis
955 2162 1083 2248 Gorgia.
1138 2162 1257 2229 Filium

71 2288 172 2337 saum
194 2266 468 2334 adolescentulum
492 2287 511 2332 a
535 2266 667 2333 Socrate
698 2265 865 2352 depravari
891 2269 1018 2356 Anytus
1042 2267 1259 2354 querebatur,

71 2374 247 2445 utstatim
277 2372 476 2448 ridebimus,
510 2391 572 2436 non
597 2371 753 2448 Critiam,
784 2393 846 2438 rien
873 2372 1090 2440 Alcibiadem:
1124 2395 1202 2460 qnos
1231 2377 1258 2441 si

70 2481 150 2551 olim
186 2478 361 2565 discipulos
393 2477 557 2544 habuisset
588 2477 753 2552 Socratas,
776 2498 813 2545 ea
848 2499 902 2544 res
936 2500 997 2544 non
1033 2481 1175 2559 crimen,
1203 2481 1259 2547 sed

68 2586 173 2655 decus
195 2602 234 2650 ao
254 2583 400 2658 laudem,
428 2584 456 2648 ei
482 2581 597 2649 aticrre
631 2584 735 2672 Anyto
759 2583 894 2651 debebat
918 2584 1040 2662 rideri,
1066 2594 1103 2650 ut
1131 2585 1257 2652 videba-

67 2701 128 2761 tur
148 2690 302 2768 lacerati,
336 2690 391 2775 qui
423 2688 544 2755 Callicli
581 2689 682 2755 multo
715 2697 784 2755 erat
816 2710 912 2778 quam
947 2689 1073 2757 Socrati
1109 2691 1256 2759 similior.

68 2796 134 2867 Sed
166 2795 377 2883 sophisticum
408 2795 495 2860 istod
519 2796 642 2860 crimen
675 2803 724 2860 est
759 2803 791 2861 et
826 2796 944 2873 inane,
975 2795 1059 2883 quod
1084 2794 1141 2862 diu
1164 2806 1256 2881 post,

67 2906 179 2994 Anyto
200 2902 265 2968 iam
289 2902 354 2966 rita
379 2900 488 2967 iuncto
516 2901 718 2986 caeterisque
743 2901 871 2967 illarum
899 2920 1008 2966 rernm
1032 2910 1063 2968 et
1087 2901 1257 2970 hominum

68 3007 260 3099 aequalibus
292 3008 531 3083 intermortuis,
566 3015 692 3094 poterat
725 3007 834 3074 odiose
867 3008 999 3092 urgeri,
1036 3007 1091 3073 sed
1122 3009 1156 3073 in
1187 3010 1257 3095 ipso

68 3116 194 3185 iudicio
216 3116 315 3180 etiam
341 3113 420 3199 ipsis
448 3111 690 3178 accusatoribus
724 3111 898 3179 ridiculum
923 3120 956 3179 et
981 3114 1125 3199 ineptum
1151 3116 1257 3181 risum

10 3224 14 3233 '
66 3220 195 3289 luisset.
243 3217 363 3282 llabeat
387 3219 490 3303 igitur
518 3236 590 3282 suas
616 3219 676 3283 sibi
701 3220 944 3284 criminationes
969 3218 1175 3308 Polycrates,
1200 3222 1257 3307 qui

10 3328 13 3333 '
65 3324 197 3415 primm
227 3322 390 3398 omnium,
425 3331 461 3388 ut
493 3322 650 3387 isocrates
684 3323 851 3409 loquitur,
885 3327 928 3406 τῷ
963 3325 1120 3406 Σωκράτει
1148 3326 1256 3393 ἔδωκεν

67 3426 278 3509 ’Δλτιβννὶδην
313 3430 475 3508 μαθητήν,
512 3429 567 3514 qui
600 3427 797 3495 Alcibiadem
832 3429 956 3495 Socrati
991 3429 1187 3517 discipulum
1219 3433 1257 3498 de

10 3556 12 3565 ·
68 3556 128 3605 ruo
150 3534 236 3600 dedit
258 3540 291 3599 et
315 3542 517 3599 commentus
541 3541 612 3611 est,
646 3553 714 3598 rern
739 3543 771 3599 ct
795 3536 902 3624 Anyto
929 3543 961 3601 et
984 3536 1171 3622 aequalibus
1193 3558 1258 3603 om·

10 3708 12 3713 .
68 3640 171 3711 nibus
193 3637 326 3726 perinde
350 3638 538 3703 inauditam.
587 3637 675 3703 Plato
696 3640 816 3724 igitur,
848 3641 904 3726 qui
936 3641 1021 3726 ipsos
1052 3651 1258 3709 accusatores

68 3744 197 3816 audivit
221 3745 253 3809 in
280 3742 442 3809 Socratem
465 3743 627 3818 dieentes,
652 3744 691 3810 de
714 3764 752 3810 eo
779 3747 939 3822 crimine,
963 3744 1047 3831 quod
1071 3767 1133 3813 non
1165 3748 1259 3814 audi·

67 3854 135 3930 rit,
160 3849 294 3917 verbum
318 3848 440 3914 nullum
466 3848 551 3914 lacit.
602 3849 776 3936 Xenophon
801 3851 973 3936 diligenter
993 3838 1112 3916 relutat
1136 3872 1256 3919 nomm

68 3964 316 4032 accusatorem,
340 3956 395 4040 qui
417 3954 528 4020 multis
557 3956 651 4021 annis
679 3964 748 4042 post
777 3976 893 4023 vanam
923 3964 955 4024 et
988 3958 1116 4022 inanem
1148 3959 1257 4025 crimi-

10 4106 12 4113 ·
58 4062 236 4150 'nationem
261 4080 279 4127 a
302 4080 335 4125 se
363 4060 431 4145 ipso
455 4061 667 4144 excogitatam
701 4063 733 4127 in
761 4061 924 4128 Socratem
952 4060 1118 4150 proferens
1141 4083 1257 4149 aequa-

68 4168 161 4237 libus
184 4166 305 4254 aliquid
329 4164 436 4230 dicere
458 4165 635 4230 videbatur.
760 4204 764 4213 ·

115 4274 263 4371 AnytuS,
287 4292 328 4338 ne
350 4270 428 4357 quid
449 4272 614 4349 omittam,
637 4290 655 4337 a
678 4271 850 4341 Plutarcho
871 4283 1026 4341 narratur
1046 4283 1159 4340 auctor
1179 4272 1258 4341 luis-

68 4400 109 4449 se
130 4376 311 4468 plebisciti,
344 4397 407 4462 quo
438 4377 648 4446 Athenienses
672 4377 830 4447 Herodoto
865 4380 1076 4447 historiarum
1107 4381 1258 4466 scriptori
