2940 5010
138 439 400 520 κοσοικνσιθμινοι
423 438 556 507 lsoorat.
579 439 724 526 teginet.
749 444 846 530 §²42
869 460 908 508 ex
932 442 1117 511 melioribus
1138 442 1232 511 libris
1251 464 1325 512 eor·

140 554 240 617 reeta.
286 543 380 632 Apud
406 543 789 612 manusnotat.
814 550 868 613 22.
901 547 1076 616 Vatieanus
1101 550 1327 631 σννοικκσιθμσ·

141 678 184 721 νοι
204 650 353 720 exhibet:
377 651 503 737 corrige
525 649 752 730 ἐνοικισάμενοι.
800 650 910 719 Sicubi
937 651 1016 721 lraeo
1036 662 1130 722 erant
1157 655 1190 722 in
1213 654 1329 723 tuturo

141 757 289 848 ponenda
311 754 483 823 dicendum
505 763 576 822 erat
598 757 780 823 summario
800 756 1005 839 θξοικιοῦμοι,
1028 762 1249 842 stratumne,
1269 786 1331 829 ιιοι·

141 869 334 945 σοικιιῦμοιι,
361 866 576 943 μοσσικιοῑιμοιι
600 868 663 933 sot,
685 870 718 929 et
741 863 885 948 passivae
907 863 1049 944 formae,
1078 863 1329 948 ἐξοικισθθσομοιι

141 978 205 1039 σοι.
239 976 329 1037 osrto
362 967 594 1056 perspicuoque
625 964 811 1035 discrimine
842 968 883 1035 ab
913 968 964 1035 tris
993 968 1166 1038 distabant.
1211 972 1330 1061 ltaque

140 1074 291 1159 διοικίζειν
321 1074 412 1141 πόλιν
444 1075 487 1149 εἰς
509 1073 618 1152 ιιιθμοο
646 1069 743 1139 tabet
769 1074 935 1159 passivum
965 1077 1156 1155 διοικιοθῆνιοι
1183 1076 1226 1145 llo
1258 1079 1328 1157 iis,

141 1182 199 1270 qui
220 1178 302 1249 bello
331 1176 425 1245 lraeti
453 1185 487 1246 et
515 1187 622 1246 vetera
644 1179 749 1266 patria
771 1187 896 1247 vastata
920 1180 1044 1268 expulsi
1068 1202 1125 1270 per
1155 1203 1256 1271 pagos
1280 1183 1330 1250 rti-

143 1285 248 1375 spersi
270 1283 438 1358 trahitant.
462 1291 500 1350 ut
521 1282 607 1371 apntt
627 1283 790 1351 ltemostlr.
814 1284 855 1351 de
876 1285 911 1351 δ’.
931 1286 966 1352 L.
991 1306 1021 1374 p.
1043 1291 1119 1356 366.
1143 1288 1183 1379 (ol
1204 1288 1328 1377 Φοκιῑι)

141 1390 329 1476 διμκισμθιοι
351 1389 438 1457 aar&
459 1390 567 1470 κιθμκο
589 1389 643 1457 κο)
667 1390 867 1475 πορκμιμένοι
890 1391 934 1457 τοὶ
955 1389 1059 1471 lata,
1088 1402 1122 1462 et
1141 1414 1219 1482 pag.
1241 1399 1329 1464 sto:

144 1497 280 1578 Θηβαῖοι
301 1496 328 1562 ol
349 1494 556 1569 διοικισθέντες
574 1497 617 1577 τῷ
640 1493 741 1577 λθγςι,
766 1493 821 1561 uit
843 1495 877 1561 in
901 1515 964 1563 uno
983 1496 1099 1566 Gottioe
1119 1498 1231 1566 addita
1249 1498 1329 1587 legi·

143 1613 201 1671 tut·
222 1599 371 1688 magistri
395 1600 618 1687 interpretatio
641 1601 669 1667 ol
697 1599 906 1688 [διαιρεθέντες
939 1600 998 1673 ι’θςε
1031 1606 1076 1683 μὴ
1110 1605 1186 1685 ὁμοῦ
1216 1604 1325 1695 etun]

143 1706 375 1785 διοικισθθνσεο,
409 1713 441 1773 et
476 1704 516 1773 do
548 1706 617 1793 ipsa
647 1704 809 1773 Mantinea
843 1705 990 1794 Xenopln
1021 1707 1143 1777 Hellen.
1166 1708 1207 1778 V.
1234 1730 1268 1776 ιι.
1294 1715 1327 1779 7.

143 1815 283 1899 διῳκθσθιι
315 1813 342 1878 δ’
369 1814 388 1889 i
418 1810 593 1879 Μονσθνειο
614 1820 780 1894 σεσοιιχῡ,
810 1817 845 1877 et
872 1830 967 1899 saepe
988 1811 1077 1881 alibi.
1122 1812 1183 1881 unt
1217 1824 1329 1882 autem

143 1920 264 1989 Graeoe
296 1914 331 1984 iol
363 1914 536 1983 uisendum
561 1923 631 1992 est,
664 1914 750 2003 quod
773 1914 924 2003 Spartani
951 1918 1248 1986 allautinensitms
1277 1940 1331 2007 po·

143 2023 289 2102 stutant,
312 2029 349 2090 ut
383 2021 444 2109 ipsi
477 2019 590 2087 relicta
618 2028 727 2088 vetere
760 2021 865 2108 patria
889 2025 1029 2109 pagatim
1059 2042 1118 2091 ros
1146 2022 1331 2095 habitatum

31 2136 37 2147 '
143 2127 344 2206 wuoedant,
368 2125 548 2213 requiritur
570 2124 712 2193 medinm
735 2126 935 2210 διοικθζομσιι
968 2128 1014 2194 ita
1047 2128 1149 2215 igitur
1168 2128 1331 2216 agebant:

145 2233 394 2312 stomomate
420 2234 447 2298 al
471 2233 517 2312 μδι
536 2232 589 2297 κοιὶ
615 2231 781 2298 διοικιεῒσθε
809 2233 896 2299 κοισθι
925 2236 1054 2312 κώμοις,
1078 2233 1164 2301 undo
1195 2236 1230 2302 in
1261 2256 1332 2303 ora·

144 2341 234 2407 tione
253 2335 433 2413 indirecta,
456 2354 520 2422 qua
540 2335 715 2424 Xenophon
736 2336 861 2415 utitur,
887 2337 965 2404 liaeo
986 2346 1037 2404 est
1059 2342 1240 2407 neeessaria
1261 2360 1333 2408 rer·

145 2445 261 2512 borum
291 2440 522 2511 conformatio:
555 2444 610 2509 οὐκ
644 2441 771 2526 ἔΦοοσιιν
799 2443 980 2511 σπεθσεσθοιι
1014 2446 1042 2511 ai
1076 2446 1121 2525 μθι
1149 2446 1203 2512 sal
1238 2446 1334 2515 διοι·

145 2556 298 2618 ιιιοῒντο
325 2545 412 2613 aaa&
436 2548 554 2627 κιθμιιο.
602 2546 682 2626 Quis
712 2553 762 2613 est
789 2548 844 2634 qul
876 2549 1028 2616 διοικοῑντο
1059 2569 1156 2618 seusu
1189 2569 1331 2621 saeuum

146 2674 218 2723 esse
238 2663 273 2727 et
296 2650 410 2719 vitioso
430 2649 554 2717 dietum
579 2669 642 2717 nou
667 2651 808 2718 sentiat?

192 2756 322 2827 assidit
347 2763 457 2823 autem
479 2762 517 2822 ut
548 2754 650 2823 loturi
677 2756 775 2823 mettii
807 2755 910 2824 torma
936 2759 969 2825 iu
996 2759 1176 2829 Atticorum
1198 2764 1334 2851 seriptis

146 2884 235 2933 nune
266 2880 427 2949 nusquam
454 2868 618 2949 appareat.
673 2862 829 2930 Permulti
861 2864 938 2930 anni
970 2874 1071 2944 sunt,
1106 2886 1146 2933 ex
1174 2886 1240 2955 quo
1271 2866 1333 2937 lroe

146 2971 315 3039 ohservare
327 2967 432 3055 eoepi,
456 2985 559 3055 neque
574 2987 626 3034 me
644 2966 737 3035 laeile
757 2967 893 3053 fugisset
912 2967 1096 3036 huiusmodi
1110 2970 1334 3041 lormasieubi

146 3083 301 3145 exstaret.
350 3072 384 3141 si
409 3072 520 3140 dixero
543 3074 645 3160 ipsam
669 3072 846 3160 analogiam
871 3074 950 3138 satis
981 3076 1064 3142 tueri
1085 3075 1207 3144 formas
1225 3080 1331 3149 οθκιιΰ-

147 3208 230 3264 μιιι,
262 3178 470 3259 θξοικιοῖιμοιι,
507 3181 711 3258 protensum,
746 3179 873 3245 etiamsi
908 3196 1068 3267 nusquam
1102 3194 1332 3270 compareant,

146 3307 210 3356 nou
234 3284 345 3355 dubito
375 3282 442 3351 lore
469 3283 637 3372 plerosquo
659 3284 716 3371 qui
735 3284 889 3351 διοικοῖνσο
918 3286 1058 3353 retinere
1088 3287 1204 3355 malint
1232 3310 1333 3379 qoam

147 3390 283 3459 formam
312 3389 456 3475 recipere
479 3408 576 3475 quam
603 3409 697 3456 nemo
719 3388 837 3456 viderit
862 3409 1026 3477 umquam.
1074 3392 1186 3481 Itaque
1211 3398 1333 3483 optime

146 3496 256 3564 evenit
286 3502 322 3560 ut
349 3494 382 3559 in
407 3491 585 3562 Heraclidis
607 3494 792 3560 rarissimae
827 3493 947 3563 lormae
978 3498 1111 3565 unicum
1146 3502 1332 3591 exemplum

146 3608 236 3670 oerta
261 3598 323 3667 noe
344 3599 495 3685 supersit.
543 3598 670 3665 Eximat
689 3599 774 3665 enim
796 3600 983 3687 scrupulum
1012 3623 1140 3671 omnem
1163 3626 1211 3671 vs
1231 3610 1286 3675 46.

324 3706 442 3778 Ὕλλος
465 3706 492 3771 δ’
516 3705 650 3787 ἀδελφοί
670 3705 711 3781 θ’,
733 3700 791 3771 οἷσι
815 3707 980 3789 πρεσβεύει
1003 3708 1112 3788 γένος,

327 3809 471 3892 ζητοῦο’,
492 3806 552 3886 lan
575 3817 636 3888 γῆς
659 3810 775 3890 etam
798 3812 981 3891 οθκιούμεθο.

189 3915 292 3985 Lubet
315 3914 467 3982 nonnulla
491 3914 531 3982 tle
555 3913 651 3982 veruo
672 3915 819 3998 διοικίζειν
842 3925 875 3983 et
897 3919 1087 4001 διοικίζεσθκι
1115 3919 1168 3985 tris
1194 3922 1331 3993 sutrinu-

145 4043 243 4111 gere,
267 4030 304 4090 ut
324 4022 381 4087 uni
404 4029 437 4089 et
459 4021 553 4087 alteri
573 4019 642 4086 loeo
662 4031 814 4109 corrupto
836 4031 870 4089 et
897 4023 1087 4109 interpolato
1109 4025 1214 4095 obiter
1235 4050 1330 4119 opem

145 4129 258 4197 leram.
305 4127 388 4210 Quia
414 4136 499 4195 esset
521 4126 712 4209 διοικίζεσθιιι
733 4129 851 4213 optimo
877 4130 1108 4216 interpretatus
1130 4140 1180 4199 est
1199 4136 1331 4203 Ammo-

144 4235 237 4310 nius,
262 4234 318 4321 qui
342 4233 484 4309 dieitur,
508 4230 548 4299 tle
570 4232 609 4299 ll.
635 4231 673 4297 V.
698 4252 727 4300 ν.
775 4235 935 4317 οἱκθζεσιιι
960 4255 1032 4323 pag.
1054 4242 1130 4304 101.
1154 4239 1330 4324 διοικιζεσοιι

144 4339 175 4403 δὲ
201 4337 317 4427 (πόλις)
340 4344 358 4417 ἡ
383 4341 417 4408 ἐκ
440 4344 517 4418 pria
537 4337 656 4413 πόλεως
676 4340 800 4418 μεγέθει
835 4342 1002 4424 ἶσχυιθσκς
1029 4344 1072 4417 εἷς
1096 4344 1204 4411 πολλοὶ
1226 4370 1330 4416 aava·
