2940 5010
716 240 782 301 450

148 417 290 497 ςρέφοιο,
316 422 379 477 tarn
407 412 624 477 necessarium
649 420 699 477 est
723 414 763 478 ἂν
787 414 970 497 deceptuose
998 435 1095 502 qnam
1125 420 1339 507 perspicuum

147 517 304 607 qrromorlo
327 517 366 583 ἄν
386 516 551 584 exciderit.
600 516 661 598 Qui
681 518 855 603 opinantur
876 538 915 585 car
937 520 1202 591 antecedentibus
1225 527 1255 593 εί
1279 528 1339 605 μὲν

147 626 271 708 βούλοιό
291 650 333 706 σω
357 625 449 707 φίλος
474 620 573 701 εἶναι,
597 627 636 696 ὡς
659 622 788 701 ulyssea
818 624 856 690 ἂν
881 626 944 700 σίνος
966 626 1137 713 cogitando
1167 628 1208 695 ἄν
1233 635 1341 719 repeti

146 751 255 819 posse,
288 729 372 796 locos
405 727 524 795 diversi
551 729 680 814 generis
711 749 768 814 per
797 754 833 795 σε
857 766 902 780 -
925 734 998 809 καί,
1027 732 1080 799 καί
1104 772 1150 785 -
1172 736 1252 815 ul,
1287 736 1340 805 vel

142 839 214 905 οὔτε
237 873 283 887 -
302 837 373 902 οὔτε
397 835 591 921 compositos
612 835 809 921 permiscent
833 854 908 901 cum
938 836 1019 915 illis,
1046 836 1101 905 ulti
1118 838 1242 927 duplex
1264 860 1340 930 pro·

144 944 225 1009 lasis
249 962 305 1028 per
336 941 394 1021 μέν
419 948 451 1007 et
480 940 512 1005 δι’
540 940 683 1025 opposita
717 941 749 1004 iu
787 948 924 1027 utraque
954 940 1083 1029 apodesi
1113 943 1265 1013 additum
1297 946 1340 1015 ala

145 1049 293 1134 requirit.

190 1154 257 1219 Non
282 1159 331 1218 est
354 1152 452 1217 Attici
479 1152 593 1216 nitoris
617 1152 650 1215 iu
676 1154 694 1236 S
719 1156 770 1217 15.
802 1154 850 1225 τίς
873 1154 937 1221 den
958 1152 1035 1219 οὕτω
1058 1155 1152 1231 δεινὸς
1175 1158 1340 1247 [λίγειν],

65 1250 70 1262 ’
143 1260 201 1329 ates
226 1285 260 1325 σε
285 1267 391 1324 σεῖσαι
413 1257 531 1335 λέγων,
554 1265 620 1320 tam
644 1256 815 1322 invenuste
834 1256 939 1336 λέγειν
960 1267 994 1325 et
1013 1260 1115 1340 λέγον
1136 1264 1337 1332 consociare.

144 1364 298 1431 Additum
330 1364 432 1439 λέγων
458 1360 533 1427 lacit
566 1370 601 1425 ut
623 1360 729 1440 λέγειν
757 1362 801 1427 sit
831 1363 969 1429 otiosum
1000 1372 1034 1431 et
1059 1365 1251 1453 inelegans,
1281 1389 1338 1457 po

145 1472 273 1555 luitque
297 1466 449 1532 facillime
471 1486 490 1532 a
513 1465 611 1532 sciolo
635 1465 796 1545 adscribi,
827 1469 883 1553 qui
904 1470 998 1543 δεινάς
1021 1470 1125 1539 solum
1153 1492 1217 1539 nou
1243 1483 1339 1563 puta·

144 1577 228 1642 verit
248 1593 318 1640 essa
342 1572 431 1639 satis.

192 1680 231 1745 llt
255 1677 348 1743 modo
371 1676 410 1742 νίν
430 1677 648 1743 necessarium
673 1679 894 1745 revocavimus
914 1679 961 1745 sic
981 1679 1065 1748 male
1089 1680 1263 1751 abundans
1284 1705 1337 1753 ex·

145 1783 327 1873 pellendum
351 1792 402 1849 cst
424 1782 464 1847 ll.
490 1802 519 1846 ι.
546 1784 597 1847 18.
629 1782 719 1848 ἑλλοὶ
742 1784 862 1865 χωρίων
892 1785 1068 1860 ἐπιτηδείων
1103 1789 1177 1867 ὑμῖν
1201 1790 1338 1859 extrito·

144 1894 214 1958 σίοιι
237 1892 360 1970 ἀπορεῖν
383 1886 452 1976 [ἄν]
478 1912 523 1954 σοι
547 1888 710 1964 dcundum
745 1888 859 1955 Nullus
887 1898 937 1955 est
958 1889 1011 1957 hic
1031 1892 1214 1979 particulae
1234 1894 1334 1965 lucus.

143 1998 211 2064 Nou
236 1996 336 2061 sumit
369 1994 429 2060 hoc
460 1992 690 2079 Tissaphernes
721 2003 778 2059 aut
806 1993 977 2080 cogitando
996 1996 1090 2083 lingit
1112 2000 1168 2065 οὐκ
1193 2000 1236 2068 ἂν
1258 2004 1335 2069 ὦσι·

144 2108 286 2185 polanae,
319 2098 374 2166 sed
400 2098 431 2165 id
456 2096 540 2185 quud
569 2118 621 2163 res
652 2107 700 2164 est
729 2098 831 2176 dicit,
862 2099 898 2165 οὔ
920 2106 1015 2183 φησιν
1038 2105 1182 2185 eropon,
1207 2113 1242 2173 cl
1264 2106 1334 2175 cius

145 2211 191 2275 rei
216 2208 340 2293 copiam
369 2214 401 2271 et
429 2203 613 2269 facultatem
640 2224 702 2268 nou
727 2224 793 2269 esse
821 2226 912 2290 possa
934 2217 1166 2275 commemorat
1189 2208 1255 2277 silai
1278 2220 1333 2277 aut

143 2319 232 2402 sore,
257 2310 311 2378 sed
336 2332 401 2377 esse
423 2307 572 2375 affirmat.

190 2420 224 2483 lu
250 2422 268 2503 §
291 2421 346 2482 at.
372 2414 451 2480 mihi
474 2432 601 2499 qnoque
624 2410 829 2479 uehementer
851 2413 955 2499 placet
979 2416 1142 2486 Schaelcri
1166 2420 1330 2489 coniectu·

144 2545 178 2590 ra
214 2525 303 2595 δῆλοι
327 2518 360 2595 ἦν
383 2519 466 2585 σοίνν
488 2522 621 2600 φιλικῶς
645 2517 777 2598 οἰόμενοι
806 2519 976 2588 διοικεῖσθαι
1005 2525 1091 2607 adr&
1111 2526 1328 2609 Τισσαφέρνην

144 2650 201 2716 pro
224 2629 393 2694 διοικεῖσίοιι
417 2626 459 2705 τῷ
486 2624 716 2706 Τισσαφέρνει,
740 2643 823 2711 quac
846 2623 941 2693 lectio
965 2629 1066 2696 risum
1088 2640 1217 2708 mutel,
1242 2650 1327 2699 naut·

143 2754 206 2821 que
230 2737 360 2815 φιλικῶς
384 2727 537 2795 inecaret
563 2748 624 2792 nou
651 2730 707 2813 qui
739 2729 905 2817 ιίιῗίιρίιον,
936 2732 992 2799 sed
1014 2736 1069 2821 qui
1093 2734 1235 2805 alterum
1258 2738 1326 2805 dili·

142 2842 202 2927 ριί,
235 2832 504 2926 quemadmodum
536 2835 650 2915 ἐχθρῶς
675 2842 707 2899 et
737 2836 905 2918 ἀλλοτρίως
934 2839 1127 2920 διοικεῖσθαι,
1162 2862 1228 2909 nou
1260 2843 1326 2911 odia

143 2967 209 3013 aroc
237 2943 291 3011 sed
325 2942 424 3008 odisse
447 2938 619 3024 siguificat.
667 2937 720 3005 Sic
754 2942 868 3017 οἰκείως
901 2945 1073 3013 διοικεῖσθαι
1108 2948 1243 3035 ponitur
1272 2968 1326 3037 prn

142 3061 274 3136 φιλεῖν,
305 3068 366 3114 uon
398 3066 455 3133 pru
488 3046 671 3127 φιλοῖσίοιι,
703 3044 757 3111 sed
790 3046 904 3122 οἰκείως
936 3049 1022 3133 ἔχειν
1056 3052 1324 3138 quemadmodum

143 3161 235 3242 φίλον
270 3152 346 3220 είνοιι
382 3151 564 3239 promiscue
596 3148 717 3216 dicitur
752 3150 805 3217 ἐπί
830 3177 865 3217 σε
901 3160 956 3220 τοῦ
990 3162 1155 3239 φιλοῦντος
1189 3160 1243 3227 nal
1275 3164 1324 3227 aad

142 3261 340 3347 φιλουμένου.
389 3256 517 3322 Passive
549 3254 634 3342 apud
665 3255 912 3324 Demosthenem
941 3257 1029 3327 Orat.
1052 3261 1093 3328 ll.
1120 3266 1173 3329 sa.
1226 3262 1326 3343 utrm,

143 3368 271 3453 inquit,
295 3363 466 3429 Persarum
488 3382 594 3448 rapam
618 3361 728 3427 Graeci
748 3382 853 3427 omues
876 3363 1027 3430 oderant:
1051 3373 1101 3433 νῦν
1125 3368 1324 3439 δὲ-ιῖσιισι

142 3483 206 3545 τοῖς
227 3472 379 3544 Ἕλλησιν
403 3468 515 3539 οἰκείως
540 3466 618 3548 ἔχει.
667 3466 748 3532 Hinc
770 3466 982 3553 Theophrasti
1003 3469 1093 3537 locus
1124 3475 1256 3543 restitui
1275 3496 1325 3563 pn·
1341 3508 1374 3525 ·-

142 3578 220 3643 terit
244 3577 275 3640 in
301 3572 462 3640 Charactt.
489 3571 612 3649 xxiv,
646 3569 699 3636 uhi
727 3573 758 3637 iu
793 3575 914 3658 optimo
946 3574 1091 3643 Palatino
1122 3578 1240 3649 (iudice
1260 3588 1374 3649 calz:

141 3683 234 3755 δεινὸς
257 3680 363 3759 λέγειν
393 3679 431 3750 ὡς
459 3701 564 3755 μενοι
599 3675 794 3759 εὐοίνδρον
827 3679 901 3767 (sict
937 3682 1148 3763 εὀροισιίσοιτο
1179 3686 1249 3754 ani
1279 3688 1374 3759 ιίιτ.

141 3790 225 3869 αὐτῷ
249 3782 353 3868 εἶχεν,
388 3780 444 3847 sed
475 3782 642 3868 scripsisse
679 3781 935 3870 Theophrastum
965 3790 1133 3874 suspicor:
1164 3794 1206 3865 ως
1238 3790 1371 3871 μεθ’

141 3890 412 3970 Ἀλεξάνδρου
434 3888 643 3969 ἕςροισεύσοιτο
667 3888 719 3953 zat
743 3892 901 3964 οίκείως
926 3894 1011 3974 adrui
1034 3890 1135 3975 εἶχεν.

187 4001 223 4065 ln
247 3994 347 4063 Anah.
371 3993 411 4059 ll.
436 4014 464 4056 ι.
490 3998 543 4058 55.
580 4013 636 4078 pro
660 3996 851 4076 ἠμφιγνόοον
875 3997 1120 4066 rescribendum
1151 4008 1202 4069 est
1225 4006 1373 4089 lupa·-

138 4106 262 4184 γνίοον,
287 4101 333 4166 sic
353 4099 456 4174 enim,
478 4098 575 4164 sicuti
600 4107 632 4164 et
647 4102 888 4182 ἠμφεσβήτουν,
909 4112 1095 4171 constanter
1111 4104 1373 4175 Athenienses&

55 4254 56 4259 κ
139 4208 282 4274 solebant
317 4203 446 4281 dicore,
478 4202 533 4269 sed
566 4202 758 4271 scribaeiu
793 4206 856 4272 illis
889 4208 1086 4295 refingeudis
1114 4214 1321 4301 conspirant,
1348 4254 1373 4275 .

138 4308 409 4398 quemadmodum
438 4318 470 4374 ot
499 4311 529 4373 in
567 4310 758 4387 ἠντεδίκοον,
793 4312 877 4398 qrrod
912 4316 944 4379 in
970 4316 1135 4389 ἡντιδίιονν
1166 4316 1208 4385 ιΙιι
1239 4328 1373 4387 morse
