2940 5010
714 311 778 373 obn
886 368 890 376 .

148 478 217 571 [ὅτι
241 483 358 550 Βοιωτοί
393 480 477 563 μίνοι
509 480 663 565 ἐγένοντο]
689 484 864 566 πορίρῦντες
894 480 949 555 τὴν
983 479 1127 547 Βοιωτίων
1156 482 1329 565 φοβοῦνται

142 588 193 669 μίν
216 589 335 659 Βοιωτοὶ
362 587 493 672 δριίσωσι
522 589 577 664 τὴν
600 590 758 666 Ἀττικήν.
807 590 895 669 Quae
917 583 1013 652 rerba
1041 585 1234 652 removenda
1260 605 1331 652 csse

144 712 318 762 mosomus
330 714 392 761 uon
406 700 532 760 tautum
555 691 723 779 pueriliter
744 691 926 768 abundent,
949 689 1006 756 scd
1026 691 1204 758 sententiae
1222 699 1333 779 aperte

144 796 372 868 adversantur.
419 799 490 866 ttici
513 805 638 885 poterat
664 797 757 864 ὁπίτε
780 794 960 877 σνμροοίχον
983 796 1085 878 ε’ρῆροοι
1109 791 1168 863 εἶεν
1189 802 1247 862 aut
1272 795 1332 862 hu-

146 904 291 973 iuamodi
313 903 413 992 quid,
445 902 501 970 set
524 899 576 970 ὅτε
608 903 692 984 elon
728 903 865 983 ἐγένοντο
897 900 937 968 tle
959 923 1022 967 ooo
1053 910 1141 968 certa
1168 901 1335 968 occasione

146 1006 274 1077 (lictum
307 1030 376 1078 esse
399 1016 550 1097 apparet:
583 1009 669 1096 quob
690 1007 860 1075 manifesto
888 1014 979 1073 esta
1007 1005 1141 1074 Periclis
1174 1007 1335 1075 sententia

150 1112 305 1183 alienum.
339 1114 509 1182 Praeterea
529 1119 580 1180 νῦν
602 1116 750 1202 requiro,
768 1117 795 1181 οί
814 1112 954 1197 πρότερον
977 1115 1152 1196 πορθοῦντες
1171 1116 1227 1190 τίον
1248 1124 1336 1180 Βοιω·

145 1221 220 1289 τίαν
245 1221 321 1313 (νῦν)
346 1222 517 1306 Φοβοῦντονι
541 1221 609 1286 xri.

205 1323 298 1393 Ferri
321 1345 384 1392 non
408 1333 511 1412 potest
534 1325 579 1396 ἔτ’
600 1323 639 1391 ἄν
663 1326 696 1390 in
720 1324 776 1393 111.
800 1345 828 1391 v.
853 1329 885 1393 6.
917 1325 961 1397 ἔς·
985 1325 1024 1394 ἂν
1046 1326 1078 1392 δὲ
1106 1325 1125 1404 ἢ
1153 1323 1337 1406 eruptioni

149 1430 320 1511 πολεμίους
352 1431 498 1499 δείσωσιν.
546 1429 771 1498 llevocautlum
806 1438 856 1498 est
888 1428 964 1498 ίτων
987 1431 1019 1498 δέ
1054 1450 1094 1497 ex
1122 1427 1195 1496 aliis
1225 1426 1339 1506 libris,

151 1534 240 1623 quod
256 1536 354 1603 etiam
367 1537 437 1603 sino
449 1534 541 1602 libris
554 1537 623 1622 ipsa
646 1535 806 1603 sententia
824 1535 1005 1622 postulante
1026 1534 1246 1624 reponendum
1261 1531 1339 1602 iuis·

150 1646 213 1709 acb
259 1640 372 1710 ileliur
395 1640 560 1709 revocabis
583 1641 628 1712 ἔτ’
651 1638 690 1707 ev
715 1642 748 1706 in
770 1639 935 1728 Sophoclis
958 1641 1137 1710 Philocteta
1160 1659 1206 1706 vs.
1230 1643 1337 1716 1350,

155 1744 214 1815 ubi
235 1765 276 1815 ex
300 1744 394 1813 libris
416 1745 544 1817 editur:

696 1853 735 1927 ὥς
758 1850 798 1917 ἂν
821 1851 914 1925 οὗτος
938 1848 1020 1928 ἥλιος

290 1957 393 2042 vairp
414 1957 472 2038 μὲν
495 1955 585 2040 cipp,
608 1956 681 2041 τῇδε
705 1956 732 2022 δ’
754 1953 796 2024 οὗ
819 1956 891 2041 δυ’νρ
913 1955 1030 2035 τοίλιν,

153 2059 213 2129 oet
235 2061 356 2149 optime
377 2061 423 2132 ἔτ’
445 2060 485 2127 ἄν
514 2061 654 2128 correxit
683 2061 887 2141 Brunchius,
922 2081 1019 2148 quem
1051 2078 1147 2127 nemo
1181 2060 1340 2145 sequitur.

153 2166 193 2235 lu
223 2165 374 2235 Herodoti
404 2166 491 2244 loco,
525 2185 622 2253 quem
656 2175 692 2232 ut
722 2166 801 2233 alios
825 2165 933 2254 plures
965 2163 1112 2254 Sophocli
1135 2163 1340 2232 obuersatum

153 2290 227 2341 uso
254 2273 423 2360 suspicor,
447 2271 530 2338 Vlll.
558 2277 632 2339 145.
657 2269 702 2342 ἔτ’
728 2270 768 2338 ἂν
797 2269 917 2349 lintre
947 2274 1003 2348 rio
1031 2271 1129 2346 οιῦτίιν
1155 2271 1219 2337 ὁδον
1240 2269 1269 2356 ip
1297 2280 1337 2354 τῇ

152 2400 212 2462 περ
232 2377 284 2445 κοί
308 2383 360 2444 νῦν
382 2376 528 2460 ἔρχεται,
559 2396 617 2464 pro
638 2385 678 2462 τῇ
707 2401 764 2460 περ
788 2375 1023 2444 emendandum
1057 2395 1128 2444 esse
1149 2377 1263 2458 τήνπερ
1288 2396 1338 2443 ar·

153 2480 269 2549 bitror.

212 2587 314 2655 vitiat
344 2587 537 2654 sententiam
574 2584 732 2653 articulus
766 2606 915 2674 perverse
950 2585 1080 2654 additus
1109 2586 1166 2655 111.
1191 2607 1220 2655 v.
1246 2593 1277 2655 8.
1313 2589 1340 2655 εί

151 2696 211 2777 μίν
229 2691 425 2774 ίβονλίμείοο
450 2690 624 2774 χρημάτων
648 2693 760 2765 αὐτοὺς
781 2690 819 2758 ὧν
847 2692 900 2781 [οἱ]
936 2691 1028 2759 ἄλλοι
1063 2688 1150 2776 είχον
1173 2694 1341 2759 οίντιπονεί-

151 2802 235 2869 σίοιι.
281 2797 441 2884 Cogitanti
463 2797 521 2865 tibi
545 2817 609 2884 quo
640 2817 735 2864 sensu
756 2799 782 2862 oi
807 2795 898 2863 aitte
922 2796 1051 2864 dicatur
1071 2796 1177 2863 ridere
1208 2795 1339 2863 subibit.

161 2942 164 2947 -
200 2904 304 2971 Vetus
334 2901 517 2988 corruptela
542 2901 665 2969 dudum
689 2922 708 2969 a
732 2900 927 2968 Schneidero
963 2900 1119 2988 deprensa
1152 2899 1258 2967 atlhuc
1292 2903 1339 2967 in·

154 3009 271 3099 quinat
305 3007 411 3074 locum
436 3009 468 3073 in
502 3008 596 3074 Mem.
619 3006 676 3074 ltt.
701 3026 731 3073 v.
758 3009 788 3071 9.
822 3008 848 3072 εί
879 3005 951 3080 τούς
973 3031 1014 3086 γε
1046 3005 1279 3082 παλαιοτάτους
1300 3004 1340 3073 ὧν

152 3115 306 3193 ἀκούομεν
335 3113 497 3196 προγόνους
534 3115 634 3178 οὔτῶν
664 3113 952 3191 οὶνοιροιμννίσκοιροεν
984 3113 1096 3186 αὐτοὺς
1136 3110 1339 3200 [deuncem]

153 3221 276 3305 δρίςονο
300 3219 473 3300 γενονέναι.
522 3215 687 3305 Optimum
722 3216 810 3282 lactu
835 3225 883 3282 est
907 3214 1077 3283 molestum
1106 3225 1139 3283 et
1161 3215 1340 3284 absurdum

154 3326 365 3415 perticipium
386 3321 580 3391 Schneidero
598 3321 854 3408 obtemperantes
878 3340 1032 3388 resecare.
1082 3319 1115 3388 Si
1134 3322 1262 3407 quaeris
1282 3342 1340 3388 un·

153 3430 197 3499 tle
218 3439 332 3497 natum
355 3437 485 3516 putem,
520 3429 666 3515 suspicor
688 3427 840 3507 οὶκοιίνμεν
864 3426 1012 3494 elicuisse
1035 3425 1175 3514 glossam
1204 3428 1339 3503 οὶκνκίω·

153 3560 237 3621 μιν,
271 3554 406 3621 eamque
437 3532 539 3600 torma
572 3533 688 3599 vicinis
720 3531 958 3599 accommodata
996 3532 1177 3599 insinuasse
1205 3552 1275 3599 sese
1305 3533 1340 3600 iu

155 3640 296 3713 alienam
322 3638 440 3707 sedem.

200 3746 239 3815 lu
268 3748 362 3832 §ab
394 3741 460 3811 οὐδέ
491 3741 629 3828 intelligi
662 3762 725 3809 non
753 3751 857 3831 potest
880 3751 913 3810 et
936 3740 1184 3828 corrigendum:
1209 3746 1242 3810 oi
1266 3759 1340 3810 ιον·

155 3851 257 3926 Morte
280 3875 322 3931 ροε
344 3847 391 3916 ὅτι
412 3851 481 3915 οὐκ
507 3849 639 3927 οἰόμενος
658 3885 704 3900 -
726 3852 802 3915 ἀλλ’
826 3850 975 3931 ἐγχειρῶν
999 3871 1040 3928 με
1063 3847 1215 3915 διδάσκειν
1239 3851 1306 3915 κτὲ.

201 3954 355 4025 retiner
388 3953 570 4021 emendavit
594 3952 797 4039 hirschigius
826 3953 932 4019 locum
951 3952 1006 4022 lll.
1030 3973 1072 4019 ιι.
1097 3957 1128 4019 8.
1160 3952 1215 4019 ε’ίιν
1236 3955 1293 4033 μὲν
1323 3955 1340 4029 ἡ

156 4070 215 4141 τῆς
235 4060 354 4134 πίλεως
380 4057 534 4148 (δύναμις)
562 4059 704 4141 κρείττων
726 4058 766 4141 ᾖ,
793 4097 837 4108 -
858 4058 913 4124 ε’ίιν
937 4059 968 4125 δὲ
1001 4056 1130 4135 ἥττων
1156 4065 1232 4124 τῶν
1255 4060 1342 4123 ἕνον-

155 4168 240 4237 τίινν.
273 4168 347 4253 quis
381 4165 468 4231 enirn
494 4164 678 4231 admonitus
702 4183 765 4229 non
789 4163 888 4232 sentit
911 4163 965 4229 ἐδιν
989 4164 1020 4230 δὲ
1045 4166 1062 4241 ἡ
1094 4171 1170 4231 τῶν
1198 4163 1342 4230 ἐνωντίων

157 4292 230 4342 ease
251 4269 470 4359 Xenophontis
494 4270 647 4338 manum?

205 4376 363 4466 Suspecta
398 4374 479 4443 mihi
511 4386 587 4445 sunt
615 4377 712 4447 verba
749 4395 831 4463 qttoe
861 4375 1014 4462 leguntur
1039 4373 1093 4444 tlt.
1117 4395 1159 4442 νι.
1185 4379 1216 4443 7.
1246 4375 1279 4442 τί
1311 4375 1342 4442 δὲ

1068 4485 1094 4524 n
1110 4481 1124 4511 ι
