2940 5010
681 318 744 381 tos

122 487 322 574 νοιιιφάνται
344 486 532 571 ἀτιμάζεινῖ
580 486 666 554 Nihil
692 495 762 554 erat
791 488 824 553 in
852 486 1062 573 nequissimis
1093 486 1309 557 nebulonibus

122 594 209 683 qnod
232 603 340 682 posset
366 594 585 675 ἀτιμάζεσθσι.
634 594 701 659 lmo
723 613 797 660 vero
820 591 1001 659 calumniae
1024 590 1193 660 damnatos
1222 595 1309 683 inso-

122 700 190 767 nn‘o
213 700 315 766 notari
337 709 476 785 oportere
499 699 645 776 dixerat,
678 707 715 765 ut
737 698 869 786 posthac
893 699 1055 765 neminem
1088 698 1188 765 alium
1216 719 1307 786 prae-

124 812 177 873 ter
197 803 344 871 fortunus
370 825 445 871 suas
474 824 627 871 accusare
651 815 797 891 possent:
823 807 931 890 itaque
962 805 1132 883 ἀσιμιιτέον
1157 807 1309 872 isocratis

122 928 241 977 monus
269 919 327 976 est.
382 910 498 976 Contra
522 910 607 997 apud
641 909 776 976 eundern
811 911 971 976 rhetorem
1008 908 1139 974 verbum
1175 912 1307 990 ἀτιμοῦν

123 1014 304 1083 mitorum
340 1016 484 1081 socordia
509 1015 710 1102 ineptissime
742 1015 861 1100 legitur
885 1017 916 1080 in
942 1014 1088 1100 Philippo
1120 1018 1226 1099 §642
1261 1016 1309 1089 τιί

122 1118 165 1188 ὃν
186 1119 404 1202 προσεδόκησεν
429 1124 481 1187 ὑπ’
510 1124 614 1202 ἀνδρὸς
638 1119 714 1186 οὕτω
748 1127 899 1193 ταπεινῶς
930 1118 1103 1202 πράξαντος
1127 1122 1310 1204 ἀνατραφή-

123 1227 233 1293 tendor
265 1226 308 1292 τά
331 1236 387 1302 τής
412 1227 564 1300 ‘Entellus
596 1227 777 1307 πράγματα
801 1229 853 1293 καὶ
882 1228 943 1299 τοὶς
975 1227 1033 1304 μὲν
1061 1227 1310 1304 ἀτιμωθήσε·

123 1333 236 1410 edat,
258 1333 319 1406 τοὶς
342 1333 368 1397 δ’
393 1333 595 1399 ἐπιπολάσειν
618 1339 677 1398 τῶν
699 1334 883 1407 Ἐλληνίδων
916 1331 1052 1407 ortorum
1085 1331 1153 1397 Nou
1178 1342 1312 1418 possunt

122 1437 233 1511 tinore
265 1439 443 1512 Ἑλληνίδες
471 1439 669 1515 ἀτιμοῦσθαι.
726 1437 843 1502 Civitas
872 1439 940 1523 ι’ριιι
972 1438 1086 1522 cepitis
1119 1436 1310 1503 deminutio·

122 1560 201 1609 nom
224 1561 286 1607 non
312 1543 454 1628 potitur,
489 1543 572 1630 quod
606 1542 654 1608 vel
684 1540 774 1608 dictu
799 1541 975 1608 nhsurdum
1012 1551 1070 1608 est.
1118 1541 1203 1622 ocio
1232 1544 1310 1609 scri·

123 1647 231 1735 poerit
257 1646 377 1713 llhetor
400 1649 433 1713 in
464 1648 533 1714 loco
558 1648 604 1715 sic
636 1649 811 1734 composito
841 1668 905 1713 non
936 1658 985 1714 est
1015 1646 1055 1713 ed
1086 1649 1311 1734 reperiendum

124 1749 298 1821 otlmodum
319 1751 461 1820 difficile.
507 1754 628 1840 Nempe
647 1752 866 1840 quaerendum
886 1752 1019 1819 verbum
1044 1753 1195 1839 estquod
1218 1755 1314 1820 rerho

125 1857 327 1938 ἀπιτοιιάζειν
359 1859 402 1924 sit
434 1880 452 1925 e
482 1861 612 1944 regione
640 1859 832 1946 oppositum.
880 1858 1010 1924 Dixerat
1037 1859 1314 1940 &susceptricem

123 1964 170 2031 td
205 1963 408 2046 πρήγματα,
445 1966 553 2050 itaque
586 1964 628 2029 τά
660 1965 718 2042 μὲν
752 1963 813 2029 ἀνω
849 1962 934 2028 κάτον
966 1964 1172 2041 γενήσεσθαι,
1207 1966 1249 2029 τά
1282 1967 1313 2032 δὲ

126 2067 214 2136 drot
236 2068 315 2134 ἀνιο;
347 2068 618 2154 quemadmodum
643 2071 744 2154 igitur
770 2071 814 2134 τά
843 2068 928 2134 κάτοι
962 2066 1023 2133 ἀνοι
1056 2067 1210 2147 γενόμενα
1236 2073 1315 2137 seito

128 2172 284 2241 dicuntur
307 2176 530 2256 ἐπιποιιάζειν,
555 2174 882 2260 circumspiciendum
915 2181 963 2240 cst
984 2172 1062 2259 quid
1087 2173 1215 2241 dicotur
1247 2180 1313 2260 περὶ

129 2284 189 2347 τῶν
213 2278 273 2345 ἀνω
303 2281 388 2346 ιιάτω
412 2280 593 2359 γενομένων.
641 2279 797 2346 Videlicet
828 2299 865 2345 ea
894 2280 1110 2345 nanciscimini
1140 2279 1315 2362 dicuutur,

129 2391 392 2471 etoppoounluo
416 2387 501 2450 inter·
521 2405 555 2451 se
580 2386 697 2466 ῦψήλῦν
722 2384 816 2466 αἴρειν
840 2384 889 2450 vel
913 2385 1048 2464 ἐπαίρειν
1073 2394 1105 2449 et
1131 2393 1316 2468 ταπεινοῦν,

128 2495 168 2557 ot
189 2489 388 2571 ἐπιπολάζειν
415 2497 447 2554 et
476 2493 716 2566 ταπεινοῦσθαι,
750 2491 848 2556 veluti
870 2490 901 2554 iu
935 2488 1073 2572 eleganti
1097 2491 1316 2577 Xenophontis

128 2592 200 2661 loto
223 2595 394 2661 hlemnroh.
417 2594 471 2660 lll.
497 2617 525 2660 v.
551 2603 582 2662 4.
612 2596 932 2663 τεταπείνωται
947 2595 1003 2673 μὲν
1026 2598 1043 2669 ή
1068 2602 1126 2660 τῶν
1150 2597 1316 2673 Ἀθηναίων

129 2696 207 2777 trifon
229 2701 302 2781 πρὸς
326 2701 397 2773 τοὺς
422 2703 589 2777 Βοιωτούς,
623 2705 752 2783 ἐπήρται
778 2702 810 2767 δὲ
834 2701 868 2766 τῦ
900 2705 958 2765 τῦν
989 2701 1137 2779 Θηβαίων
1171 2705 1316 2785 φράνήμα

128 2805 204 2888 πρὸς
226 2806 297 2879 τοὺς
320 2808 507 2881 Ἀθηναίοις.
557 2808 669 2892 ltaque
694 2807 866 2872 lsocratem
891 2804 1058 2889 scripsisse
1081 2806 1239 2873 arbitror:
1265 2815 1316 2878 καὶ

130 2910 193 2985 τὰς
216 2912 274 2991 μὲν
298 2915 702 2990 τατεινιοάήσεσάαι,
727 2914 785 2984 τάς
815 2913 841 2975 δ’
865 2910 1066 2975 ε’πιποιιάσειν
1093 2919 1151 2977 τῶν
1180 2918 1321 2991 Ἐλληνί-

128 3016 187 3083 ἀνιν
217 3017 354 3094 πόλεων,
391 3017 475 3103 quod
509 3037 606 3102 utrem
643 3016 776 3103 proclivi
802 3034 911 3080 errore
945 3017 976 3078 in
1008 3025 1319 3085 ΑΤΕΙΜΩΘΗΣΕ-

131 3131 236 3189 ΣΘΑΙ
260 3121 349 3188 chire
373 3124 473 3208 possit
506 3143 608 3207 nupm
631 3121 672 3187 ad
704 3120 875 3209 Hyperidis
898 3120 991 3197 λόγον
1029 3122 1194 3203 ἐπιτάφισν
1223 3145 1319 3192 auno·

129 3228 211 3293 tovi.
257 3227 378 3292 lterum
412 3227 544 3293 verbum
579 3231 709 3306 ἀτιμοῦν
739 3229 848 3311 inepte
877 3224 997 3308 legitur
1020 3225 1104 3310 apud
1130 3230 1320 3297 Aeschinem

130 3333 168 3399 in
202 3330 425 3418 ctesiphonten
457 3336 474 3417 §
503 3337 587 3398 etl:
624 3334 676 3398 καὶ
711 3331 835 3413 πότερον
868 3336 974 3397 τοῦτον
1008 3334 1157 3409 τιμήσετε
1187 3336 1204 3412 ή
1238 3337 1320 3415 ὑμᾶς

132 3439 246 3511 αὐτοὺς
277 3440 497 3519 ἀτιμώσετε
530 3439 581 3504 καὶ
615 3440 685 3512 τοὺς
717 3439 790 3518 ῦπὲρ
815 3438 896 3514 ὑμῶν
927 3439 957 3501 ἕν
987 3447 1027 3520 τή
1051 3437 1146 3521 pugg
1175 3446 1322 3519 τελευτή·

132 3566 277 3619 σανταος
312 3543 471 3622 Dedecus,
507 3565 568 3611 nou
602 3544 753 3630 infamio,
788 3544 819 3604 in
852 3540 908 3605 leli
935 3559 971 3605 re
1000 3542 1105 3609 locum
1143 3544 1255 3624 habet,
1290 3559 1321 3615 et

129 3646 311 3728 ἀτιμάσετε
335 3651 453 3734 corrigi
478 3659 624 3736 oportere
649 3649 855 3735 perspicuum
892 3653 949 3711 est.
999 3646 1087 3726 Quod
1113 3658 1161 3714 est
1186 3653 1217 3716 in
1243 3673 1320 3739 que·

132 3761 209 3821 tuor
232 3753 324 3819 libris
347 3755 478 3839 optimis
506 3758 716 3837 ἀτιμωρήτους
740 3752 851 3817 itinere
876 3771 934 3836 pto
965 3752 1140 3829 ἀτιμώσετε
1173 3757 1219 3822 sic
1253 3778 1321 3825 esse

134 3868 248 3926 natum
275 3861 441 3945 suspicor:
473 3880 573 3946 quum
599 3871 680 3927 esset
716 3859 828 3924 vitiose
863 3858 1019 3943 scriptum
1054 3869 1319 3929 ΑΤΙΜΩΣΕΤΕ

133 3984 153 4031 ιι
178 3971 360 4031 correctore
383 3985 480 4051 supra
507 3967 664 4054 scripturn
698 3975 747 4033 est
772 3974 937 4041 ΑΣΕΤΕ,
971 3973 1007 4029 ut
1030 3984 1106 4030 vera
1137 3965 1232 4031 lectio
1254 3971 1322 4035 ἀτι·

133 4068 257 4149 μάσετε
283 4071 315 4135 iu
341 4090 399 4137 sun
422 4071 496 4137 sede
520 4081 752 4158 reponeretur,
788 4070 841 4136 sed
874 4074 1048 4135 oscitanter
1080 4071 1216 4137 condeta
1243 4076 1321 4139 scri-

129 4184 228 4263 ptura
253 4174 373 4261 duplici
397 4186 429 4242 et
462 4177 609 4244 vocabulo
645 4179 719 4244 hone
745 4179 861 4243 Graeco
884 4196 941 4261 pro
967 4180 1321 4246 ΑΤΙΜΩΣΕΤὲἀσετε

133 4290 264 4368 reperto
287 4291 399 4349 notum
422 4291 471 4349 est
489 4286 700 4366 ἀτιμωρήτους
725 4283 854 4361 ἐάσετε,
879 4280 962 4366 quod
984 4300 1081 4346 seusu
1104 4302 1240 4349 vacuum
1262 4296 1323 4351 est.

134 4386 225 4469 Quod
252 4407 336 4455 unus
360 4386 459 4467 liber,
483 4409 560 4457 casu
585 4388 720 4458 tortasse
743 4391 774 4455 in
805 4398 869 4454 tam
892 4387 1003 4453 crebra
1034 4386 1242 4468 contusione,
1266 4391 1324 4457 oh-
