2940 5010
701 262 764 321 ‹547›

136 447 190 507 cst
220 436 327 504 verbis
356 434 488 522 parasiti
520 432 604 519 opud
637 432 867 500 Nicomachum
898 432 1025 501 Stohnei
1052 432 1161 509 uteru.
1180 436 1263 503 er.
1290 444 1320 503 7.

139 562 190 609 vs.
208 547 263 610 11.

637 643 747 711 τοίντα
770 644 834 727 γοίρ
857 643 985 726 τρθοεςί
1006 668 1058 723 μοι

320 746 438 832 ίαατερ
461 750 545 833 ἔχειν
565 748 739 832 τοίλλίτρια
762 751 814 817 τὸν
836 750 1017 818 δειπνοῦντα
1039 750 1106 829 δεῖ,

139 854 199 925 nbi
238 854 364 923 duobus
395 856 501 923 verbis
539 855 741 942 transpositis
775 855 947 941 legendum
981 864 1031 924 est
1064 859 1117 924 rio
1151 856 1325 940 τοίλλθτρια

139 964 324 1031 δειπνοῦντα
344 962 401 1029 δεῖ.

186 1066 279 1151 Quod
301 1066 382 1133 dicit
403 1065 578 1152 Xenophon
597 1066 651 1131 ili.
677 1072 708 1131 4.
731 1068 816 1146 λέγω
840 1069 912 1147 ὑμῖν
936 1068 989 1149 ἐφ’
1011 1062 1033 1150 ᾧ
1053 1066 1182 1148 μέγιςον
1205 1073 1324 1150 φρονῶ,

140 1180 177 1243 et
209 1172 359 1240 similiter
392 1172 482 1251 μέγα
508 1179 628 1255 φρονεῖν
660 1173 713 1239 εἰτί
735 1198 792 1240 τινι
817 1183 849 1239 et
882 1172 1011 1254 μίγιςον
1042 1179 1161 1257 φρονεῖν
1185 1176 1327 1241 recurrit

142 1280 232 1367 so,
256 1283 358 1359 7,8,
383 1282 420 1356 9,
446 1283 507 1355 10,
533 1284 597 1358 11,
625 1282 683 1357 tn,
717 1288 749 1345 et
775 1278 884 1344 eodem
920 1299 1016 1345 sensu
1053 1282 1153 1364 §¹4-
1185 1280 1236 1347 ἐπὶ
1264 1282 1325 1347 τίνι

141 1382 269 1467 μιίλιεα
299 1383 467 1463 οίγοίλλεις
500 1392 533 1449 et
566 1386 686 1470 passim
717 1404 827 1449 onrrres
861 1382 970 1451 eodem
1004 1383 1097 1450 modo
1127 1384 1326 1471 loquuntur,

140 1492 280 1579 pessime
310 1489 519 1577 depravatum
555 1497 605 1556 est
634 1488 718 1577 apud
753 1490 943 1556 Aeschinem
972 1488 1012 1557 dc
1045 1490 1081 1555 1⁴¹.
1106 1489 1139 1555 h.
1166 1494 1184 1577 §
1213 1493 1325 1559 ttici

139 1594 306 1679 Βυζάντιος
327 1597 451 1676 Πύθων,
474 1594 626 1677 οίνθριοτος
650 1596 740 1677 περὶ
765 1598 808 1663 τὸ
836 1596 971 1679 γροίφειν
995 1594 1108 1674 λίγους
1137 1598 1226 1676 μέγα
1253 1605 1328 1681 φρο-

141 1706 219 1777 νῦν,
250 1719 353 1787 neque
386 1699 451 1765 ulia
483 1720 553 1768 esse
577 1711 680 1787 potest
711 1700 869 1768 dubitatio
901 1704 978 1787 quin
1012 1701 1073 1767 ἰτὶ
1109 1705 1158 1784 τῷ
1191 1702 1328 1787 γροίφειν

142 1802 261 1873 Orator
282 1804 471 1892 scripserit,
494 1806 580 1892 quod
603 1806 680 1872 oiim
705 1826 724 1872 a
748 1807 865 1871 Woitio
888 1805 1148 1873 ennnnendatum
1180 1807 1328 1876 Editores

141 1908 368 1997 repudiarunt.
414 1910 515 1989 Μέγα
537 1918 658 1994 φρονεῖν
691 1911 771 1979 soiet
794 1913 827 1977 iu
851 1919 1097 1995 μεγαλοφρονεῖν
1122 1932 1141 1978 a
1163 1912 1329 1981 Graeculis

139 2012 312 2105 depravari
324 2064 334 2093 ,
365 2021 402 2081 ui
435 2015 539 2097 μεῖζον
571 2023 691 2100 φρονεῖν
717 2018 748 2082 ίιι
774 2018 869 2100 μείζω
897 2025 1038 2101 φρονεῖν,
1069 2026 1102 2085 ct
1123 2025 1243 2102 φρονεῖν
1272 2020 1328 2100 μθ·

140 2143 232 2201 γιςον
260 2140 355 2207 saepe
389 2121 610 2207 corrumpitur
633 2124 667 2187 in
687 2129 807 2206 φρονεῖν
839 2123 961 2203 μίγιςα
989 2131 1021 2189 et
1048 2130 1168 2208 φρονεῖν
1190 2126 1327 2205 μοίλιςα.

140 2224 179 2293 ln
213 2224 324 2315 Symp.
347 2224 403 2291 lii.
430 2230 462 2292 9.
497 2225 547 2292 ε’τί
585 2228 678 2312 πενία
715 2229 824 2308 μέγα
863 2235 991 2313 φρονῶ
1027 2249 1121 2295 nemo
1156 2230 1329 2299 mirabitur

141 2328 319 2401 Stnbacum
342 2338 568 2415 μεγαλοφρονοῖ
604 2333 737 2413 afferre,
761 2334 845 2421 qnod
870 2354 964 2401 nemo
985 2334 1132 2422 probabit
1155 2344 1266 2422 utpote
1288 2357 1327 2404 ex

139 2438 328 2525 aequiorum
363 2441 505 2525 ουνκθείρ
541 2450 719 2527 arreptum.
765 2440 830 2507 Cur
852 2441 954 2527 igitur
977 2441 1178 2508 servabimus
1205 2444 1237 2508 in
1261 2442 1327 2509 iso-

141 2542 244 2611 cratis
266 2542 490 2630 Areopagitico
525 2548 620 2631 §hh
654 2548 725 2622 τοὺς
749 2547 908 2629 ἐλευθέρως
939 2548 1163 2630 τεθραμμένους
1188 2549 1241 2614 καί
1263 2572 1328 2628 με·

140 2654 417 2731 γαλοφρονεῖν
437 2652 641 2730 είθιομίνονς,
666 2673 765 2739 quum
786 2654 875 2734 μίγα
887 2660 1007 2736 φρονεῖν
1020 2652 1060 2717 ab
1079 2656 1147 2740 ipso
1168 2656 1328 2741 scriptum

141 2772 213 2823 ense
246 2764 417 2841 appareat,
452 2758 721 2843 quemadmodum
748 2760 779 2824 in
814 2763 919 2846 §75,
951 2758 1005 2825 uhi
1027 2767 1273 2844 μεγαλοφρονεῖν
1295 2761 1328 2826 in

140 2858 237 2928 libris
268 2860 419 2927 omnihus
454 2862 574 2949 iegitur
609 2873 835 2951 praeterquam
868 2865 901 2928 in
938 2863 1111 2941 Urhinatc‚
1146 2867 1203 2951 qui
1241 2865 1329 2934 solus

140 2964 233 3047 μίγα
265 2972 388 3047 φρονεῖν
423 2968 573 3033 servavit.
632 2968 836 3035 Marriiestum
873 2969 989 3034 vitium
1027 2988 1066 3036 ex
1102 2968 1328 3039 Demosthenis

143 3070 235 3141 Orat.
256 3071 399 3138 XXVltl.
425 3076 456 3139 t.
488 3070 618 3150 ἐλέγξαι
650 3074 836 3155 τειροίοομαι
861 3080 975 3154 πρῶτον
1004 3074 1057 3158 ἐφ’
1081 3070 1103 3157 ᾧ
1127 3080 1234 3158 φρονεῖ
1258 3076 1329 3155 μοί·

140 3192 261 3255 λιτα,
286 3178 333 3245 sic
363 3176 436 3244 tolie
461 3185 497 3244 ut
517 3177 676 3243 rescribas
698 3185 805 3261 φρονεῖ
825 3177 967 3256 μέγιςον.

198 3280 304 3351 verba
333 3282 553 3370 Xenophontis
574 3282 629 3348 ill.
656 3288 709 3347 11.
743 3284 966 3358 dannomine
997 3286 1012 3347 θ
1043 3283 1205 3367 ὑποκριτὴς
1240 3287 1328 3369 derep-

142 3388 330 3471 σεμνιίνεται
363 3386 410 3455 ὅτι
445 3389 575 3456 δύναται
606 3390 741 3463 πολλοὺς
769 3390 935 3461 κλαίοντας
962 3388 1143 3479 (κλάοντας)
1177 3391 1329 3474 καθίζειν,

143 3494 318 3563 admonent
342 3514 394 3560 me
418 3493 479 3560 loci
505 3495 650 3578 corrupti
676 3494 709 3559 in
735 3493 932 3582 Cyropaedia
954 3494 994 3558 li.
1020 3516 1053 3559 ιι.
1084 3500 1133 3563 tt.
1158 3502 1212 3564 τοῦ
1237 3497 1330 3565 xtd-

142 3624 202 3667 ειν
235 3600 408 3682 καθίζοντος
431 3600 502 3673 τοὺς
526 3600 637 3682 φίλους
661 3636 707 3650 -
730 3599 837 3679 ἔμοιγε
861 3601 945 3666 δοκεῖ
968 3599 1131 3674 ἐλοίττονος
1166 3602 1242 3679 ἄξια
1265 3603 1329 3670 δια·

143 3704 337 3789 τροίττεοθαι
356 3706 371 3771 θ
391 3705 519 3783 γθλοιτα
538 3707 644 3778 αὐτοῖς
663 3708 902 3787 μηχανώμενος,
929 3705 982 3771 uhi
1008 3706 1136 3791 requiro
1158 3715 1212 3773 τοῦ
1235 3707 1331 3774 κλοί·

143 3834 262 3885 οντας
292 3810 484 3891 καθίζοντος,
518 3819 553 3875 ut
587 3811 698 3875 statim
730 3812 781 3877 διαί
815 3817 869 3878 τοῦ
904 3810 1108 3885 κλαίοντας
1137 3812 1270 3893 καθίζειν
1297 3822 1330 3880 ct

146 3918 241 4003 515.
265 3914 469 3989 κλαίοντας
494 3917 624 3990 ἐκείνους
652 3916 789 3997 τειροίοει
814 3917 965 3998 καθίζειν,
991 3915 1073 4003 quud
1098 3924 1130 3983 ct
1153 3917 1235 3983 ratio
1258 3937 1331 3985 sua·

144 4020 201 4089 det
223 4028 258 4087 et
277 4020 448 4087 confirmat
472 4042 560 4088 usus.
607 4023 687 4089 Nam
708 4023 792 4108 quod
815 4024 999 4089 Diodorsms
1022 4023 1069 4087 sic
1094 4030 1205 4089 tuetur
1223 4023 1333 4091 κλοίειν

144 4124 318 4209 καθίζοντος
344 4135 380 4193 ut
402 4127 489 4193 dicat
513 4129 706 4195 sententium
737 4129 771 4194 in
798 4130 931 4211 καθίζειν
957 4131 1061 4196 inesse
1084 4126 1217 4193 eandem
1241 4130 1331 4197 acsi

144 4241 242 4301 warte
264 4230 388 4299 dictum
422 4241 526 4313 essct,
558 4236 693 4305 fallitur.
741 4235 861 4320 Καθίζω
893 4238 1017 4328 (καθιεῖ,
1048 4233 1176 4322 καθῖοα)
1210 4235 1331 4321 signifi·

144 4346 222 4407 cont
246 4340 395 4416 καθῆσθαι
417 4346 508 4417 ποιοῖ,
533 4349 563 4408 ct
588 4341 626 4409 dc
648 4340 765 4427 quilius
791 4344 938 4421 καθῆσθαι
957 4352 1004 4409 ost
1026 4342 1183 4409 usitatum
1206 4338 1330 4421 dicere,
