2940 5010
626 330 689 392 565

243 504 339 569 πόόοι*
362 501 423 577 άν,
445 503 505 569 οὐδ’
530 504 555 567 ri
580 501 711 580 δεσμά
736 500 844 567 πάντα
867 501 1068 584 προσβάλοις.

56 606 122 682 Sed
146 616 240 675 eraut
264 607 342 674 haee
366 609 413 674 sie
438 606 683 674 constituenda:

241 710 266 781 ἃ
290 715 318 780 δ’
343 713 524 780 εὀοπυόέτόιοι
548 723 604 790 τῆς
627 715 705 793 ἐμῆς
729 713 855 796 χρῄζεις
881 714 990 796 Φρενός

243 818 308 886 οὔτ’
332 820 371 886 άν
392 821 546 885 καταόόων
569 818 639 885 οὕτε
663 820 774 899 κρατός
799 816 835 895 ἐξ
854 815 947 902 άοιρου

245 924 379 992 δεινόν
402 925 517 999 καόνοὶς
540 926 665 1006 πρόον’
688 926 731 997 εἷς
755 923 865 1005 άκρους
889 926 987 998 πόδας

244 1031 341 1098 πόόοι’
364 1029 421 1107 άν,
444 1032 504 1097 οὐδ’
528 1032 554 1095 ri
578 1030 689 1096 δεινά
713 1029 821 1097 πάντα
845 1028 1048 1111 προσβάλοις.

61 1132 272 1201 scribendum
296 1156 366 1202 essu
389 1137 481 1202 δεινόν
505 1137 634 1217 πρίονα,
659 1156 720 1200 non
746 1136 858 1209 δεινοὺς
883 1135 1027 1217 πρόονας,
1051 1144 1083 1202 el
1108 1156 1160 1203 res
1184 1139 1253 1226 ipsa

62 1238 159 1307 donet
181 1248 215 1307 et
246 1249 398 1308 metrum.
445 1242 541 1323 Πρόων
566 1241 652 1306 onim
677 1242 819 1327 priorem
844 1240 995 1328 producit
1020 1249 1052 1308 et
1079 1264 1167 1309 serra
1191 1264 1253 1311 non

61 1346 161 1413 verris
194 1347 306 1413 miseri
335 1368 353 1412 a
385 1346 539 1413 oarnilioe
569 1345 827 1415 dissecabantur.
887 1346 1003 1428 Δετμά
1039 1348 1253 1430 προσβάλλειν

62 1470 160 1519 nemo
190 1450 360 1529 desendet,
395 1454 504 1517 minus
526 1453 624 1518 etiam
655 1452 943 1533 bermendesie,
975 1451 1061 1539 qnod
1094 1454 1254 1541 ineptissi-

64 1574 157 1625 mum
181 1566 248 1624 est:
284 1557 488 1643 scrupulum·
509 1577 637 1624 omnem
665 1559 784 1624 eximet
817 1561 902 1627 δεινά
930 1557 1145 1641 προσβάλοις,
1168 1561 1254 1648 quod

65 1670 134 1729 tatu
155 1665 362 1750 perspicuum
386 1673 435 1729 est
459 1683 557 1750 quam
584 1663 752 1729 usitatum.

110 1768 149 1835 ln
174 1768 396 1856 Xenophontis
431 1769 539 1835 verbis
562 1770 757 1835 correxerim
781 1766 868 1843 άσους
892 1771 928 1845 δὴ
958 1768 1101 1845 ἔδησεν
1126 1774 1144 1849 ἢ
1168 1768 1255 1847 irone

64 1874 269 1941 κατέκανε
292 1894 351 1961 pro
372 1875 555 1955 ε’όόσμευσεν
578 1883 611 1941 el
633 1875 827 1953 κατάκτανε,
851 1873 891 1941 tle
913 1896 977 1962 quo
1006 1896 1124 1963 genere
1148 1877 1256 1944 mendi

66 1998 167 2067 supra
190 1980 348 2067 quaedam
371 1981 609 2047 annotavimus.

110 2084 150 2151 ltt
181 2104 251 2171 cap.
274 2084 358 2153 Vlll.
387 2090 417 2153 ά.
455 2087 488 2151 in
519 2086 626 2151 vorbis
647 2084 875 2152 ἐπαινεσάντων
905 2087 1090 2171 ἀμφοτέρων
1119 2090 1172 2155 τόν
1201 2094 1257 2158 αό-

66 2190 121 2257 τόν
144 2188 374 2257 admonuimus
407 2211 505 2279 supra
537 2192 637 2257 latere
669 2191 810 2255 Atticam
843 2191 1027 2277 imperativi
1063 2192 1200 2262 sormam
1227 2208 1260 2264 et

65 2293 297 2363 ἐπαινεσάντων
319 2297 492 2381 άμφότιροι
521 2297 699 2381 genuinum
729 2314 798 2361 esse
821 2295 1130 2385 rescribendumquo
1158 2301 1192 2366 iu
1214 2302 1258 2367 vi·

61 2402 152 2469 uittiu
173 2402 427 2485 όεραπευσάντων
452 2422 508 2488 pro
535 2401 813 2484 όεραπευσάτωσαν
839 2408 869 2467 el
892 2401 1003 2468 δόντων
1029 2423 1087 2492 pro
1109 2406 1257 2473 δότωσαν.

67 2504 171 2595 Saepe
190 2506 393 2575 ostendimus
416 2528 513 2594 quam
538 2518 659 2574 temere
683 2509 716 2572 in
741 2506 860 2574 vatibus
883 2506 1009 2575 soriboe
1031 2517 1154 2576 veteres
1177 2513 1259 2578 sori-

64 2620 181 2701 pturus
207 2633 337 2680 movere
366 2623 399 2681 et
424 2613 583 2698 rolingore
619 2614 752 2680 soleant.
798 2612 1050 2681 Ἐπαινεσάντων
1085 2617 1257 2701 άμφότεροι

65 2716 146 2805 qnid
178 2718 223 2784 sit
259 2720 431 2785 mirantur.
486 2717 562 2785 Sino
594 2739 684 2784 mora
714 2719 899 2803 ἀμφοτέρων
931 2721 1091 2808 σοινὶρυνιι
1123 2723 1258 2791 scilieet.

64 2822 239 2891 Praeterea
268 2822 476 2891 scribentium
507 2827 541 2890 αἱ
576 2826 646 2891 ὑπό
675 2827 735 2891 τῶν
758 2824 982 2893 δυνατωτάτων
1014 2830 1173 2909 θεραπεῖαι
1199 2849 1257 2916 pro

66 2928 159 2997 ἀπό·
191 2927 306 2995 Confer
328 2950 410 3016 quae
433 2930 575 2997 diximus
595 2929 635 2996 ed
654 2932 678 2997 l.
700 2935 752 2996 28.
771 2938 805 2997 et
823 2929 890 2997 vlt.
905 2934 936 2997 6.
962 2932 1055 3019 Apud
1071 2933 1258 3021 Euuapium

65 3036 103 3101 itt
122 3034 163 3101 V.
184 3034 217 3102 S.
242 3054 273 3121 p.
294 3039 327 3104 b.
353 3034 476 3102 editur:
500 3034 572 3101 οὔτε
595 3035 639 3101 τά
662 3038 727 3103 άπὸ
745 3043 805 3102 τῶν
828 3035 970 3118 πρότερον
990 3040 1177 3121 γραφόντων
1202 3044 1257 3120 λά·

65 3164 160 3209 σεται
181 3142 254 3215 τοὺς
274 3141 548 3224 ἐντυγχάνοντας,
573 3140 748 3207 bellissime
767 3140 894 3208 dietum
913 3145 1004 3210 estol
1025 3143 1165 3225 πρότερον
1177 3145 1257 3228 γρά-

66 3250 182 3331 φοντεο
213 3254 247 3312 et
270 3248 450 3333 praesentis
480 3267 557 3313 usus
586 3246 762 3329 γράφοντες
794 3246 887 3333 plane
915 3247 1076 3314 mirificus
1100 3259 1160 3316 est.
1209 3251 1259 3319 Tu

67 3372 189 3439 repone
212 3352 273 3419 άπά
295 3371 354 3439 pro
377 3354 442 3419 άτό
465 3362 497 3419 et
520 3352 672 3419 eminebit
700 3373 775 3418 vera
803 3353 915 3419 lentio:
939 3353 982 3420 τά
1010 3355 1164 3422 inercie
1188 3358 1260 3440 πρό·

64 3480 151 3541 τερον
185 3458 412 3541 γραφέντα.
461 3456 558 3523 Vides
582 3458 700 3546 duplex
724 3457 835 3524 mendi
863 3478 982 3545 genus,
1007 3457 1047 3526 de
1076 3480 1140 3546 quo
1171 3461 1256 3530 diee-

66 3562 200 3641 tomus,
223 3564 256 3628 in
278 3583 344 3629 nno
361 3561 429 3629 loeo
450 3566 671 3631 ooniuuotum.
720 3565 888 3633 Praeterea
910 3564 996 3652 apud
1015 3565 1258 3654 Xenophontem

66 3667 298 3755 eorrigentlum
330 3687 400 3735 esse
432 3670 580 3754 suspicor
611 3670 663 3736 καὶ
697 3670 819 3753 χάριν
848 3670 1008 3750 ἐμποιοῦσι
1036 3674 1172 3751 μεγόςυν
1202 3696 1262 3762 pro

66 3772 197 3859 γμράν.
230 3793 426 3860 quemquem
457 3775 562 3857 χαράν
591 3777 730 3855 ἐμποιεῖν
754 3796 811 3862 pro
841 3777 1016 3861 εὐφραίνειν
1041 3780 1161 3866 optime
1193 3780 1259 3848 diei

66 3878 196 3969 potuit,
230 3878 286 3947 sed
317 3880 411 3963 χάρις
443 3881 491 3946 rei
527 3881 629 3947 multo
661 3882 902 3949 convenientior
933 3902 1004 3950 esse
1035 3882 1173 3951 videtur.
1221 3886 1258 3951 ln

68 3988 168 4073 §lb
200 3983 298 4052 verba
321 3990 355 4053 οὐ
376 3986 440 4069 γάρ
472 3985 625 4068 τυράννοις
651 3990 806 4068 ἰσοτίμους
831 3986 925 4053 ulcus
953 3988 1132 4057 insanabile
1155 3990 1256 4059 alunt.

115 4092 155 4159 ln
181 4111 249 4179 cup.
272 4091 328 4161 lx.
354 4098 384 4158 5.
418 4094 479 4170 ἐγὼ
503 4088 552 4157 οὗν
572 4092 656 4175 φαμὶ
681 4094 764 4175 άνδρὶ
794 4093 922 4176 άρχοντι
946 4094 981 4160 τό
1005 4095 1062 4173 μὲν
1082 4098 1134 4163 τόν
1158 4098 1258 4178 άνάγ·

66 4222 126 4275 νυνι
158 4196 297 4277 δεόμενον
330 4196 438 4272 ἄλλοις
473 4198 661 4279 προτακτέον
695 4195 773 4265 εἶναι
808 4198 970 4280 κολάζειν,
1007 4210 1119 4268 onerat
1153 4201 1259 4270 loeutn

65 4300 189 4391 duplex
213 4303 439 4390 interpolatio,
463 4303 562 4369 altera
580 4313 692 4382 votos,
716 4304 816 4371 altera
834 4304 872 4369 ll.
887 4303 1052 4393 Stephani.
1100 4307 1205 4394 Atque
1232 4310 1261 4375 is

63 4406 201 4497 quidem
235 4408 286 4475 τόν
311 4429 478 4497 perperam
512 4409 550 4477 de
576 4430 633 4477 suo
663 4411 820 4479 inseruit:
855 4412 971 4495 τὸμὲν
1002 4414 1084 4499 [τόν]
1116 4414 1258 4494 άνάγκνς
