<?xml version="1.0" encoding="UTF-8"?>
<!DOCTYPE html PUBLIC "-//W3C//DTD XHTML 1.0 Transitional//EN"
    "http://www.w3.org/TR/xhtml1/DTD/xhtml1-transitional.dtd">
<html xmlns="http://www.w3.org/1999/xhtml" xml:lang="en" lang="en">
 <head>
  <title>
</title>
<meta http-equiv="Content-Type" content="text/html;charset=utf-8" />
  <meta name='ocr-system' content='tesseract 3.04.00' />
  <meta name='ocr-capabilities' content='ocr_page ocr_carea ocr_par ocr_line ocrx_word'/>
</head>
<body>
  <div class='ocr_page' id='page_1' title='image "./novaelectionesq00cobegoog/novaelectionesq00cobegoog_0505.png"; bbox 0 0 2940 5010; ppageno 0'>
   <div class='ocr_carea' id='block_1_1' title="bbox 701 288 767 351">
    <p class='ocr_par' dir='ltr' id='par_1_1' title="bbox 701 288 767 351">
     <span class='ocr_line' id='line_1_1' title="bbox 701 288 767 351; baseline -0.015 0"><span class='ocrx_word' id='word_1_1' title='bbox 701 288 767 351; x_wconf 81' lang='lat' dir='ltr'><strong>eto</strong></span> 
     </span>
    </p>
   </div>
   <div class='ocr_carea' id='block_1_2' title="bbox 134 461 1335 4445">
    <p class='ocr_par' dir='ltr' id='par_1_2' title="bbox 138 461 1335 646">
     <span class='ocr_line' id='line_1_2' title="bbox 139 461 1335 548; baseline 0.004 -20"><span class='ocrx_word' id='word_1_2' title='bbox 139 471 243 548; x_wconf 81' lang='grc' dir='ltr'><strong><em>φνναν</em></strong></span> <span class='ocrx_word' id='word_1_3' title='bbox 275 461 399 535; x_wconf 79' lang='grc' dir='ltr'><strong><em>Φακέας</em></strong></span> <span class='ocrx_word' id='word_1_4' title='bbox 422 498 465 511; x_wconf 94' lang='lat'><strong>-·-</strong></span> <span class='ocrx_word' id='word_1_5' title='bbox 488 462 559 535; x_wconf 81' lang='grc' dir='ltr'><strong><em>τοὺς</em></strong></span> <span class='ocrx_word' id='word_1_6' title='bbox 586 465 669 543; x_wconf 76' lang='grc' dir='ltr'><strong><em>δεῦρο</em></strong></span> <span class='ocrx_word' id='word_1_7' title='bbox 699 461 889 537; x_wconf 79' lang='grc' dir='ltr'><strong><em>ἐλιιλαίίτας</em></strong></span> <span class='ocrx_word' id='word_1_8' title='bbox 921 464 1067 544; x_wconf 75' lang='grc' dir='ltr'><strong><em>πρέσβεις</em></strong></span> <span class='ocrx_word' id='word_1_9' title='bbox 1097 463 1335 543; x_wconf 69' lang='grc' dir='ltr'><strong><em>δεδεκότας.</em></strong></span> 
     </span>
     <span class='ocr_line' id='line_1_3' title="bbox 138 565 1113 646; baseline 0.001 -10"><span class='ocrx_word' id='word_1_10' title='bbox 138 567 278 636; x_wconf 84' lang='lat' dir='ltr'><strong>Barbara</strong></span> <span class='ocrx_word' id='word_1_11' title='bbox 302 567 382 635; x_wconf 89' lang='lat' dir='ltr'><strong>haec</strong></span> <span class='ocrx_word' id='word_1_12' title='bbox 405 565 506 633; x_wconf 83' lang='lat' dir='ltr'><strong>torma</strong></span> <span class='ocrx_word' id='word_1_13' title='bbox 530 576 598 646; x_wconf 87' lang='lat' dir='ltr'><strong>est,</strong></span> <span class='ocrx_word' id='word_1_14' title='bbox 620 567 675 633; x_wconf 90' lang='lat' dir='ltr'><strong>oui</strong></span> <span class='ocrx_word' id='word_1_15' title='bbox 700 574 735 632; x_wconf 90' lang='lat' dir='ltr'><strong>tu</strong></span> <span class='ocrx_word' id='word_1_16' title='bbox 756 567 918 640; x_wconf 70' lang='grc' dir='ltr'><strong><em>δεδεκότας</em></strong></span> <span class='ocrx_word' id='word_1_17' title='bbox 942 567 1113 637; x_wconf 87' lang='lat' dir='ltr'><strong>substitue.</strong></span> 
     </span>
    </p>

    <p class='ocr_par' dir='ltr' id='par_1_3' title="bbox 135 670 1334 1176">
     <span class='ocr_line' id='line_1_4' title="bbox 184 670 1334 767; baseline 0.002 -26"><span class='ocrx_word' id='word_1_18' title='bbox 184 673 319 760; x_wconf 81' lang='lat' dir='ltr'>Saepius</span> <span class='ocrx_word' id='word_1_19' title='bbox 349 670 497 740; x_wconf 77' lang='lat' dir='ltr'><strong>Graeculi</strong></span> <span class='ocrx_word' id='word_1_20' title='bbox 526 671 663 738; x_wconf 80' lang='lat' dir='ltr'><strong>formam</strong></span> <span class='ocrx_word' id='word_1_21' title='bbox 693 672 802 739; x_wconf 76' lang='grc' dir='ltr'><strong><em>δίδεεα</em></strong></span> <span class='ocrx_word' id='word_1_22' title='bbox 832 682 1069 759; x_wconf 76' lang='lat' dir='ltr'><strong>corruperunt:</strong></span> <span class='ocrx_word' id='word_1_23' title='bbox 1093 674 1166 743; x_wconf 85' lang='lat' dir='ltr'><strong>vide</strong></span> <span class='ocrx_word' id='word_1_24' title='bbox 1189 676 1334 767; x_wconf 78' lang='lat' dir='ltr'><strong>scriptu·</strong></span> 
     </span>
     <span class='ocr_line' id='line_1_5' title="bbox 137 774 1334 867; baseline 0.003 -22"><span class='ocrx_word' id='word_1_25' title='bbox 137 798 191 845; x_wconf 85' lang='lat' dir='ltr'><strong>ras</strong></span> <span class='ocrx_word' id='word_1_26' title='bbox 222 777 374 845; x_wconf 80' lang='lat' dir='ltr'><strong>Codicum</strong></span> <span class='ocrx_word' id='word_1_27' title='bbox 407 778 441 844; x_wconf 92' lang='lat' dir='ltr'><strong>in</strong></span> <span class='ocrx_word' id='word_1_28' title='bbox 476 776 702 844; x_wconf 81' lang='lat' dir='ltr'>Demosthenis</span> <span class='ocrx_word' id='word_1_29' title='bbox 735 774 823 845; x_wconf 84' lang='lat' dir='ltr'><strong>Orat.</strong></span> <span class='ocrx_word' id='word_1_30' title='bbox 849 777 961 845; x_wconf 79' lang='lat' dir='ltr'><strong>xxiv.</strong></span> <span class='ocrx_word' id='word_1_31' title='bbox 997 798 1028 867; x_wconf 92' lang='lat' dir='ltr'><strong>p.</strong></span> <span class='ocrx_word' id='word_1_32' title='bbox 1057 784 1145 860; x_wconf 73' lang='lat'><strong>764,</strong></span> <span class='ocrx_word' id='word_1_33' title='bbox 1180 784 1246 859; x_wconf 82' lang='lat'><strong>18,</strong></span> <span class='ocrx_word' id='word_1_34' title='bbox 1281 780 1334 859; x_wconf 77' lang='grc' dir='ltr'><strong>οὓς</strong></span> 
     </span>
     <span class='ocr_line' id='line_1_6' title="bbox 136 882 1333 970; baseline 0.003 -19"><span class='ocrx_word' id='word_1_35' title='bbox 136 885 274 951; x_wconf 65' lang='lat' dir='ltr'><strong>ilices</strong></span> <span class='ocrx_word' id='word_1_36' title='bbox 305 885 349 951; x_wconf 79' lang='grc' dir='ltr'><strong>ταὶ</strong></span> <span class='ocrx_word' id='word_1_37' title='bbox 374 883 558 965; x_wconf 66' lang='grc' dir='ltr'><strong><em>δικαστήρια,</em></strong></span> <span class='ocrx_word' id='word_1_38' title='bbox 590 891 622 949; x_wconf 92' lang='lat' dir='ltr'><strong>et</strong></span> <span class='ocrx_word' id='word_1_39' title='bbox 654 882 687 950; x_wconf 90' lang='lat' dir='ltr'><strong>in</strong></span> <span class='ocrx_word' id='word_1_40' title='bbox 716 882 859 968; x_wconf 78' lang='lat' dir='ltr'><strong>Epistola</strong></span> <span class='ocrx_word' id='word_1_41' title='bbox 881 882 937 951; x_wconf 91' lang='lat' dir='ltr'><strong>lll.</strong></span> <span class='ocrx_word' id='word_1_42' title='bbox 974 903 1004 970; x_wconf 84' lang='lat' dir='ltr'><strong>p.</strong></span> <span class='ocrx_word' id='word_1_43' title='bbox 1031 890 1140 966; x_wconf 77' lang='lat' dir='ltr'><strong>titt,</strong></span> <span class='ocrx_word' id='word_1_44' title='bbox 1169 892 1237 966; x_wconf 76' lang='lat'><strong>27,</strong></span> <span class='ocrx_word' id='word_1_45' title='bbox 1261 888 1333 970; x_wconf 74' lang='lat' dir='ltr'><strong>ml</strong></span> 
     </span>
     <span class='ocr_line' id='line_1_7' title="bbox 138 987 1333 1072; baseline 0.005 -17"><span class='ocrx_word' id='word_1_46' title='bbox 138 987 176 1055; x_wconf 79' lang='lat' dir='ltr'><strong>oia</strong></span> <span class='ocrx_word' id='word_1_47' title='bbox 198 989 251 1055; x_wconf 72' lang='grc' dir='ltr'><strong>τὸν</strong></span> <span class='ocrx_word' id='word_1_48' title='bbox 275 989 398 1071; x_wconf 78' lang='grc' dir='ltr'><strong><em>τατίρα</em></strong></span> <span class='ocrx_word' id='word_1_49' title='bbox 425 989 588 1055; x_wconf 78' lang='grc' dir='ltr'><strong><em>αῖσινῖνταί</em></strong></span> <span class='ocrx_word' id='word_1_50' title='bbox 608 1012 689 1062; x_wconf 82' lang='grc' dir='ltr'><strong><em>τινες</em></strong></span> <span class='ocrx_word' id='word_1_51' title='bbox 711 989 782 1062; x_wconf 83' lang='grc' dir='ltr'><strong><em>τοὺς</em></strong></span> <span class='ocrx_word' id='word_1_52' title='bbox 809 989 884 1062; x_wconf 79' lang='grc' dir='ltr'><strong><em>υἱεῖς</em></strong></span> <span class='ocrx_word' id='word_1_53' title='bbox 915 989 1128 1072; x_wconf 66' lang='lat' dir='ltr'><strong>isidem,</strong></span> <span class='ocrx_word' id='word_1_54' title='bbox 1158 990 1214 1059; x_wconf 85' lang='lat' dir='ltr'><strong>ubi</strong></span> <span class='ocrx_word' id='word_1_55' title='bbox 1250 994 1333 1061; x_wconf 74' lang='lat' dir='ltr'><strong>tatt-</strong></span> 
     </span>
     <span class='ocr_line' id='line_1_8' title="bbox 135 1091 1106 1176; baseline 0.001 -16"><span class='ocrx_word' id='word_1_56' title='bbox 135 1118 222 1176; x_wconf 78' lang='grc' dir='ltr'><strong><em>χατε</em></strong></span> <span class='ocrx_word' id='word_1_57' title='bbox 243 1092 337 1159; x_wconf 91' lang='lat' dir='ltr'><strong>nihili</strong></span> <span class='ocrx_word' id='word_1_58' title='bbox 362 1091 496 1159; x_wconf 79' lang='lat' dir='ltr'><strong>[ormam</strong></span> <span class='ocrx_word' id='word_1_59' title='bbox 520 1092 672 1161; x_wconf 78' lang='lat' dir='ltr'><strong>exhibent</strong></span> <span class='ocrx_word' id='word_1_60' title='bbox 696 1091 772 1158; x_wconf 85' lang='lat' dir='ltr'><strong>libri</strong></span> <span class='ocrx_word' id='word_1_61' title='bbox 795 1092 837 1159; x_wconf 90' lang='lat' dir='ltr'><strong>ad</strong></span> <span class='ocrx_word' id='word_1_62' title='bbox 859 1113 960 1161; x_wconf 87' lang='lat' dir='ltr'><strong>unum</strong></span> <span class='ocrx_word' id='word_1_63' title='bbox 985 1114 1106 1163; x_wconf 85' lang='lat' dir='ltr'><strong>omnes.</strong></span> 
     </span>
    </p>

    <p class='ocr_par' dir='ltr' id='par_1_4' title="bbox 134 1196 1334 4445">
     <span class='ocr_line' id='line_1_9' title="bbox 193 1196 1332 1288; baseline 0.006 -22"><span class='ocrx_word' id='word_1_64' title='bbox 193 1200 239 1268; x_wconf 84' lang='lat' dir='ltr'><strong>lle</strong></span> <span class='ocrx_word' id='word_1_65' title='bbox 270 1196 441 1265; x_wconf 78' lang='lat' dir='ltr'><strong>manifesta</strong></span> <span class='ocrx_word' id='word_1_66' title='bbox 470 1199 715 1288; x_wconf 75' lang='lat' dir='ltr'><strong>interpolatione</strong></span> <span class='ocrx_word' id='word_1_67' title='bbox 745 1197 779 1265; x_wconf 91' lang='lat' dir='ltr'><strong>in</strong></span> <span class='ocrx_word' id='word_1_68' title='bbox 804 1197 840 1263; x_wconf 88' lang='lat' dir='ltr'><strong>V.</strong></span> <span class='ocrx_word' id='word_1_69' title='bbox 864 1218 918 1265; x_wconf 83' lang='grc' dir='ltr'><strong>ιιι.</strong></span> <span class='ocrx_word' id='word_1_70' title='bbox 942 1204 974 1267; x_wconf 75' lang='lat' dir='ltr'><strong>t.</strong></span> <span class='ocrx_word' id='word_1_71' title='bbox 1005 1199 1059 1269; x_wconf 76' lang='grc' dir='ltr'><strong><em>καί</em></strong></span> <span class='ocrx_word' id='word_1_72' title='bbox 1087 1199 1144 1267; x_wconf 70' lang='grc' dir='ltr'><strong><em>ίαν</em></strong></span> <span class='ocrx_word' id='word_1_73' title='bbox 1171 1202 1233 1280; x_wconf 70' lang='lat' dir='ltr'><strong>oto</strong></span> <span class='ocrx_word' id='word_1_74' title='bbox 1266 1204 1332 1283; x_wconf 67' lang='lat' dir='ltr'><strong>iria</strong></span> 
     </span>
     <span class='ocr_line' id='line_1_10' title="bbox 134 1302 1334 1389; baseline 0.002 -18"><span class='ocrx_word' id='word_1_75' title='bbox 134 1305 297 1388; x_wconf 61' lang='grc' dir='ltr'><strong><em>φαίνωμαι</em></strong></span> <span class='ocrx_word' id='word_1_76' title='bbox 329 1304 445 1371; x_wconf 74' lang='grc' dir='ltr'><strong><em>εῖδιαεῖν</em></strong></span> <span class='ocrx_word' id='word_1_77' title='bbox 468 1309 502 1373; x_wconf 84' lang='grc' dir='ltr'><strong>οὐ</strong></span> <span class='ocrx_word' id='word_1_78' title='bbox 525 1310 588 1389; x_wconf 72' lang='lat' dir='ltr'><strong>xpri</strong></span> <span class='ocrx_word' id='word_1_79' title='bbox 613 1330 656 1385; x_wconf 81' lang='grc' dir='ltr'><strong>με</strong></span> <span class='ocrx_word' id='word_1_80' title='bbox 679 1302 793 1370; x_wconf 68' lang='lat' dir='ltr'><strong>trieris</strong></span> <span class='ocrx_word' id='word_1_81' title='bbox 822 1305 971 1373; x_wconf 72' lang='grc' dir='ltr'><strong><em>ατελίεῖν</em></strong></span> <span class='ocrx_word' id='word_1_82' title='bbox 996 1305 1065 1385; x_wconf 70' lang='grc' dir='ltr'><strong><em>τείν</em></strong></span> <span class='ocrx_word' id='word_1_83' title='bbox 1094 1306 1135 1373; x_wconf 77' lang='grc' dir='ltr'><strong><em>εῖν</em></strong></span> <span class='ocrx_word' id='word_1_84' title='bbox 1156 1306 1198 1373; x_wconf 72' lang='grc' dir='ltr'><strong>δεῖ</strong></span> <span class='ocrx_word' id='word_1_85' title='bbox 1221 1306 1334 1383; x_wconf 76' lang='grc' dir='ltr'><strong><em>δίεσιν·</em></strong></span> 
     </span>
     <span class='ocr_line' id='line_1_11' title="bbox 136 1408 1333 1496; baseline 0.001 -17"><span class='ocrx_word' id='word_1_86' title='bbox 136 1411 175 1479; x_wconf 75' lang='grc' dir='ltr'><strong>ἂν</strong></span> <span class='ocrx_word' id='word_1_87' title='bbox 196 1411 228 1478; x_wconf 78' lang='grc' dir='ltr'><strong>δὲ</strong></span> <span class='ocrx_word' id='word_1_88' title='bbox 253 1411 340 1496; x_wconf 81' lang='grc' dir='ltr'><strong><em>[ὑμῖν</em></strong></span> <span class='ocrx_word' id='word_1_89' title='bbox 364 1410 538 1493; x_wconf 77' lang='grc' dir='ltr'><strong><em>φαίνωνται</em></strong></span> <span class='ocrx_word' id='word_1_90' title='bbox 561 1410 694 1495; x_wconf 68' lang='grc' dir='ltr'><strong><em>ἀδικεῖν]</em></strong></span> <span class='ocrx_word' id='word_1_91' title='bbox 717 1410 744 1475; x_wconf 83' lang='grc' dir='ltr'><strong>εί</strong></span> <span class='ocrx_word' id='word_1_92' title='bbox 768 1409 825 1486; x_wconf 72' lang='grc' dir='ltr'><strong>ἐμὲ</strong></span> <span class='ocrx_word' id='word_1_93' title='bbox 847 1408 1076 1490; x_wconf 72' lang='grc' dir='ltr'><strong>διαβάλλοντες</strong></span> <span class='ocrx_word' id='word_1_94' title='bbox 1099 1409 1195 1487; x_wconf 78' lang='grc' dir='ltr'><strong><em>σι’ίτας</em></strong></span> <span class='ocrx_word' id='word_1_95' title='bbox 1220 1415 1333 1489; x_wconf 71' lang='grc' dir='ltr'><strong><em>αὐτοῖς</em></strong></span> 
     </span>
     <span class='ocr_line' id='line_1_12' title="bbox 135 1512 1334 1600; baseline 0.003 -18"><span class='ocrx_word' id='word_1_96' title='bbox 135 1518 251 1600; x_wconf 75' lang='grc' dir='ltr'><strong><em>χρῆσθε</em></strong></span> <span class='ocrx_word' id='word_1_97' title='bbox 279 1513 379 1596; x_wconf 83' lang='grc' dir='ltr'><strong><em>ίίστερ</em></strong></span> <span class='ocrx_word' id='word_1_98' title='bbox 401 1513 506 1593; x_wconf 74' lang='grc' dir='ltr'><strong>ἄξιον,</strong></span> <span class='ocrx_word' id='word_1_99' title='bbox 532 1516 595 1582; x_wconf 81' lang='lat' dir='ltr'><strong>iam</strong></span> <span class='ocrx_word' id='word_1_100' title='bbox 620 1513 697 1581; x_wconf 85' lang='lat' dir='ltr'><strong>alibi</strong></span> <span class='ocrx_word' id='word_1_101' title='bbox 719 1512 860 1579; x_wconf 84' lang='lat' dir='ltr'><strong>diximus</strong></span> <span class='ocrx_word' id='word_1_102' title='bbox 890 1515 1054 1598; x_wconf 82' lang='grc' dir='ltr'><strong><em>φαίνωμαι</em></strong></span> <span class='ocrx_word' id='word_1_103' title='bbox 1076 1518 1188 1583; x_wconf 75' lang='grc' dir='ltr'><strong><em>α’δικιῖν</em></strong></span> <span class='ocrx_word' id='word_1_104' title='bbox 1221 1536 1334 1587; x_wconf 85' lang='lat' dir='ltr'><strong>emen·</strong></span> 
     </span>
     <span class='ocr_line' id='line_1_13' title="bbox 136 1616 1333 1709; baseline 0.003 -21"><span class='ocrx_word' id='word_1_105' title='bbox 136 1620 278 1689; x_wconf 86' lang='lat' dir='ltr'><strong>dandum</strong></span> <span class='ocrx_word' id='word_1_106' title='bbox 304 1619 364 1709; x_wconf 87' lang='lat' dir='ltr'><strong>(rel</strong></span> <span class='ocrx_word' id='word_1_107' title='bbox 395 1622 502 1706; x_wconf 90' lang='lat' dir='ltr'><strong>potius</strong></span> <span class='ocrx_word' id='word_1_108' title='bbox 530 1641 568 1688; x_wconf 84' lang='lat' dir='ltr'><strong>ex</strong></span> <span class='ocrx_word' id='word_1_109' title='bbox 592 1618 740 1686; x_wconf 90' lang='lat' dir='ltr'><strong>omnibus</strong></span> <span class='ocrx_word' id='word_1_110' title='bbox 770 1616 864 1684; x_wconf 85' lang='lat' dir='ltr'><strong>libris</strong></span> <span class='ocrx_word' id='word_1_111' title='bbox 888 1627 1016 1707; x_wconf 85' lang='lat' dir='ltr'><strong>praeter</strong></span> <span class='ocrx_word' id='word_1_112' title='bbox 1048 1639 1149 1687; x_wconf 81' lang='lat' dir='ltr'><strong>ranam</strong></span> <span class='ocrx_word' id='word_1_113' title='bbox 1176 1621 1215 1689; x_wconf 88' lang='grc' dir='ltr'><strong>Η.</strong></span> <span class='ocrx_word' id='word_1_114' title='bbox 1242 1642 1333 1693; x_wconf 78' lang='lat' dir='ltr'><strong>nero·</strong></span> 
     </span>
     <span class='ocr_line' id='line_1_14' title="bbox 135 1722 1332 1814; baseline 0.003 -20"><span class='ocrx_word' id='word_1_115' title='bbox 135 1725 306 1814; x_wconf 86' lang='lat' dir='ltr'><strong>candum),</strong></span> <span class='ocrx_word' id='word_1_116' title='bbox 330 1735 362 1793; x_wconf 89' lang='lat' dir='ltr'><strong>et</strong></span> <span class='ocrx_word' id='word_1_117' title='bbox 384 1723 518 1792; x_wconf 83' lang='lat' dir='ltr'><strong>deiende</strong></span> <span class='ocrx_word' id='word_1_118' title='bbox 540 1744 621 1812; x_wconf 85' lang='lat' dir='ltr'><strong>qrrae</strong></span> <span class='ocrx_word' id='word_1_119' title='bbox 644 1724 772 1791; x_wconf 86' lang='lat' dir='ltr'><strong>uncinis</strong></span> <span class='ocrx_word' id='word_1_120' title='bbox 783 1722 998 1805; x_wconf 87' lang='lat' dir='ltr'><strong>inclusimus,</strong></span> <span class='ocrx_word' id='word_1_121' title='bbox 1022 1725 1101 1793; x_wconf 86' lang='lat' dir='ltr'><strong>nihil</strong></span> <span class='ocrx_word' id='word_1_122' title='bbox 1124 1727 1213 1795; x_wconf 89' lang='lat' dir='ltr'><strong>enirn</strong></span> <span class='ocrx_word' id='word_1_123' title='bbox 1238 1728 1332 1797; x_wconf 87' lang='lat' dir='ltr'><strong>inno·</strong></span> 
     </span>
     <span class='ocr_line' id='line_1_15' title="bbox 136 1827 1333 1916; baseline 0.002 -17"><span class='ocrx_word' id='word_1_124' title='bbox 136 1833 277 1899; x_wconf 86' lang='lat' dir='ltr'><strong>centiam</strong></span> <span class='ocrx_word' id='word_1_125' title='bbox 298 1832 362 1897; x_wconf 91' lang='lat' dir='ltr'><strong>reis</strong></span> <span class='ocrx_word' id='word_1_126' title='bbox 382 1828 550 1916; x_wconf 80' lang='lat' dir='ltr'><strong>prodesse,</strong></span> <span class='ocrx_word' id='word_1_127' title='bbox 574 1833 601 1897; x_wconf 91' lang='lat' dir='ltr'><strong>si</strong></span> <span class='ocrx_word' id='word_1_128' title='bbox 622 1830 770 1897; x_wconf 83' lang='lat' dir='ltr'><strong>damnari</strong></span> <span class='ocrx_word' id='word_1_129' title='bbox 792 1830 843 1897; x_wconf 88' lang='lat' dir='ltr'><strong>ins</strong></span> <span class='ocrx_word' id='word_1_130' title='bbox 864 1827 1003 1906; x_wconf 76' lang='lat' dir='ltr'><strong>eritirrc</strong></span> <span class='ocrx_word' id='word_1_131' title='bbox 1025 1832 1230 1916; x_wconf 75' lang='grc' dir='ltr'><strong><em>ῖνφαίννται</em></strong></span> <span class='ocrx_word' id='word_1_132' title='bbox 1253 1836 1333 1903; x_wconf 76' lang='grc' dir='ltr'><strong><em>εῖδε-</em></strong></span> 
     </span>
     <span class='ocr_line' id='line_1_16' title="bbox 135 1934 1333 2025; baseline 0.003 -20"><span class='ocrx_word' id='word_1_133' title='bbox 135 1945 234 2005; x_wconf 81' lang='grc' dir='ltr'><strong><em>νεῖν.</em></strong></span> <span class='ocrx_word' id='word_1_134' title='bbox 280 1935 339 2003; x_wconf 84' lang='lat' dir='ltr'><strong>Est</strong></span> <span class='ocrx_word' id='word_1_135' title='bbox 363 1937 396 2003; x_wconf 88' lang='lat' dir='ltr'><strong>io</strong></span> <span class='ocrx_word' id='word_1_136' title='bbox 422 1937 540 2003; x_wconf 85' lang='lat' dir='ltr'><strong>vicinia</strong></span> <span class='ocrx_word' id='word_1_137' title='bbox 563 1935 654 2002; x_wconf 89' lang='lat' dir='ltr'><strong>locus</strong></span> <span class='ocrx_word' id='word_1_138' title='bbox 679 1954 741 2001; x_wconf 84' lang='grc' dir='ltr'><strong><em>ιιοιι</em></strong></span> <span class='ocrx_word' id='word_1_139' title='bbox 766 1934 905 2020; x_wconf 82' lang='lat' dir='ltr'><strong>simplici</strong></span> <span class='ocrx_word' id='word_1_140' title='bbox 927 1936 1172 2025; x_wconf 89' lang='lat' dir='ltr'><strong>interpolatione</strong></span> <span class='ocrx_word' id='word_1_141' title='bbox 1197 1942 1333 2010; x_wconf 85' lang='lat' dir='ltr'><strong>intrica-</strong></span> 
     </span>
     <span class='ocr_line' id='line_1_17' title="bbox 135 2038 1332 2129; baseline 0.006 -19"><span class='ocrx_word' id='word_1_142' title='bbox 135 2053 190 2110; x_wconf 85' lang='lat' dir='ltr'><strong>tus</strong></span> <span class='ocrx_word' id='word_1_143' title='bbox 220 2043 254 2108; x_wconf 90' lang='lat' dir='ltr'><strong>in</strong></span> <span class='ocrx_word' id='word_1_144' title='bbox 287 2061 322 2108; x_wconf 89' lang='lat' dir='ltr'><strong>re</strong></span> <span class='ocrx_word' id='word_1_145' title='bbox 345 2041 489 2108; x_wconf 84' lang='lat' dir='ltr'><strong>omnium</strong></span> <span class='ocrx_word' id='word_1_146' title='bbox 518 2040 759 2127; x_wconf 85' lang='lat' dir='ltr'><strong>simplicissima</strong></span> <span class='ocrx_word' id='word_1_147' title='bbox 794 2038 872 2129; x_wconf 67' lang='grc'><strong>36.</strong></span> <span class='ocrx_word' id='word_1_148' title='bbox 903 2040 965 2111; x_wconf 79' lang='grc' dir='ltr'><strong><em>ίτνν</em></strong></span> <span class='ocrx_word' id='word_1_149' title='bbox 1000 2040 1051 2111; x_wconf 78' lang='grc' dir='ltr'><strong>οὖν</strong></span> <span class='ocrx_word' id='word_1_150' title='bbox 1078 2040 1142 2119; x_wconf 71' lang='lat' dir='ltr'><strong>terr</strong></span> <span class='ocrx_word' id='word_1_151' title='bbox 1172 2052 1267 2114; x_wconf 82' lang='grc' dir='ltr'><strong><em>τοῦτο</em></strong></span> <span class='ocrx_word' id='word_1_152' title='bbox 1289 2046 1332 2117; x_wconf 67' lang='grc' dir='ltr'><strong>ἄν</strong></span> 
     </span>
     <span class='ocr_line' id='line_1_18' title="bbox 136 2142 1331 2242; baseline 0.005 -27"><span class='ocrx_word' id='word_1_153' title='bbox 136 2149 259 2215; x_wconf 74' lang='grc' dir='ltr'><strong><em>διίναιτε</em></strong></span> <span class='ocrx_word' id='word_1_154' title='bbox 290 2147 373 2226; x_wconf 78' lang='grc' dir='ltr'><strong><em>ὑμεῖς</em></strong></span> <span class='ocrx_word' id='word_1_155' title='bbox 404 2144 603 2223; x_wconf 69' lang='grc' dir='ltr'><strong><em>ἐξαπατῆσαι</em></strong></span> <span class='ocrx_word' id='word_1_156' title='bbox 626 2148 666 2219; x_wconf 76' lang='grc' dir='ltr'><strong>ὥς</strong></span> <span class='ocrx_word' id='word_1_157' title='bbox 699 2142 781 2220; x_wconf 76' lang='grc' dir='ltr'><strong><em>ἥλιος</em></strong></span> <span class='ocrx_word' id='word_1_158' title='bbox 815 2145 894 2212; x_wconf 78' lang='grc' dir='ltr'><strong><em>ἔνίεν</em></strong></span> <span class='ocrx_word' id='word_1_159' title='bbox 916 2147 974 2224; x_wconf 76' lang='grc' dir='ltr'><strong>μὲν</strong></span> <span class='ocrx_word' id='word_1_160' title='bbox 1004 2148 1130 2232; x_wconf 70' lang='grc' dir='ltr'><strong><em>ἀνίσχει</em></strong></span> <span class='ocrx_word' id='word_1_161' title='bbox 1150 2153 1261 2219; x_wconf 67' lang='lat' dir='ltr'><strong>idem</strong></span> <span class='ocrx_word' id='word_1_162' title='bbox 1288 2152 1331 2242; x_wconf 76' lang='grc' dir='ltr'><strong>[δ’</strong></span> 
     </span>
     <span class='ocr_line' id='line_1_19' title="bbox 136 2250 1332 2341; baseline 0.003 -20"><span class='ocrx_word' id='word_1_163' title='bbox 136 2255 305 2338; x_wconf 76' lang='grc' dir='ltr'><strong><em>ἕνταῦία],</em></strong></span> <span class='ocrx_word' id='word_1_164' title='bbox 338 2251 409 2317; x_wconf 77' lang='grc' dir='ltr'><strong><em>ίνία</em></strong></span> <span class='ocrx_word' id='word_1_165' title='bbox 430 2254 463 2319; x_wconf 73' lang='grc' dir='ltr'><strong>δὲ</strong></span> <span class='ocrx_word' id='word_1_166' title='bbox 487 2253 593 2319; x_wconf 76' lang='grc' dir='ltr'><strong><em>διίεται</em></strong></span> <span class='ocrx_word' id='word_1_167' title='bbox 614 2252 738 2332; x_wconf 68' lang='grc' dir='ltr'><strong><em>ἀνίσχει</em></strong></span> <span class='ocrx_word' id='word_1_168' title='bbox 767 2250 806 2338; x_wconf 78' lang='grc' dir='ltr'><strong>[δ’</strong></span> <span class='ocrx_word' id='word_1_169' title='bbox 829 2252 1005 2341; x_wconf 48' lang='lat' dir='ltr'><strong>inanimal,</strong></span> <span class='ocrx_word' id='word_1_170' title='bbox 1029 2252 1080 2319; x_wconf 88' lang='lat' dir='ltr'><strong>his</strong></span> <span class='ocrx_word' id='word_1_171' title='bbox 1102 2253 1235 2323; x_wconf 85' lang='lat' dir='ltr'><strong>demum</strong></span> <span class='ocrx_word' id='word_1_172' title='bbox 1260 2259 1332 2325; x_wconf 80' lang='lat' dir='ltr'><strong>vitt-</strong></span> 
     </span>
     <span class='ocr_line' id='line_1_20' title="bbox 134 2354 1332 2443; baseline 0 -17"><span class='ocrx_word' id='word_1_173' title='bbox 134 2357 219 2426; x_wconf 87' lang='lat' dir='ltr'><strong>enlis</strong></span> <span class='ocrx_word' id='word_1_174' title='bbox 240 2357 344 2423; x_wconf 83' lang='lat' dir='ltr'><strong>laxata</strong></span> <span class='ocrx_word' id='word_1_175' title='bbox 369 2359 471 2423; x_wconf 88' lang='lat' dir='ltr'><strong>oratio</strong></span> <span class='ocrx_word' id='word_1_176' title='bbox 499 2357 580 2424; x_wconf 86' lang='lat' dir='ltr'><strong>bene</strong></span> <span class='ocrx_word' id='word_1_177' title='bbox 609 2355 768 2442; x_wconf 77' lang='lat' dir='ltr'><strong>procedet.</strong></span> <span class='ocrx_word' id='word_1_178' title='bbox 815 2354 850 2421; x_wconf 89' lang='lat' dir='ltr'><strong>In</strong></span> <span class='ocrx_word' id='word_1_179' title='bbox 875 2354 899 2443; x_wconf 67' lang='lat' dir='ltr'>S</span> <span class='ocrx_word' id='word_1_180' title='bbox 920 2361 953 2425; x_wconf 84' lang='lat'><strong>8.</strong></span> <span class='ocrx_word' id='word_1_181' title='bbox 985 2364 1048 2432; x_wconf 75' lang='grc' dir='ltr'><strong>πῶς</strong></span> <span class='ocrx_word' id='word_1_182' title='bbox 1077 2359 1117 2427; x_wconf 81' lang='grc' dir='ltr'><strong><em>εῖν</em></strong></span> <span class='ocrx_word' id='word_1_183' title='bbox 1147 2357 1199 2428; x_wconf 77' lang='grc' dir='ltr'><strong>οὖν</strong></span> <span class='ocrx_word' id='word_1_184' title='bbox 1223 2364 1332 2442; x_wconf 60' lang='lat' dir='ltr'><strong>eyes</strong></span> 
     </span>
     <span class='ocr_line' id='line_1_21' title="bbox 135 2458 1333 2544; baseline 0.006 -14"><span class='ocrx_word' id='word_1_185' title='bbox 135 2465 311 2544; x_wconf 73' lang='grc' dir='ltr'><strong><em>βιασαίμην</em></strong></span> <span class='ocrx_word' id='word_1_186' title='bbox 344 2462 426 2541; x_wconf 77' lang='grc' dir='ltr'><strong><em>ὑμεῖς</em></strong></span> <span class='ocrx_word' id='word_1_187' title='bbox 450 2500 494 2510; x_wconf 91' lang='grc'><strong>--</strong></span> <span class='ocrx_word' id='word_1_188' title='bbox 519 2463 536 2538; x_wconf 76' lang='grc' dir='ltr'>ἢ</span> <span class='ocrx_word' id='word_1_189' title='bbox 572 2459 777 2538; x_wconf 73' lang='grc' dir='ltr'><strong><em>ἐξαπατήσας</em></strong></span> <span class='ocrx_word' id='word_1_190' title='bbox 812 2458 946 2539; x_wconf 71' lang='grc' dir='ltr'><strong>ἄγοιμι,</strong></span> <span class='ocrx_word' id='word_1_191' title='bbox 979 2463 1183 2533; x_wconf 74' lang='lat' dir='ltr'><strong>concinnitas</strong></span> <span class='ocrx_word' id='word_1_192' title='bbox 1218 2468 1333 2537; x_wconf 74' lang='lat' dir='ltr'><strong>Attica</strong></span> 
     </span>
     <span class='ocr_line' id='line_1_22' title="bbox 135 2564 1331 2654; baseline 0.002 -17"><span class='ocrx_word' id='word_1_193' title='bbox 135 2570 293 2649; x_wconf 73' lang='grc' dir='ltr'><strong><em>ἄννίγνιμι</em></strong></span> <span class='ocrx_word' id='word_1_194' title='bbox 325 2567 473 2652; x_wconf 83' lang='lat' dir='ltr'><strong>requirit.</strong></span> <span class='ocrx_word' id='word_1_195' title='bbox 521 2566 557 2632; x_wconf 89' lang='lat' dir='ltr'><strong>ln</strong></span> <span class='ocrx_word' id='word_1_196' title='bbox 590 2564 666 2654; x_wconf 73' lang='lat' dir='ltr'><strong>§a</strong></span> <span class='ocrx_word' id='word_1_197' title='bbox 700 2566 753 2631; x_wconf 82' lang='grc' dir='ltr'><strong><em>καί</em></strong></span> <span class='ocrx_word' id='word_1_198' title='bbox 778 2567 813 2641; x_wconf 72' lang='lat' dir='ltr'><strong>ti</strong></span> <span class='ocrx_word' id='word_1_199' title='bbox 838 2565 920 2652; x_wconf 77' lang='grc' dir='ltr'><strong><em>[καί]</em></strong></span> <span class='ocrx_word' id='word_1_200' title='bbox 955 2569 1170 2649; x_wconf 69' lang='grc' dir='ltr'><strong><em>ἀποβαίνομεν</em></strong></span> <span class='ocrx_word' id='word_1_201' title='bbox 1196 2574 1241 2647; x_wconf 84' lang='grc' dir='ltr'><strong>είς</strong></span> <span class='ocrx_word' id='word_1_202' title='bbox 1272 2576 1331 2652; x_wconf 70' lang='grc' dir='ltr'><strong>τὴν</strong></span> 
     </span>
     <span class='ocr_line' id='line_1_23' title="bbox 137 2668 1331 2766; baseline 0.005 -25"><span class='ocrx_word' id='word_1_203' title='bbox 137 2677 264 2759; x_wconf 75' lang='grc' dir='ltr'><strong><em>χώραν,</em></strong></span> <span class='ocrx_word' id='word_1_204' title='bbox 287 2672 416 2739; x_wconf 86' lang='lat' dir='ltr'><strong>etiarnsi</strong></span> <span class='ocrx_word' id='word_1_205' title='bbox 440 2691 551 2738; x_wconf 85' lang='lat' dir='ltr'><strong>omnes</strong></span> <span class='ocrx_word' id='word_1_206' title='bbox 582 2668 712 2735; x_wconf 88' lang='lat' dir='ltr'><strong>libriin</strong></span> <span class='ocrx_word' id='word_1_207' title='bbox 737 2671 792 2736; x_wconf 81' lang='grc' dir='ltr'><strong><em>καί</em></strong></span> <span class='ocrx_word' id='word_1_208' title='bbox 819 2669 964 2737; x_wconf 82' lang='lat' dir='ltr'><strong>addendo</strong></span> <span class='ocrx_word' id='word_1_209' title='bbox 996 2671 1135 2742; x_wconf 87' lang='lat' dir='ltr'><strong>fideliter</strong></span> <span class='ocrx_word' id='word_1_210' title='bbox 1162 2680 1331 2766; x_wconf 84' lang='lat' dir='ltr'><strong>conspira-</strong></span> 
     </span>
     <span class='ocr_line' id='line_1_24' title="bbox 137 2773 1330 2869; baseline 0.004 -21"><span class='ocrx_word' id='word_1_211' title='bbox 137 2788 211 2848; x_wconf 85' lang='lat' dir='ltr'><strong>rent</strong></span> <span class='ocrx_word' id='word_1_212' title='bbox 238 2788 346 2845; x_wconf 88' lang='lat' dir='ltr'><strong>tamen</strong></span> <span class='ocrx_word' id='word_1_213' title='bbox 370 2796 407 2844; x_wconf 87' lang='lat' dir='ltr'><strong>ea</strong></span> <span class='ocrx_word' id='word_1_214' title='bbox 432 2776 543 2843; x_wconf 85' lang='lat' dir='ltr'><strong>vocola</strong></span> <span class='ocrx_word' id='word_1_215' title='bbox 564 2773 697 2841; x_wconf 88' lang='lat' dir='ltr'><strong>retineri</strong></span> <span class='ocrx_word' id='word_1_216' title='bbox 721 2793 782 2839; x_wconf 91' lang='lat' dir='ltr'><strong>non</strong></span> <span class='ocrx_word' id='word_1_217' title='bbox 809 2776 975 2860; x_wconf 89' lang='lat' dir='ltr'><strong>potuisset.</strong></span> <span class='ocrx_word' id='word_1_218' title='bbox 1023 2778 1115 2845; x_wconf 88' lang='lat' dir='ltr'><strong>Nunc</strong></span> <span class='ocrx_word' id='word_1_219' title='bbox 1140 2782 1174 2848; x_wconf 91' lang='lat' dir='ltr'><strong>in</strong></span> <span class='ocrx_word' id='word_1_220' title='bbox 1193 2783 1330 2869; x_wconf 84' lang='lat' dir='ltr'><strong>optimis</strong></span> 
     </span>
     <span class='ocr_line' id='line_1_25' title="bbox 137 2880 1329 2967; baseline 0.002 -13"><span class='ocrx_word' id='word_1_221' title='bbox 137 2888 254 2954; x_wconf 88' lang='lat' dir='ltr'><strong>omissa</strong></span> <span class='ocrx_word' id='word_1_222' title='bbox 274 2892 323 2950; x_wconf 90' lang='lat' dir='ltr'><strong>est</strong></span> <span class='ocrx_word' id='word_1_223' title='bbox 347 2892 379 2948; x_wconf 90' lang='lat' dir='ltr'><strong>et</strong></span> <span class='ocrx_word' id='word_1_224' title='bbox 401 2880 611 2946; x_wconf 88' lang='lat' dir='ltr'><strong>nihilominus</strong></span> <span class='ocrx_word' id='word_1_225' title='bbox 638 2888 797 2946; x_wconf 83' lang='lat' dir='ltr'><strong>servatur.</strong></span> <span class='ocrx_word' id='word_1_226' title='bbox 846 2880 917 2967; x_wconf 88' lang='lat' dir='ltr'><strong>ipsa</strong></span> <span class='ocrx_word' id='word_1_227' title='bbox 942 2890 1056 2948; x_wconf 81' lang='lat' dir='ltr'><strong>natrrre</strong></span> <span class='ocrx_word' id='word_1_228' title='bbox 1079 2884 1252 2955; x_wconf 85' lang='lat' dir='ltr'><strong>locutionis</strong></span> <span class='ocrx_word' id='word_1_229' title='bbox 1274 2889 1329 2956; x_wconf 76' lang='grc' dir='ltr'><strong><em>καί</em></strong></span> 
     </span>
     <span class='ocr_line' id='line_1_26' title="bbox 137 2984 1329 3081; baseline -0.002 -21"><span class='ocrx_word' id='word_1_230' title='bbox 137 2996 172 3070; x_wconf 73' lang='grc' dir='ltr'><strong>δή</strong></span> <span class='ocrx_word' id='word_1_231' title='bbox 197 2990 366 3057; x_wconf 88' lang='lat' dir='ltr'><strong>notissimo</strong></span> <span class='ocrx_word' id='word_1_232' title='bbox 390 3006 449 3054; x_wconf 88' lang='grc' dir='ltr'><strong><em>ιιειι</em></strong></span> <span class='ocrx_word' id='word_1_233' title='bbox 473 2986 617 3071; x_wconf 85' lang='lat' dir='ltr'><strong>positae,</strong></span> <span class='ocrx_word' id='word_1_234' title='bbox 647 2984 702 3051; x_wconf 88' lang='lat' dir='ltr'><strong>ubi</strong></span> <span class='ocrx_word' id='word_1_235' title='bbox 725 2984 801 3071; x_wconf 91' lang='lat' dir='ltr'><strong>quid</strong></span> <span class='ocrx_word' id='word_1_236' title='bbox 827 2984 896 3052; x_wconf 87' lang='lat' dir='ltr'><strong>[ieri</strong></span> <span class='ocrx_word' id='word_1_237' title='bbox 919 2995 976 3054; x_wconf 86' lang='lat' dir='ltr'><strong>aut</strong></span> <span class='ocrx_word' id='word_1_238' title='bbox 999 2986 1121 3055; x_wconf 84' lang='lat' dir='ltr'><strong>iactum</strong></span> <span class='ocrx_word' id='word_1_239' title='bbox 1143 3010 1215 3059; x_wconf 84' lang='lat' dir='ltr'><strong>esse</strong></span> <span class='ocrx_word' id='word_1_240' title='bbox 1239 2995 1329 3081; x_wconf 90' lang='lat' dir='ltr'><strong>poni-</strong></span> 
     </span>
     <span class='ocr_line' id='line_1_27' title="bbox 138 3089 1329 3180; baseline 0.003 -15"><span class='ocrx_word' id='word_1_241' title='bbox 138 3117 230 3171; x_wconf 89' lang='lat' dir='ltr'><strong>mns,</strong></span> <span class='ocrx_word' id='word_1_242' title='bbox 251 3114 313 3160; x_wconf 90' lang='lat' dir='ltr'><strong>non</strong></span> <span class='ocrx_word' id='word_1_243' title='bbox 338 3092 482 3159; x_wconf 81' lang='lat' dir='ltr'><strong>admittit</strong></span> <span class='ocrx_word' id='word_1_244' title='bbox 501 3090 635 3158; x_wconf 85' lang='lat' dir='ltr'><strong>alteram</strong></span> <span class='ocrx_word' id='word_1_245' title='bbox 660 3090 817 3176; x_wconf 84' lang='lat' dir='ltr'><strong>copulam.</strong></span> <span class='ocrx_word' id='word_1_246' title='bbox 866 3089 902 3155; x_wconf 93' lang='lat' dir='ltr'><strong>ln</strong></span> <span class='ocrx_word' id='word_1_247' title='bbox 928 3090 952 3180; x_wconf 60' lang='lat' dir='ltr'><strong>g</strong></span> <span class='ocrx_word' id='word_1_248' title='bbox 972 3098 1023 3159; x_wconf 90' lang='lat'><strong>10.</strong></span> <span class='ocrx_word' id='word_1_249' title='bbox 1047 3095 1123 3159; x_wconf 72' lang='grc' dir='ltr'><strong><em>αλλ’</em></strong></span> <span class='ocrx_word' id='word_1_250' title='bbox 1146 3092 1231 3164; x_wconf 78' lang='grc' dir='ltr'><strong><em>οὗτοί</em></strong></span> <span class='ocrx_word' id='word_1_251' title='bbox 1252 3100 1329 3167; x_wconf 79' lang='lat' dir='ltr'><strong>etro</strong></span> 
     </span>
     <span class='ocr_line' id='line_1_28' title="bbox 137 3196 1330 3286; baseline 0.003 -17"><span class='ocrx_word' id='word_1_252' title='bbox 137 3207 164 3269; x_wconf 81' lang='lat' dir='ltr'><strong>oi</strong></span> <span class='ocrx_word' id='word_1_253' title='bbox 185 3202 274 3280; x_wconf 74' lang='grc' dir='ltr'><strong><em>λίνον</em></strong></span> <span class='ocrx_word' id='word_1_254' title='bbox 304 3200 416 3277; x_wconf 71' lang='grc' dir='ltr'><strong><em>ἀνδρῶν</em></strong></span> <span class='ocrx_word' id='word_1_255' title='bbox 445 3199 563 3274; x_wconf 75' lang='grc' dir='ltr'><strong><em>ἠλιθίων</em></strong></span> <span class='ocrx_word' id='word_1_256' title='bbox 589 3215 721 3282; x_wconf 88' lang='lat' dir='ltr'><strong>prorsus</strong></span> <span class='ocrx_word' id='word_1_257' title='bbox 748 3198 907 3263; x_wconf 81' lang='lat' dir='ltr'><strong>assentior</strong></span> <span class='ocrx_word' id='word_1_258' title='bbox 936 3196 1126 3286; x_wconf 80' lang='lat' dir='ltr'><strong>Pluygersio</strong></span> <span class='ocrx_word' id='word_1_259' title='bbox 1145 3202 1222 3267; x_wconf 77' lang='grc' dir='ltr'><strong><em>αλλ’</em></strong></span> <span class='ocrx_word' id='word_1_260' title='bbox 1246 3200 1330 3273; x_wconf 70' lang='lat' dir='ltr'><strong>aizoi</strong></span> 
     </span>
     <span class='ocr_line' id='line_1_29' title="bbox 135 3302 1329 3391; baseline 0.002 -17"><span class='ocrx_word' id='word_1_261' title='bbox 135 3312 194 3375; x_wconf 81' lang='grc' dir='ltr'><strong><em>εἰσι</em></strong></span> <span class='ocrx_word' id='word_1_262' title='bbox 219 3308 306 3384; x_wconf 77' lang='grc' dir='ltr'><strong><em>λίνα</em></strong></span> <span class='ocrx_word' id='word_1_263' title='bbox 341 3304 525 3387; x_wconf 82' lang='lat' dir='ltr'><strong>corrigenti.</strong></span> <span class='ocrx_word' id='word_1_264' title='bbox 573 3302 640 3367; x_wconf 89' lang='lat' dir='ltr'><strong>Non</strong></span> <span class='ocrx_word' id='word_1_265' title='bbox 665 3310 713 3366; x_wconf 88' lang='lat' dir='ltr'><strong>est</strong></span> <span class='ocrx_word' id='word_1_266' title='bbox 735 3312 827 3386; x_wconf 75' lang='lat' dir='ltr'><strong>grato</strong></span> <span class='ocrx_word' id='word_1_267' title='bbox 856 3321 952 3388; x_wconf 86' lang='lat' dir='ltr'><strong>quarn</strong></span> <span class='ocrx_word' id='word_1_268' title='bbox 981 3302 1144 3391; x_wconf 89' lang='lat' dir='ltr'><strong>appellant</strong></span> <span class='ocrx_word' id='word_1_269' title='bbox 1171 3309 1329 3375; x_wconf 88' lang='lat' dir='ltr'><strong>orationis</strong></span> 
     </span>
     <span class='ocr_line' id='line_1_30' title="bbox 136 3405 1327 3502; baseline 0.002 -22"><span class='ocrx_word' id='word_1_270' title='bbox 136 3410 332 3498; x_wconf 80' lang='lat' dir='ltr'><strong>negligentia</strong></span> <span class='ocrx_word' id='word_1_271' title='bbox 354 3406 409 3474; x_wconf 85' lang='lat' dir='ltr'><strong>sed</strong></span> <span class='ocrx_word' id='word_1_272' title='bbox 428 3409 535 3492; x_wconf 88' lang='lat' dir='ltr'><strong>inepta</strong></span> <span class='ocrx_word' id='word_1_273' title='bbox 552 3405 878 3492; x_wconf 85' lang='lat' dir='ltr'><strong>loquendisocordia,</strong></span> <span class='ocrx_word' id='word_1_274' title='bbox 902 3428 984 3493; x_wconf 84' lang='lat' dir='ltr'><strong>quae</strong></span> <span class='ocrx_word' id='word_1_275' title='bbox 1005 3410 1151 3476; x_wconf 88' lang='lat' dir='ltr'><strong>cernitur</strong></span> <span class='ocrx_word' id='word_1_276' title='bbox 1173 3413 1205 3477; x_wconf 89' lang='lat' dir='ltr'><strong>in</strong></span> <span class='ocrx_word' id='word_1_277' title='bbox 1231 3411 1327 3502; x_wconf 65' lang='lat'>313.</span> 
     </span>
     <span class='ocr_line' id='line_1_31' title="bbox 134 3511 1328 3596; baseline -0.001 -11"><span class='ocrx_word' id='word_1_278' title='bbox 134 3523 254 3588; x_wconf 69' lang='grc' dir='ltr'><strong><em>δοκοῦσι</em></strong></span> <span class='ocrx_word' id='word_1_279' title='bbox 277 3515 309 3581; x_wconf 73' lang='grc' dir='ltr'><strong>δέ</strong></span> <span class='ocrx_word' id='word_1_280' title='bbox 332 3511 460 3591; x_wconf 80' lang='grc' dir='ltr'><strong><em>μοικαί</em></strong></span> <span class='ocrx_word' id='word_1_281' title='bbox 484 3512 565 3589; x_wconf 77' lang='grc' dir='ltr'><strong><em>ὑμῶν</em></strong></span> <span class='ocrx_word' id='word_1_282' title='bbox 590 3535 670 3584; x_wconf 86' lang='grc' dir='ltr'><strong><em>τινες</em></strong></span> <span class='ocrx_word' id='word_1_283' title='bbox 694 3547 736 3559; x_wconf 92' lang='lat'><strong>-·</strong></span> <span class='ocrx_word' id='word_1_284' title='bbox 760 3511 974 3593; x_wconf 73' lang='grc' dir='ltr'><strong><em>αγορείσαντίς</em></strong></span> <span class='ocrx_word' id='word_1_285' title='bbox 996 3538 1027 3580; x_wconf 91' lang='grc' dir='ltr'><strong>τι</strong></span> <span class='ocrx_word' id='word_1_286' title='bbox 1056 3515 1153 3583; x_wconf 77' lang='grc' dir='ltr'><strong><em>ταλιν</em></strong></span> <span class='ocrx_word' id='word_1_287' title='bbox 1176 3518 1328 3596; x_wconf 72' lang='grc' dir='ltr'><strong>ὶτῆλίσν.</strong></span> 
     </span>
     <span class='ocr_line' id='line_1_32' title="bbox 136 3613 1327 3708; baseline 0.002 -17"><span class='ocrx_word' id='word_1_288' title='bbox 136 3622 290 3708; x_wconf 89' lang='lat' dir='ltr'><strong>Suspicor</strong></span> <span class='ocrx_word' id='word_1_289' title='bbox 320 3619 416 3683; x_wconf 77' lang='grc' dir='ltr'><strong><em>δοκεῖν</em></strong></span> <span class='ocrx_word' id='word_1_290' title='bbox 445 3617 472 3682; x_wconf 60' lang='lat' dir='ltr'><strong>i*</strong></span> <span class='ocrx_word' id='word_1_291' title='bbox 500 3616 590 3695; x_wconf 80' lang='grc' dir='ltr'><strong><em>ἐμοί,</em></strong></span> <span class='ocrx_word' id='word_1_292' title='bbox 627 3614 711 3701; x_wconf 90' lang='lat' dir='ltr'><strong>quod</strong></span> <span class='ocrx_word' id='word_1_293' title='bbox 743 3613 870 3682; x_wconf 90' lang='lat' dir='ltr'><strong>dicendi</strong></span> <span class='ocrx_word' id='word_1_294' title='bbox 894 3637 997 3703; x_wconf 85' lang='lat' dir='ltr'><strong>genus</strong></span> <span class='ocrx_word' id='word_1_295' title='bbox 1028 3640 1091 3687; x_wconf 90' lang='lat' dir='ltr'><strong>non</strong></span> <span class='ocrx_word' id='word_1_296' title='bbox 1123 3621 1327 3693; x_wconf 85' lang='lat' dir='ltr'><strong>intellectam</strong></span> 
     </span>
     <span class='ocr_line' id='line_1_33' title="bbox 137 3719 1327 3813; baseline 0 -17"><span class='ocrx_word' id='word_1_297' title='bbox 137 3727 248 3796; x_wconf 85' lang='lat' dir='ltr'><strong>turbas</strong></span> <span class='ocrx_word' id='word_1_298' title='bbox 271 3722 370 3791; x_wconf 85' lang='lat' dir='ltr'><strong>dedit.</strong></span> <span class='ocrx_word' id='word_1_299' title='bbox 418 3719 538 3788; x_wconf 81' lang='lat' dir='ltr'><strong>Eadem</strong></span> <span class='ocrx_word' id='word_1_300' title='bbox 561 3719 601 3787; x_wconf 86' lang='lat' dir='ltr'><strong>de</strong></span> <span class='ocrx_word' id='word_1_301' title='bbox 623 3738 721 3787; x_wconf 87' lang='lat' dir='ltr'><strong>causa</strong></span> <span class='ocrx_word' id='word_1_302' title='bbox 745 3720 920 3788; x_wconf 85' lang='lat' dir='ltr'><strong>titulatam</strong></span> <span class='ocrx_word' id='word_1_303' title='bbox 946 3725 977 3788; x_wconf 91' lang='lat' dir='ltr'><strong>in</strong></span> <span class='ocrx_word' id='word_1_304' title='bbox 1004 3723 1028 3813; x_wconf 80' lang='lat'>§</span> <span class='ocrx_word' id='word_1_305' title='bbox 1053 3731 1103 3791; x_wconf 85' lang='grc'><strong>18.</strong></span> <span class='ocrx_word' id='word_1_306' title='bbox 1128 3726 1197 3792; x_wconf 73' lang='grc' dir='ltr'><strong><em>ἐσσί</em></strong></span> <span class='ocrx_word' id='word_1_307' title='bbox 1218 3728 1327 3806; x_wconf 71' lang='grc' dir='ltr'><strong><em>μέντοι</em></strong></span> 
     </span>
     <span class='ocr_line' id='line_1_34' title="bbox 136 3823 1329 3919; baseline 0.002 -19"><span class='ocrx_word' id='word_1_308' title='bbox 136 3839 224 3919; x_wconf 83' lang='grc' dir='ltr'><strong><em>σφεῖς</em></strong></span> <span class='ocrx_word' id='word_1_309' title='bbox 256 3831 362 3909; x_wconf 75' lang='grc' dir='ltr'><strong><em>λέγειν</em></strong></span> <span class='ocrx_word' id='word_1_310' title='bbox 401 3825 555 3915; x_wconf 77' lang='grc' dir='ltr'><strong><em>[ἔφασαν]</em></strong></span> <span class='ocrx_word' id='word_1_311' title='bbox 589 3823 636 3892; x_wconf 83' lang='grc' dir='ltr'><strong>ίτι</strong></span> <span class='ocrx_word' id='word_1_312' title='bbox 668 3828 721 3892; x_wconf 81' lang='grc' dir='ltr'><strong>οὖν</strong></span> <span class='ocrx_word' id='word_1_313' title='bbox 752 3829 815 3892; x_wconf 75' lang='grc' dir='ltr'><strong><em>εἰσί</em></strong></span> <span class='ocrx_word' id='word_1_314' title='bbox 846 3832 941 3895; x_wconf 77' lang='grc' dir='ltr'><strong><em>καινοῦ</em></strong></span> <span class='ocrx_word' id='word_1_315' title='bbox 974 3831 1092 3908; x_wconf 76' lang='grc' dir='ltr'><strong><em>γίνοιτο</em></strong></span> <span class='ocrx_word' id='word_1_316' title='bbox 1123 3831 1159 3898; x_wconf 79' lang='lat' dir='ltr'><strong>ri</strong></span> <span class='ocrx_word' id='word_1_317' title='bbox 1185 3838 1329 3915; x_wconf 75' lang='grc' dir='ltr'><strong><em>τρᾶγμα</em></strong></span> 
     </span>
     <span class='ocr_line' id='line_1_35' title="bbox 135 3930 1328 4027; baseline 0.003 -22"><span class='ocrx_word' id='word_1_318' title='bbox 135 3939 259 4017; x_wconf 80' lang='grc' dir='ltr'><strong><em>ῖίδεσίαί</em></strong></span> <span class='ocrx_word' id='word_1_319' title='bbox 279 3960 315 4002; x_wconf 89' lang='grc' dir='ltr'><strong>τε</strong></span> <span class='ocrx_word' id='word_1_320' title='bbox 345 3934 458 4006; x_wconf 79' lang='grc' dir='ltr'><strong><em>αὐτοὺς</em></strong></span> <span class='ocrx_word' id='word_1_321' title='bbox 489 3930 542 3998; x_wconf 80' lang='grc' dir='ltr'><strong><em>καί</em></strong></span> <span class='ocrx_word' id='word_1_322' title='bbox 566 3932 695 4010; x_wconf 78' lang='grc' dir='ltr'><strong><em>μέλλειν</em></strong></span> <span class='ocrx_word' id='word_1_323' title='bbox 718 3939 809 3997; x_wconf 85' lang='grc' dir='ltr'><strong><em>τλεῖν</em></strong></span> <span class='ocrx_word' id='word_1_324' title='bbox 833 3932 926 4013; x_wconf 81' lang='grc' dir='ltr'><strong>δεῦρο.</strong></span> <span class='ocrx_word' id='word_1_325' title='bbox 975 3935 1123 4003; x_wconf 87' lang='lat' dir='ltr'><strong>Veterem</strong></span> <span class='ocrx_word' id='word_1_326' title='bbox 1156 3949 1328 4027; x_wconf 81' lang='lat' dir='ltr'><strong>corrupte·</strong></span> 
     </span>
     <span class='ocr_line' id='line_1_36' title="bbox 134 4036 1330 4126; baseline 0.003 -14"><span class='ocrx_word' id='word_1_327' title='bbox 134 4045 199 4113; x_wconf 90' lang='lat' dir='ltr'><strong>lam</strong></span> <span class='ocrx_word' id='word_1_328' title='bbox 225 4040 321 4109; x_wconf 84' lang='lat' dir='ltr'><strong>rides.</strong></span> <span class='ocrx_word' id='word_1_329' title='bbox 367 4039 404 4106; x_wconf 91' lang='lat' dir='ltr'><strong>In</strong></span> <span class='ocrx_word' id='word_1_330' title='bbox 427 4045 568 4125; x_wconf 87' lang='lat' dir='ltr'><strong>quatuor</strong></span> <span class='ocrx_word' id='word_1_331' title='bbox 588 4036 718 4123; x_wconf 87' lang='lat' dir='ltr'><strong>optimis</strong></span> <span class='ocrx_word' id='word_1_332' title='bbox 741 4046 806 4104; x_wconf 89' lang='lat' dir='ltr'><strong>est:</strong></span> <span class='ocrx_word' id='word_1_333' title='bbox 831 4039 897 4103; x_wconf 77' lang='grc' dir='ltr'><strong>ἐπεὶ</strong></span> <span class='ocrx_word' id='word_1_334' title='bbox 922 4040 1025 4116; x_wconf 78' lang='grc' dir='ltr'><strong><em>μέντοι</em></strong></span> <span class='ocrx_word' id='word_1_335' title='bbox 1047 4041 1174 4126; x_wconf 86' lang='grc' dir='ltr'><strong><em>ἔφασαν</em></strong></span> <span class='ocrx_word' id='word_1_336' title='bbox 1196 4046 1330 4115; x_wconf 86' lang='lat' dir='ltr'><strong>omissis</strong></span> 
     </span>
     <span class='ocr_line' id='line_1_37' title="bbox 134 4141 1327 4234; baseline 0.003 -18"><span class='ocrx_word' id='word_1_337' title='bbox 134 4155 223 4233; x_wconf 82' lang='grc' dir='ltr'><strong><em>σφεῖς</em></strong></span> <span class='ocrx_word' id='word_1_338' title='bbox 241 4148 366 4226; x_wconf 78' lang='grc' dir='ltr'><strong>λέγειν,</strong></span> <span class='ocrx_word' id='word_1_339' title='bbox 390 4145 423 4210; x_wconf 92' lang='lat' dir='ltr'><strong>in</strong></span> <span class='ocrx_word' id='word_1_340' title='bbox 448 4142 610 4231; x_wconf 81' lang='lat' dir='ltr'><strong>plerisque</strong></span> <span class='ocrx_word' id='word_1_341' title='bbox 630 4141 702 4210; x_wconf 87' lang='lat' dir='ltr'><strong>eliis</strong></span> <span class='ocrx_word' id='word_1_342' title='bbox 725 4144 793 4211; x_wconf 75' lang='grc' dir='ltr'><strong>ἐπεὶ</strong></span> <span class='ocrx_word' id='word_1_343' title='bbox 818 4144 921 4223; x_wconf 74' lang='grc' dir='ltr'><strong><em>μέντοι</em></strong></span> <span class='ocrx_word' id='word_1_344' title='bbox 942 4153 1036 4230; x_wconf 85' lang='grc' dir='ltr'><strong><em>σφεῖς</em></strong></span> <span class='ocrx_word' id='word_1_345' title='bbox 1055 4147 1162 4228; x_wconf 71' lang='grc' dir='ltr'><strong><em>λέγειν</em></strong></span> <span class='ocrx_word' id='word_1_346' title='bbox 1186 4148 1327 4234; x_wconf 83' lang='grc' dir='ltr'><strong><em>ἔφασαν.</em></strong></span> 
     </span>
     <span class='ocr_line' id='line_1_38' title="bbox 135 4247 1329 4338; baseline 0.003 -17"><span class='ocrx_word' id='word_1_347' title='bbox 135 4256 219 4323; x_wconf 88' lang='lat' dir='ltr'><strong>Vera</strong></span> <span class='ocrx_word' id='word_1_348' title='bbox 242 4253 425 4338; x_wconf 87' lang='lat' dir='ltr'><strong>scriptura,</strong></span> <span class='ocrx_word' id='word_1_349' title='bbox 457 4247 656 4327; x_wconf 85' lang='lat' dir='ltr'><strong>melodice,</strong></span> <span class='ocrx_word' id='word_1_350' title='bbox 688 4248 766 4316; x_wconf 87' lang='lat' dir='ltr'><strong>haec</strong></span> <span class='ocrx_word' id='word_1_351' title='bbox 789 4257 855 4316; x_wconf 89' lang='lat' dir='ltr'><strong>est:</strong></span> <span class='ocrx_word' id='word_1_352' title='bbox 888 4250 955 4317; x_wconf 73' lang='grc' dir='ltr'><strong>ἐπεὶ</strong></span> <span class='ocrx_word' id='word_1_353' title='bbox 978 4252 1082 4330; x_wconf 77' lang='grc' dir='ltr'><strong><em>μέντοι</em></strong></span> <span class='ocrx_word' id='word_1_354' title='bbox 1107 4258 1196 4338; x_wconf 79' lang='grc' dir='ltr'><strong><em>σφεῖς</em></strong></span> <span class='ocrx_word' id='word_1_355' title='bbox 1218 4257 1329 4337; x_wconf 68' lang='grc' dir='ltr'><strong><em>λέγειν</em></strong></span> 
     </span>
     <span class='ocr_line' id='line_1_39' title="bbox 134 4352 1328 4445; baseline 0.004 -18"><span class='ocrx_word' id='word_1_356' title='bbox 134 4360 200 4437; x_wconf 72' lang='lat' dir='ltr'><strong>iro,</strong></span> <span class='ocrx_word' id='word_1_357' title='bbox 225 4363 384 4445; x_wconf 81' lang='lat' dir='ltr'><strong>expuncto</strong></span> <span class='ocrx_word' id='word_1_358' title='bbox 415 4355 561 4438; x_wconf 75' lang='grc' dir='ltr'><strong><em>ἔφασαν,</em></strong></span> <span class='ocrx_word' id='word_1_359' title='bbox 586 4352 670 4439; x_wconf 85' lang='lat' dir='ltr'><strong>quod</strong></span> <span class='ocrx_word' id='word_1_360' title='bbox 699 4364 869 4441; x_wconf 84' lang='lat' dir='ltr'><strong>postquam</strong></span> <span class='ocrx_word' id='word_1_361' title='bbox 893 4356 1043 4443; x_wconf 84' lang='lat' dir='ltr'><strong>irrepsit,</strong></span> <span class='ocrx_word' id='word_1_362' title='bbox 1067 4358 1186 4429; x_wconf 88' lang='lat' dir='ltr'><strong>sciolos</strong></span> <span class='ocrx_word' id='word_1_363' title='bbox 1215 4382 1258 4431; x_wconf 83' lang='lat' dir='ltr'><strong>nn</strong></span> <span class='ocrx_word' id='word_1_364' title='bbox 1277 4384 1328 4431; x_wconf 85' lang='lat' dir='ltr'><strong>so·</strong></span> 
     </span>
    </p>
   </div>
   <div class='ocr_carea' id='block_1_3' title="bbox 0 0 1474 5010">
    <p class='ocr_par' dir='ltr' id='par_1_5' title="bbox 0 0 1474 5010">
     <span class='ocr_line' id='line_1_40' title="bbox 0 0 1474 5010; baseline 0 1"><span class='ocrx_word' id='word_1_365' title='bbox 0 0 1474 5010; x_wconf 95' lang='lat' dir='ltr'><strong> </strong></span> 
     </span>
    </p>
   </div>
  </div>
 </body>
</html>
