2940 5010
717 302 784 365 649

159 522 162 527 -
279 481 1102 544 ΑΜΕΡΑΙΤΑΝΣΎΝΟΔΩΝΑΠΟΔΟΣΘΩΝΚΑ
1124 478 1140 510 ⁸

279 584 295 640 ,⁴
321 590 1104 649 ΟΕΤΡΟΝΚΑΤΑΒΛΛΕΤΩΕΙΣΤΟΚΟΙΝΟΝ

154 710 158 719 ·
280 694 576 754 ΟΕΠΙΣΤΑΤΑΣ.

138 784 178 855 ld
198 797 271 867 flat,
303 799 340 856 ut
372 790 480 857 vides:
512 792 580 880 καθ
601 791 651 879 τ)ύ
683 793 790 873 εὑρὸν
821 792 1037 871 καταβαλέτω
1061 792 1106 866 εἷς
1135 794 1171 859 τὸ
1202 791 1333 858 κοινὸνύ

138 894 323 974 haebrea,
354 903 389 962 et
412 898 509 962 etiam
536 897 567 960 in
602 896 675 962 aliis
705 896 898 983 quibusdam
934 897 1199 984 inscriptionibus
1222 897 1334 964 eadem

139 996 266 1067 beatio
298 1002 451 1067 recurrit.
501 1002 661 1068 Tenemus
694 1003 797 1087 igitur
830 1001 1015 1069 manifestos
1045 1003 1179 1082 sciolos,
1211 1006 1267 1088 qui
1301 1004 1334 1068 in

139 1102 241 1173 dodel.
265 1105 458 1193 quibusdam
485 1106 705 1193 Xenophontis
729 1113 783 1173 τοῦ
808 1107 942 1188 εὑρόντος
967 1115 1088 1174 temere
1116 1108 1149 1172 in
1175 1115 1227 1175 τοῦ
1251 1110 1335 1191 εὑρε-

140 1208 245 1285 Ιύντος
269 1218 326 1278 aut
356 1211 389 1277 in
412 1217 467 1278 τοῦ
491 1213 642 1294 τυχόντος
666 1212 905 1299 depravarunt,
930 1220 963 1278 et
987 1215 1019 1278 in
1050 1211 1221 1279 Aeschinis
1244 1213 1336 1279 libris

142 1313 309 1383 munilia
340 1321 394 1383 τού
429 1317 695 1399 εὑρίσκοντος
727 1317 929 1384 refinxerunt
953 1320 986 1383 in
1018 1322 1072 1384 τοῦ
1101 1320 1335 1401 εὑρισκομέ-

141 1442 221 1489 νιν.

189 1524 313 1595 lterum
336 1527 392 1592 real
415 1525 499 1593 male
524 1528 655 1614 irrepsit
678 1525 704 1593 l.
732 1548 763 1593 u.
790 1531 845 1594 49.
877 1526 1010 1608 Φύσκων
1035 1529 1122 1595 κατὰ
1146 1528 1235 1607 ιύμου
1259 1526 1336 1606 ἑξεῖ·

140 1654 193 1699 m
213 1634 387 1716 παρανοίας
412 1632 511 1698 ἓλύντι
546 1631 628 1722 [καὶ]
661 1633 713 1699 τύν
736 1634 861 1715 πατέρα
887 1635 998 1711 δῆσαι,
1031 1634 1184 1721 quoniam
1212 1635 1244 1698 in
1270 1634 1335 1700 solo

94 1822 97 1833 Ι
142 1743 238 1825 putre
260 1756 297 1804 ea
324 1756 376 1803 res
400 1735 505 1802 locum
530 1736 635 1803 habet.

190 1840 407 1909 Vehementer
429 1840 529 1907 officit
564 1860 661 1907 sanae
685 1842 865 1907 sentcntiae
890 1862 1039 1927 perverse
1061 1841 1207 1909 additum
1235 1846 1336 1929 parti·
1395 1832 1397 1837 ’

141 1946 267 2034 ulpium
292 1946 319 2018 Ι.
344 1968 377 2013 11.
403 1951 457 2012 λδ.
489 1945 684 2035 (Alcibiades
708 1955 740 2012 et
763 1946 893 2034 Critias)
917 1948 1090 2025 ὠγκωμένω
1122 1951 1179 2026 μὲν
1202 1949 1254 2014 ἐπὶ
1281 1949 1336 2027 γέ-

94 2052 99 2059 ’
141 2076 208 2132 ποι,
232 2053 390 2135 ἐπηρμένοι
414 2055 440 2118 δ’
466 2052 518 2117 ἐπὶ
542 2052 689 2133 πλούτῳ,
723 2054 933 2133 πεφυσημένω
962 2053 989 2116 δ’
1013 2054 1064 2118 ἐπὶ
1089 2052 1239 2133 δυνούμει,
1271 2055 1336 2120 δια·

140 2156 340 2239 πιύρυμμέυω
369 2158 395 2224 δ’
421 2158 479 2223 dard
503 2163 626 2222 πολλῶν
657 2158 838 2236 οὶνύρύπων,
873 2157 923 2222 ἐντὶ
948 2158 980 2223 δὲ
1012 2162 1092 2224 ποῖοι
1115 2159 1234 2232 τούτοις
1262 2159 1335 2247 [bre-

141 2261 323 2349 φύαρμένω]
351 2261 404 2327 καὶ
425 2264 522 2328 πολύν
541 2261 648 2345 χρόνον
669 2260 731 2327 ἄπο
754 2262 934 2343 Σωκράτους
953 2262 1103 2342 γεγονότε
1122 2265 1156 2331 τύ
1175 2266 1337 2343 teuperto

140 2366 382 2452 ermenoara
406 2368 587 2446 ἕγενέούηνς
622 2367 819 2432 Acutissimc
850 2368 930 2433 vidit
958 2369 1169 2457 Pluygersius
1193 2372 1337 2454 διεφύοιρ·

140 2472 224 2553 ,tm
247 2491 267 2539 a
290 2472 388 2540 sciolo
412 2473 495 2539 mate
518 2472 664 2539 additum
698 2474 838 2558 expungi
862 2483 1031 2560 oportere,
1057 2494 1122 2561 quo
1142 2473 1226 2540 lacto
1247 2475 1336 2541 clara

141 2574 217 2645 lnce
248 2576 338 2643 locus
369 2577 524 2665 splendet.
579 2579 810 2659 Διεφύοορμένος
840 2599 915 2645 cum
945 2579 997 2644 ἐπὶ
1027 2580 1146 2654 τούτοις
1179 2582 1335 2667 coniungi

139 2694 206 2749 Ιυιι
231 2691 356 2770 potest,
380 2692 412 2750 et
437 2683 539 2748 solum
565 2683 709 2748 dativum
744 2682 909 2750 admittit:
934 2684 990 2750 sed
1014 2685 1140 2751 etiamsi
1163 2691 1243 2752 τῖοοι
1263 2687 1334 2753 τού-

94 2810 96 2857 ;
139 2808 206 2863 που
226 2788 448 2872 1διεφθαρμένω
478 2799 562 2855 esset
586 2789 769 2873 seriptum,
805 2790 882 2875 quid
911 2790 1069 2857 attinebat
1101 2789 1180 2858 baec
1216 2791 1333 2870 verba,

94 2922 99 2961 r
139 2890 263 2979 qulbus
282 2893 443 2960 sententia
467 2901 621 2960 oneratur
642 2901 674 2958 et
700 2893 894 2980 impeditur,
921 2894 1143 2982 superioribus
1169 2904 1335 2983 tamquam

141 2995 261 3065 hetilo
290 2997 417 3085 pondus
440 2997 646 3084 appenderet
697 2998 833 3064 Putabat
864 3000 983 3065 sciolus
1015 3000 1067 3065 ἔτ)
1103 3005 1183 3066 τοῖοι
1217 3003 1335 3075 τούτοις

94 3106 98 3179 i
140 3100 255 3171 odom
278 3122 377 3170 sensu
407 3124 477 3170 esse
503 3103 643 3190 positum
669 3111 767 3190 alque
790 3103 842 3169 ἐπὶ
873 3106 983 3182 γένει,
1017 3104 1068 3170 ἐπὶ
1101 3105 1248 3189 πλούτῳ,
1282 3106 1334 3172 ἐπὶ

138 3204 293 3288 δῆμον,
317 3216 350 3275 et
382 3208 559 3275 desiderari
579 3209 806 3295 participium,
840 3208 925 3274 unde
958 3210 1010 3275 itta
1044 3209 1232 3297 penderent.
1281 3209 1334 3290 Si,

94 3302 109 3383 l
140 3312 194 3381 kl
216 3312 250 3380 bl
272 3316 353 3381 πῖιτι
376 3315 494 3388 τούτοις
507 3314 598 3392 μέγα
610 3319 791 3395 Φρονούντο,
816 3315 864 3381 rel
877 3316 1193 3398 μεγαλαυχουμένω,
1218 3315 1266 3382 vel
1291 3315 1335 3382 si-

94 3418 106 3451 ·’
140 3414 323 3504 alioquid
357 3420 589 3507 supplevisset,
622 3428 747 3504 poterat
780 3418 867 3485 lraus
899 3421 1064 3508 aliquanto
1094 3422 1199 3487 tutius
1225 3422 1335 3489 tatere.

94 3500 99 3535 ¹
141 3518 312 3609 Significat
331 3544 407 3590 vero
425 3525 475 3590 ἔτι
495 3526 526 3591 δὲ
545 3529 625 3590 ποῖοι
649 3525 766 3596 τούτοις
785 3524 835 3588 br's
859 3528 1000 3592 orionibus
1021 3526 1154 3613 denique
1174 3527 1334 3606 accedere,

140 3624 230 3717 poti
251 3626 310 3694 diu
331 3627 474 3696 Socratis
498 3628 733 3695 consuetudine
757 3639 786 3694 et
813 3631 1015 3695 sermonibus
1039 3633 1231 3698 caruissent.

148 3730 383 3820 astomorum
417 3734 674 3800 additamentum
700 3734 851 3799 obscurat
884 3736 1112 3802 senteutiaml
1147 3756 1181 3801 n.
1207 3740 1260 3802 55.
1286 3735 1336 3803 ἵνα

141 3835 243 3905 nim
265 3839 311 3919 μη
341 3840 525 3919 ἀμφίβολον
550 3838 567 3921 ἦ
596 3840 647 3927 [ὡς
678 3837 759 3903 ἄλλο
785 3864 815 3905 τι
847 3842 922 3906 ποιῶ
950 3843 967 3917 ἢ
992 3841 1036 3906 τοὶ
1070 3842 1334 3927 προηγορευμένα]

141 3940 268 4025 ύρΙτατύ
298 3967 350 4023 μοι
383 3945 471 4020 κτλ,
509 3944 562 4010 ubi
597 3943 674 4030 quid
709 3942 840 4010 tandem
876 3945 937 4011 sibi
964 3946 1063 4012 velint
1095 3945 1192 4011 verba
1227 3947 1266 4018 ὡς
1289 3982 1336 3997 -

141 4048 411 4130 προηγορευμένα,
436 4050 594 4135 suspicari
618 4049 722 4135 magis
746 4069 842 4136 quam
866 4052 1034 4138 perspicue
1058 4049 1239 4136 intelligere
1264 4069 1335 4136 pos·

143 4152 212 4232 ds,
243 4173 349 4241 neque
371 4155 555 4237 debiliores
585 4157 624 4228 ὠς
658 4160 746 4220 recte
777 4156 1040 4242 coniunguntur,
1065 4155 1119 4223 sed
1150 4157 1335 4240 ἀμφίβολον

140 4257 171 4323 d
194 4255 369 4327 dicendum
390 4269 470 4327 erat.

187 4360 300 4431 diiecto
335 4363 527 4433 emblemate
557 4366 706 4454 expedies
739 4368 843 4435 locum
872 4370 904 4435 in
940 4369 1056 4436 ricinia
1081 4366 1105 4434 l.
1131 4389 1164 4435 n.
1190 4371 1243 4434 st.
1276 4367 1333 4450 ζῶν

1082 4478 1109 4518 ld
