2940 5010
717 306 782 368 612

166 485 202 542 ut
236 479 424 567 saepissime
456 476 576 544 dicitur
599 479 613 543 i
637 475 750 557 ἄνεμος
784 479 952 561 ὑπολαβὼν
987 482 1043 559 τὴν
1073 485 1153 549 νοοῦν
1184 484 1346 565 exeditur

167 589 209 660 εἰς
243 588 297 662 τὴν
329 593 411 665 γῆν,
449 592 480 650 11
510 583 661 650 similiter
684 585 698 649 ο·
721 586 864 668 χειμών,
900 583 1000 652 retuti
1035 586 1125 676 apud
1157 588 1346 657 Herodotum

167 692 235 758 Vtt.
263 697 336 758 170.
371 691 575 769 ὑπολαβόντα
605 689 709 774 σφέας
742 692 886 772 χενμῶνοε
907 691 1013 771 μέγαν
1046 694 1220 775 ἐκβαλέενν
1249 697 1280 772 te
1300 698 1347 771 riu

164 807 235 877 γῆν.
285 796 346 864 Sed
372 795 456 863 unde
480 794 625 882 digressa
648 796 752 861 oratio
781 806 829 862 est
854 797 1066 865 redeundum.

208 906 245 970 ln
272 907 289 989 §
313 907 367 971 16.
400 903 554 983 ἀφεκτέον
577 902 640 981 ἐγώ
664 908 748 985 φημι
772 903 963 987 Φνλνμοὶνννν
984 905 1099 984 riparius
1121 907 1166 988 τῷ
1191 913 1344 990 σωφρονεῖν

160 1011 358 1092 δυνησομένῳ.
407 1007 660 1074 Valckenaerius
689 1009 722 1074 in
755 1007 911 1076 Schedis:
947 1007 1023 1075 »Ne
1045 1012 1228 1093 Φολῆμοετον
1259 1018 1343 1098 ὀροῖν

160 1116 380 1202 intelligantur
396 1114 592 1180 scribendum
617 1113 740 1201 syllaba
762 1115 891 1202 repetito
914 1113 1106 1198 Φολημέεοον
1124 1124 1188 1185 πῶν
1209 1121 1343 1202 dpoeierl'

205 1223 243 1290 In
269 1224 286 1306 §
311 1225 364 1286 17.
401 1220 431 1285 ἕν
454 1221 496 1302 τῷ
521 1222 606 1303 αὐτῷ
628 1221 746 1304 βιβλίῳ
768 1221 941 1305 ἀμφότερον
971 1221 1230 1301 ἕμβοεπεῦετέ
1256 1250 1287 1294 πε
1303 1246 1341 1296 re·

161 1338 212 1396 cte
237 1325 374 1394 ltindort
394 1327 517 1413 recepit
540 1327 734 1404 ἐμοςεύετε,
761 1346 824 1413 qno
848 1326 945 1393 verbo
968 1325 1076 1394 lonico
1098 1332 1229 1417 passim
1252 1333 1340 1399 utitur

162 1432 337 1519 Xenophon
373 1452 431 1518 pro
466 1429 576 1498 Attico
609 1433 722 1515 ζητεῖν.
770 1430 886 1499 lisdem
919 1435 946 1500 oi
977 1432 1117 1517 ζνπνποοΙ
1150 1434 1339 1525 appellantur
1369 1490 1371 1499 .

159 1547 321 1621 μοςῆρες,
344 1537 428 1624 quod
452 1537 643 1603 vocabulum
670 1557 708 1604 cx
731 1536 856 1605 Solonis
878 1538 1022 1627 legibus,
1048 1548 1085 1606 ut
1107 1542 1245 1629 opinor,
1267 1560 1336 1611 suu·

158 1657 257 1723 tum,
285 1643 324 1710 de
354 1652 442 1711 certo
466 1643 603 1729 quodam
629 1664 746 1730 genere
768 1645 989 1731 quaesitorum
1013 1643 1238 1716 Athenienses
1261 1668 1335 1716 usur·

158 1751 295 1841 pahant,
327 1749 390 1815 vid.
415 1749 603 1836 Harpocrat.
630 1769 659 1816 r.
684 1760 842 1832 Μοςῆρες.
890 1752 1050 1818 Mereatur
1076 1751 1230 1840 Tragicis
1257 1754 1335 1823 rehu

158 1856 333 1945 quondum.

203 1961 294 2045 Quod
326 1960 406 2026 dicit
439 1959 586 2027 Socrates
620 1963 715 2045 118.
752 1963 845 2026 τοῦτ’
875 1959 937 2042 ἄρα
969 1963 1032 2042 ἐγὼ
1056 1999 1095 2015 -
1125 1963 1181 2031 τόν
1211 1991 1248 2033 τε
1267 1964 1332 2050 ripn

156 2078 301 2138 πλεῖον
325 2067 343 2144 ἢ
367 2067 460 2132 πέντε
485 2067 601 2149 ἡμέροις
624 2062 738 2141 diodor
762 2064 815 2130 καὶ
844 2066 1199 2154 §ursumpileatum
1224 2073 1332 2154 scirpi

155 2202 186 2243 πε
207 2176 325 2242 ἐδόκουν
346 2172 444 2255 ἔχειν.
492 2170 560 2237 Non
585 2179 632 2236 est
660 2170 724 2236 ulla
747 2168 906 2237 dubitatio
929 2174 1006 2259 quin
1032 2173 1213 2262 Xenophon
1236 2186 1332 2246 πλεῖν

156 2286 173 2363 ἢ
198 2282 289 2348 πέντε
316 2279 431 2360 ἡμέροις
465 2276 632 2363 scripserit
657 2285 689 2340 et
713 2274 824 2342 cadem
857 2277 1019 2363 scriptura
1051 2282 1174 2366 passim
1201 2283 1235 2348 in
1255 2284 1332 2350 sirni-

152 2387 237 2453 lihus
268 2384 382 2451 deheat
412 2382 627 2470 scriptoribus
663 2379 786 2447 Atticis
809 2382 962 2460 restitui,
995 2382 1035 2449 ad
1069 2404 1169 2471 quam
1204 2387 1330 2477 undique

152 2490 370 2578 expellendam
405 2490 529 2554 scribae
560 2488 659 2554 ueluti
685 2486 872 2554 corrinrasse
904 2486 1067 2555 ridentur.
1124 2490 1329 2579 Pepercerurt

151 2599 181 2664 ei
208 2599 241 2661 in
265 2594 331 2661 solo
351 2594 566 2680 Aristophane
591 2602 694 2660 rnetro
718 2593 821 2658 coacti
844 2600 878 2659 et
897 2592 930 2659 in
950 2595 1046 2661 unico
1064 2595 1134 2662 ioco
1157 2597 1329 2668 Demosthe·

151 2703 203 2769 uis
225 2723 256 2788 p.
272 2705 356 2778 415,
378 2704 415 2777 1,
441 2699 496 2765 uhi
523 2701 638 2766 unicus
660 2697 783 2775 Codex,
806 2697 859 2765 sed
884 2699 1029 2767 omnium
1051 2703 1216 2787 optimus,
1238 2724 1327 2772 serra·

150 2810 197 2874 rit
220 2814 334 2874 πλεῖν
356 2808 373 2883 ἢ
398 2807 532 2887 μυρίους.
580 2805 771 2870 Rectissime
795 2803 950 2871 indicarit
973 2805 1160 2875 Dindortius
1187 2819 1278 2877 πλεῖν
1300 2812 1326 2877 iu

148 2914 269 2981 talihus
312 2911 520 2978 lternostheni
565 2909 683 2996 uhiqne
722 2907 813 2976 reddi
850 2919 1021 2997 oportere,
1056 2932 1154 2998 quem
1192 2915 1324 2984 vidend

147 3042 177 3108 p.
201 3025 286 3097 505,
314 3023 376 3097 18,
402 3018 454 3084 uhi
477 3026 568 3084 πλεῖν
593 3017 609 3092 ἢ
631 3013 723 3092 ἅπαξ
747 3016 913 3094 restituit,
936 3024 969 3082 11
994 3022 1081 3096 1170,
1108 3023 1159 3085 16.
1197 3030 1285 3089 πλεῖν
1309 3024 1323 3100 ri

146 3127 240 3193 πέντε
270 3124 441 3200 venerae,
474 3133 506 3190 et
538 3126 623 3199 667,
658 3126 709 3187 10.
747 3130 837 3187 πλεῖν
870 3122 887 3199 ri
922 3123 1084 3204 rprarrdrror
1119 3133 1151 3191 et
1187 3130 1272 3207 669,
1297 3130 1323 3193 e.

145 3240 236 3299 πλεῖν
270 3234 287 3308 e
320 3230 390 3311 apia
423 3228 499 3305 ἔτη,
535 3227 590 3294 sed
625 3229 682 3309 ποῖ
714 3226 767 3303 ἔτη
800 3226 1028 3305 scribendum,
1061 3236 1091 3295 et
1117 3233 1322 3311 741,11.1ν

145 3339 276 3413 πλεῖνῆ
308 3337 469 3407 dianerius
496 3333 614 3411 ἔτεσιν,
639 3342 671 3399 11
705 3332 780 3398 olibi
810 3334 941 3420 passim.
991 3333 1111 3400 Maiore
1135 3339 1235 3405 etiam
1264 3340 1323 3405 iure

143 3440 222 3507 haec
255 3439 493 3527 antiquioribus
524 3438 683 3505 reddenda
718 3448 814 3516 sunt,
850 3438 951 3504 vetuti
982 3439 1175 3526 Antiphonti
1203 3443 1253 3511 Vi.
1276 3448 1320 3512 n.

144 3554 264 3613 πλεῖν
296 3548 312 3622 ἢ
344 3549 557 3623 πεντήκοντα,
590 3554 621 3610 11
646 3545 759 3631 Lysiae
783 3544 838 3611 111.
865 3549 919 3610 17.
952 3555 1066 3612 πλεῖν
1097 3547 1321 3632 rire'rrapaei

143 3660 266 3720 πλεῖν
301 3653 317 3728 ἢ
351 3652 531 3729 διακοσίων,
563 3659 595 3716 11
626 3650 722 3716 XXX.
749 3654 779 3716 7.
813 3658 936 3715 πλεῖν
969 3649 986 3725 e
1018 3651 1127 3732 χίλιοι.
1176 3653 1320 3723 Aeschini

143 3778 270 3845 quoquo
302 3756 499 3823 reddendum
524 3756 565 3823 11.
593 3758 669 3822 175.
702 3762 824 3821 πλεῖν
856 3755 874 3831 ἢ
908 3755 1026 3836 χ1λνοο,
1058 3765 1091 3823 11
1120 3757 1177 3825 111.
1205 3765 1267 3839 te,
1295 3768 1322 3828 11

142 3864 229 3931 alihi.
279 3862 412 3930 Surnrno
439 3881 514 3947 ergo
539 3862 610 3926 iurc
634 3858 836 3945 Xenophonti
865 3857 968 3925 tonna
988 3857 1099 3928 Attica
1122 3872 1155 3928 11
1179 3863 1241 3933 hoc
1262 3866 1321 3933 too

142 3980 173 4037 et
198 3970 270 4035 otiis
299 3968 447 4056 pluribus
480 3967 540 4033 erit
573 3964 782 4031 restituenda.
833 3964 911 4030 Tam
945 3966 1067 4032 assueti
1100 3978 1177 4037 sunt
1207 3971 1322 4039 scrihae

140 4075 218 4142 haec
254 4076 362 4141 onrnia
396 4071 575 4158 reiungere,
609 4081 645 4137 ut
678 4070 724 4136 rel
749 4068 834 4156 apud
868 4069 1064 4159 Hesychiurn
1090 4094 1149 4160 pro
1180 4086 1321 4155 Πλεῖν,

140 4181 254 4246 πλέον
289 4178 425 4246 Ἀττικοὶ
456 4177 604 4259 increpes
635 4177 779 4254 λέγουσιν
816 4195 912 4241 suum
944 4187 1051 4244 πλεῖον
1086 4179 1323 4252 substituerint.

140 4285 280 4372 Turpius
304 4287 400 4352 ctiam
425 4290 599 4370 peccarunt
623 4283 654 4345 in
682 4282 781 4360 iocis,
809 4282 915 4368 qualis
944 4289 993 4349 cst
1022 4282 1166 4352 Platonis
1202 4291 1237 4355 in
1267 4290 1326 4358 111-

136 4410 258 4458 ueneno
290 4396 407 4478 11156
433 4390 466 4457 B.
503 4388 558 4456 urci
586 4411 638 4468 μοε
670 4385 751 4464 αὕτη
776 4389 793 4464 ἡ
817 4386 968 4468 σεμνότης
1003 4391 1177 4473 παραμένει
1212 4396 1328 4479 ἡμέρας
