2940 5010
697 280 761 343 eto

320 454 431 520 ἐνθένδε
454 453 481 518 δ’
501 457 555 519 οὐκ
577 452 709 532 ἔμελλες
733 453 889 535 αἰσχύνας
912 454 969 533 rot

323 558 409 637 ιἰξειν
431 559 492 644 βία
513 558 632 625 τούσδε.

143 690 163 736 s
187 674 279 755 poete
301 665 459 751 scriptum
484 682 554 730 esse
571 663 737 750 suspicor:
760 664 867 731 totto&
889 663 938 747 ἄρ’
962 667 1017 733 uix
1040 664 1218 747 ἔμελλες-
1233 666 1291 745 ἄξει

142 774 268 849 τούσδε,
292 789 431 857 namque
452 770 497 835 itu
519 768 663 855 loquitur
681 788 770 836 more
792 770 915 846 Attico,
939 770 994 857 qui
1013 788 1054 838 cx
1074 772 1242 839 certamine
1258 788 1291 839 su

144 877 348 947 contentione
371 874 473 941 nrrnito
495 872 602 941 tuhore
626 875 753 941 tandem
777 875 925 941 discessit
949 875 1115 963 superior,
1141 887 1197 945 eut
1217 898 1247 946 se

147 983 284 1073 prodivit,
309 991 347 1048 ut
371 982 403 1046 in
428 979 528 1046 tionis
548 983 625 1047 268.

281 1088 413 1168 ἔμελλεν
434 1084 497 1167 ἄρα
519 1088 650 1153 ταύσειν
674 1088 740 1152 τιν’
763 1089 848 1165 ὑμᾶς
871 1091 926 1153 τσῦ
948 1085 1036 1165 αιάξ.

146 1206 179 1264 et
200 1198 232 1262 in
255 1192 401 1261 Nubibus
422 1195 517 1258 1502.

284 1298 426 1381 φεύγεις.
451 1295 584 1377 ἔμελλόν
606 1301 636 1364 r’
658 1294 722 1379 ἆρα
744 1300 876 1375 κινήσειν
899 1300 972 1377 ἐγώ.

150 1406 204 1473 uhi
229 1413 402 1489 transpone
420 1400 553 1482 ἔμελλον
575 1401 637 1483 ἄρα
658 1428 715 1479 σε,
738 1411 771 1470 et
795 1402 827 1468 in
849 1402 963 1491 Vespis
982 1406 1058 1471 460.

285 1504 333 1590 ἆρ’
357 1507 530 1588 ἐμέλλομέν
552 1509 619 1573 τιν’
643 1509 727 1587 ὑμᾶς
749 1510 957 1590 ατνσιβιίσειν
980 1512 1023 1594 τῷ
1045 1509 1163 1595 miron

195 1613 369 1700 Flagitiose
392 1621 565 1699 corruptus
587 1621 636 1678 est
660 1613 692 1679 in
724 1613 984 1681 hohurnensihus
1006 1636 1053 1681 vs.
1079 1619 1156 1683 546.

290 1720 436 1799 ἐμέλλετ’
460 1713 509 1799 ἄρ’
532 1715 673 1793 ἅπαντες
695 1719 850 1786 evasum
872 1721 971 1799 βοῆς,

152 1826 209 1895 uhi
232 1832 337 1914 potest
357 1823 435 1891 olim
457 1823 615 1910 scriptum
637 1823 755 1891 troisse:

289 1929 436 2010 ἐμέλλετ’
457 1926 521 2012 ἄρα
542 1928 660 2004 σαντες
683 1933 753 1996 τοτ’
776 1931 901 2007 ἆνιὶσειν
922 1941 978 2008 τῆς
1001 1932 1098 2011 βοῆς,

155 2046 212 2106 aut
234 2035 340 2104 simite
362 2034 458 2122 quid:
491 2034 547 2102 sed
571 2033 655 2121 quod
680 2054 765 2102 nuuc
788 2034 1020 2103 circumfertur
1042 2036 1137 2123 ptuue
1165 2056 1257 2105 seusu
1280 2056 1289 2099 ι

155 2163 254 2211 cuum
278 2150 311 2209 et
334 2139 508 2208 absurdum
534 2149 593 2207 est.

201 2248 332 2316 Centum
350 2245 569 2314 teneovitium
582 2253 670 2312 certe
692 2242 851 2312 medicina
873 2245 1054 2314 muundum
1074 2247 1108 2311 iu
1132 2265 1179 2313 rs.
1193 2251 1289 2315 ittet

654 2352 730 2416 ἀλλ’
753 2350 792 2417 u’
815 2352 858 2426 ste
881 2352 1012 2432 δόμους,
1034 2352 1133 2436 γέρον.

250 2467 337 2524 ΙΟΛ.
384 2458 438 2522 οὐκ
460 2453 500 2522 ἂν
522 2456 643 2534 λίτσιμι
665 2456 784 2536 βωμόν.
810 2456 968 2540 ἑζώμεσθα
990 2460 1026 2536 δή

384 2560 486 2627 ἱκέται
508 2560 650 2640 μένοντες
674 2560 771 2627 note*
793 2560 828 2630 εὖ
851 2561 969 2645 πρᾶξαι
992 2563 1093 2631 πόλιν.

161 2670 294 2737 miseret
316 2685 368 2732 me
390 2684 527 2744 eorum,
557 2668 614 2752 qui
645 2666 818 2750 ἑζόμεσια,
854 2668 1031 2751 ἑζώμεσθα,
1063 2666 1217 2749 ἐξέμεσεν
1247 2668 1289 2735 iot

161 2771 283 2861 proteri
307 2771 458 2837 nituntur
487 2790 590 2859 neque
620 2770 791 2858 proficiunt
824 2772 1010 2861 quidquam.
1057 2773 1138 2856 Quis
1169 2790 1289 2863 numen

160 2876 286 2947 audivit
312 2876 456 2943 iocosum
477 2875 672 2945 Graecorum
697 2877 921 2964 proverbium:

300 2980 379 3065 ἔργα
402 2980 495 3059 νέαν,
516 2982 631 3062 βουλαὶ
655 2982 687 3048 δὲ
708 2983 826 3062 μέσων,
849 2984 945 3069 εὐχαὶ
969 2986 1001 3052 δὲ
1020 2984 1188 3066 γερόντων,

164 3093 197 3157 ιιι
230 3106 294 3175 quo
326 3085 484 3174 quomodo
514 3086 628 3154 luserit
664 3087 887 3155 Athenodorus
919 3088 1099 3156 Stoicorum
1133 3088 1288 3179 tepidissit

164 3195 307 3263 suaviter
330 3200 441 3259 uersat
465 3190 579 3259 Stroho
597 3193 678 3260 xtv.
704 3214 733 3281 p.
756 3200 832 3261 674.
880 3193 960 3276 Quis
983 3196 1084 3283 igitur
1103 3214 1166 3263 non
1191 3196 1279 3265 videt

165 3319 239 3368 rum
262 3318 348 3366 esse:

798 3404 970 3487 εὐξόμεσθα
992 3409 1029 3485 δή

347 3506 447 3573 ἱκέται
470 3506 613 3586 μένοντες
636 3509 734 3576 ἐνθάδ’
756 3508 790 3578 εὖ
815 3510 930 3592 τιιῖξαι
954 3513 1053 3579 τὸλιν.

214 3615 296 3681 lium
319 3613 380 3679 viri
403 3622 547 3699 pugnant
577 3632 670 3680 senes
693 3624 726 3682 et
754 3618 847 3704 pueri
870 3617 1031 3705 supptices
1059 3616 1208 3685 sedentes
1229 3620 1264 3685 in

168 3722 250 3789 ticos
273 3718 396 3785 oraturi
426 3725 503 3784 suot
534 3727 570 3784 ut
599 3719 783 3808 Demophon
809 3731 840 3789 et
865 3723 1076 3790 Athenienses
1097 3742 1166 3790 rem
1192 3723 1273 3793 hene

170 3836 254 3894 rant.
302 3822 426 3911 Ecquid
451 3842 520 3889 esse
542 3833 646 3911 potest
669 3826 849 3914 simplicius
871 3837 904 3894 et
926 3831 973 3896 rei
994 3830 1262 3896 convenientius!

170 3934 233 3999 tum
265 3939 314 3997 est
344 3930 401 4015 qui
432 3927 553 3995 tectum
577 3929 640 4006 sit,
675 3940 711 3998 ut
740 3931 932 4012 εὐξόμεσιιι,
964 3934 1116 4016 &duecte
1139 3942 1173 4001 et
1204 3934 1287 4018 ἑζιιιι

170 4035 454 4104 couinrnderentur.
501 4033 631 4100 Nullum
654 4047 703 4103 est
727 4039 907 4125 scriptume
930 4060 1032 4126 genus
1055 4041 1088 4107 iu
1110 4059 1174 4128 quo
1195 4058 1259 4107 non
1282 4048 1287 4103 t

171 4142 191 4219 ξ
213 4141 450 4229 ineptissimum
472 4140 504 4205 iu
528 4139 657 4208 modum
679 4144 946 4230 permisceantur.
993 4147 1179 4214 Nascuntur
1200 4148 1287 4215 sien

172 4258 240 4315 stru
268 4256 300 4314 ot
331 4254 478 4334 portentu
504 4245 699 4324 lectionum,
731 4249 785 4317 sed
810 4250 889 4318 nihil
913 4272 950 4320 cs
972 4273 1025 4320 ros
1047 4251 1229 4321 scribarum
1259 4272 1287 4321 m

173 4373 244 4421 num
269 4362 394 4431 nnovot,
427 4354 481 4437 spu
507 4352 538 4418 in
564 4352 721 4439 hesychio
745 4354 900 4425 dedorunt
927 4357 1024 4437 ἱξιὶιει
1048 4378 1105 4447 pro
1127 4357 1224 4442 ἱζάνει
1250 4367 1284 4429 et
