2940 5010
711 274 774 335 545

147 446 205 515 sed
226 446 255 512 si
281 446 356 513 talia
380 445 556 523 disserere,
580 444 686 532 qualia
710 446 784 511 istic
808 444 956 512 Socrates
980 446 1019 513 de
1044 448 1244 533 providentia
1268 451 1332 517 dis·

145 560 259 640 potat,
286 561 335 619 est
354 552 421 633 περὶ
449 559 585 634 φυσικῶν
613 551 832 628 διαλέγεσθαι,
853 572 985 627 omues,
1011 561 1046 617 ut
1072 555 1206 640 opinor,
1231 556 1332 624 horni-

146 678 206 725 nas
230 658 263 723 in
288 657 499 746 Physicornm
524 676 696 723 ttuurerum
722 658 845 722 erinnis
868 656 1038 724 referendi.

192 764 241 829 Ex
277 763 419 830 Platonis
442 765 508 830 rita
542 782 639 828 unam
672 770 801 827 tautum
836 763 1115 829 narratiunculam
1149 768 1332 853 attingam,

148 870 302 957 qnoniam
336 872 407 935 sinc
437 868 581 954 exemplo
612 868 764 933 iocularis
795 875 843 932 cst
877 876 910 932 et
943 888 1005 933 una
1041 872 1185 937 omnium
1214 877 1334 960 optime

149 973 371 1041 incredibilem
397 973 536 1039 hominis
555 974 697 1055 ἀκρισίαν
722 983 753 1039 et
776 982 938 1058 stuporem
963 976 1083 1058 arguit.
1130 977 1265 1062 Legitur
1279 979 1333 1045 lll.

147 1084 205 1145 21.
242 1080 269 1168 (ὁ
294 1077 442 1166 Πλοθτων)
467 1079 538 1160 πρὸς
562 1082 615 1143 τὸν
642 1080 780 1160 νεώτερον
805 1078 857 1155 ἧκε
885 1082 1040 1145 Διονύσιον
1067 1084 1161 1149 αἰτῶν
1188 1094 1247 1162 γῆν
1280 1088 1332 1151 καὶ

145 1186 321 1267 ιὐθροθτουο
338 1187 408 1260 τοὺς
431 1187 518 1250 κατοὶ
541 1186 596 1259 τὴν
611 1186 776 1251 Πολιτείαν
799 1188 895 1250 αὐτοῦ
919 1184 1111 1266 ζησομένους.
1137 1190 1201 1255 ddi
1222 1192 1334 1273 καίτερ

145 1290 361 1373 ὑτοοχθμενορ
395 1293 449 1357 οὐκ
485 1293 634 1365 ἐποίησεν.
693 1290 778 1355 llaec
814 1291 866 1355 ille
899 1290 979 1354 bona
1013 1291 1074 1357 lide
1115 1301 1147 1359 et
1181 1298 1265 1361 serio
1301 1300 1332 1364 in

145 1394 402 1461 Commentarios
426 1396 547 1461 retulit.
596 1396 679 1461 Sunt
707 1394 786 1461 haec
811 1396 1018 1471 huiusmodi,
1047 1406 1081 1462 ut
1112 1398 1245 1465 verbnm
1272 1423 1333 1467 uon

145 1501 289 1589 amplius
311 1503 355 1569 sit
381 1500 574 1567 addendum.

194 1604 232 1672 ln
256 1606 323 1671 vita
347 1606 567 1691 Xenophontis
599 1608 740 1691 primum
774 1607 876 1672 risum
913 1617 1019 1672 movet
1047 1608 1129 1693 quod
1151 1611 1190 1676 ll.
1217 1617 1261 1677 ta
1285 1635 1334 1701 sq.

146 1719 262 1777 narrat
285 1710 324 1777 tle
353 1712 561 1796 Xenophonte
590 1711 725 1777 Cliniam
751 1712 947 1798 depereunte
972 1734 1011 1778 ex
1041 1714 1196 1801 Aristippi
1228 1722 1337 1786 nescio

145 1820 245 1887 euius
266 1815 373 1883 libello
394 1818 461 1897 περὶ
483 1821 627 1890 παλαιοῖς
651 1826 790 1898 τρυφῆς,
817 1818 901 1883 unde
926 1827 957 1883 et
980 1818 1040 1883 alia
1065 1818 1167 1885 multa
1188 1842 1250 1888 non
1275 1828 1334 1890 nri·

146 1944 211 1991 nus
240 1922 323 1989 levia
353 1921 488 1988 subinde
520 1923 647 1988 sumsit.
695 1923 854 2008 Corrrponc
883 1921 963 1987 ntihi
989 1924 1084 1989 rerba
1115 1926 1335 2014 Xenophontis

146 2032 182 2095 in
203 2028 352 2117 Sympos.
376 2028 429 2094 tv,
458 2032 510 2094 12.
544 2046 618 2091 cum
649 2028 804 2113 Aristippi
826 2030 1033 2107 narratione,
1058 2041 1090 2096 et
1125 2032 1180 2097 isti
1213 2034 1335 2103 honrini

146 2134 326 2223 quidquam
357 2133 488 2199 credero
519 2131 656 2199 desines.
712 2134 747 2197 ln
784 2134 824 2197 iis
855 2153 937 2219 quae
971 2156 1009 2199 en
1042 2136 1181 2203 hnahasi
1216 2144 1336 2209 sumsit

146 2239 251 2307 multa
281 2246 358 2305 sunt
384 2237 524 2303 levitatis
552 2246 585 2304 et
619 2239 807 2303 oscitantiae
843 2237 1055 2317 «lucumonis,
1090 2241 1189 2308 veluti
1213 2245 1253 2310 ll.
1279 2254 1333 2315 50.

147 2348 276 2413 καὶτοῦ
301 2342 446 2426 Προξένου
469 2344 563 2427 Φίλος
592 2347 654 2424 οὐχ
684 2339 773 2416 ἧττον
799 2341 832 2419 ἦν
856 2345 962 2424 αὐτῷ,
996 2353 1027 2410 et
1057 2348 1141 2433 quod
1170 2350 1210 2417 de
1241 2354 1333 2438 Apol·

146 2450 255 2519 lonltle
278 2458 412 2525 narrat,
445 2451 499 2515 etti
534 2448 708 2534 Xenophon
740 2447 871 2529 ἑνειδθζει
906 2454 1068 2530 τετρῆσθαι
1100 2455 1144 2519 τοὶ
1178 2453 1266 2533 ὦτα,
1301 2471 1333 2527 et

147 2576 230 2645 qnos
252 2563 485 2623 commemorat
506 2555 871 2635 παρασπονδήσεις
893 2556 1025 2633 Σεύθου,
1050 2565 1081 2624 el
1106 2560 1190 2644 quod
1214 2564 1242 2627 ei
1256 2563 1334 2630 dict-

145 2670 202 2729 tur
225 2658 401 2745 Xenophon
426 2661 551 2726 venisse
575 2664 618 2733 εἷς
642 2662 753 2726 Ἀσίαν
777 2662 872 2741 πρὸς
905 2664 1159 2740 Ἀγησίλαον
1190 2670 1242 2733 τὸν
1264 2681 1334 2735 Λα-

144 2767 342 2847 κεδαιμονίαν
373 2766 512 2844 βασιλέα
546 2768 653 2845 μισθοῦ
677 2766 747 2838 τοὺς
777 2765 872 2845 Κύρου
905 2768 1079 2846 ςρατιθτας
1111 2774 1195 2853 αὐτῷ
1232 2798 1333 2855 ταρα-

143 2874 252 2957 σχοθν,
285 2878 318 2936 et
348 2870 433 2956 quod
464 2870 578 2938 scribit
603 2871 642 2936 lt.
668 2876 721 2935 ol.
754 2870 806 2935 καὶ
831 2874 915 2951 αὐτῷ
941 2873 1169 2964 (Xenophonti)
1196 2879 1295 2958 σροξ
1303 2906 1332 2945 ε-

142 2980 236 3045 vtes
270 2976 378 3041 ἔδοσαν
402 2978 428 3041 οἱ
451 2977 713 3055 Λακεδαιμόνιοι,
749 2995 830 3060 qttae
861 2978 969 3042 onmia
1002 2998 1098 3063 quam
1134 2982 1335 3068 negligenter

143 3082 235 3151 diota
258 3089 316 3147 ant
339 3080 419 3146 laiso
444 3081 562 3147 tradita
585 3083 650 3145 sint
674 3082 768 3167 pauci
792 3090 869 3145 suut
892 3083 948 3165 qui
974 3101 1034 3147 uon
1059 3085 1168 3151 statim
1191 3090 1334 3157 animad-

142 3196 285 3257 vertant.
333 3186 401 3253 larn
432 3206 507 3252 vero
534 3188 608 3272 quis
637 3196 686 3251 cst
716 3187 772 3271 qui
805 3186 837 3249 in
872 3194 960 3251 tauta
991 3188 1087 3253 turba
1119 3209 1267 3259 errorum
1302 3206 1335 3264 et

141 3293 387 3363 mendaciorum
412 3302 444 3358 et
468 3291 610 3357 lutiliurn
635 3291 952 3356 narratiuncularum
979 3292 1100 3378 aliquid
1124 3296 1333 3369 tribuendum

141 3420 216 3469 esse
239 3407 330 3487 putet
356 3396 489 3464 labellae
510 3398 549 3463 de
573 3398 781 3483 Xenophonte
810 3396 894 3483 apud
919 3397 1045 3464 Delium
1070 3419 1088 3464 a
1113 3400 1244 3470 Socrate
1267 3428 1332 3474 ser·

140 3514 238 3583 sato,
274 3505 368 3570 cuius
398 3502 525 3569 lalndae
559 3502 668 3567 nullus
701 3504 794 3569 testis
827 3501 1039 3589 producitur,
1072 3526 1154 3592 quae
1185 3530 1260 3577 cum
1293 3515 1334 3580 iis

142 3628 229 3699 qnae
261 3608 349 3675 Plato
381 3607 420 3674 de
451 3608 565 3674 iisdem
591 3607 688 3674 rebus
716 3608 831 3674 scribit
860 3610 893 3672 in
928 3608 1096 3697 Symposio
1130 3617 1333 3699 apertissime

141 3724 288 3803 pugnat,
321 3734 403 3801 qnae
430 3713 656 3781 disertissimis
686 3716 787 3801 ipsius
819 3714 1039 3800 Xenophontis
1065 3719 1260 3786 testimoniis
1283 3744 1334 3790 re·

141 3821 341 3909 darguitnr?
389 3820 492 3887 Citius
525 3819 721 3886 credendum
761 3821 823 3885 erit
854 3820 1018 3887 Platonem
1048 3841 1067 3887 a
1097 3822 1250 3913 Dionysio
1280 3847 1334 3914 pe·

141 3928 238 3995 tiisse
269 3946 364 4013 agros
394 3936 427 3993 ct
457 3927 624 4005 homiues,
658 3925 834 4012 inquibus
866 3926 1073 4013 lteipublicae
1103 3948 1181 3998 suae
1213 3930 1334 4001 laceret

140 4035 416 4122 experimentum.

187 4139 236 4207 rte
260 4138 427 4205 Strabonis
460 4137 589 4224 quidem
624 4137 807 4202 testimonio
830 4136 1006 4223 quidquam
1033 4136 1243 4208 tribuendum
1266 4150 1335 4225 ost,

139 4264 341 4335 quamquam
363 4246 492 4330 egregie
516 4243 629 4308 doctus
652 4240 747 4307 homo
769 4250 873 4308 estet
902 4242 1011 4327 gravis
1041 4252 1156 4315 amtor
1182 4244 1336 4323 bebatur,

138 4352 199 4421 nst
222 4352 309 4419 enim
335 4350 448 4419 Strabo
468 4348 638 4434 φιλόμυθος
660 4356 692 4414 ot
714 4368 776 4415 non
804 4349 899 4416 anxie
925 4348 1059 4419 testium
1077 4358 1092 4409 .t
