2940 5010
705 279 767 340 140

182 454 383 523 Nicostratus
410 450 523 518 Athen.
548 472 578 538 p.
605 453 680 517 887.
707 450 742 515 ll.

630 555 742 621 ἔπειτα
764 564 820 632 τῆς
841 558 939 632 αὐτῆς
964 556 1030 622 ὁδοῦ

315 664 387 746 τρίς
411 662 559 744 Ἀερόπην
582 662 714 727 ἕλίοῦσα
738 661 865 743 πέμψαι
890 662 1041 742 τρώματα

313 771 410 845 αὐτὴν
433 768 559 844 κέλευε,
582 766 679 850 φησί,
703 767 755 834 καί
780 773 853 848 παρ’
871 769 1015 846 Ὤκιμον

315 875 532 957 χαλκώματα.

133 977 303 1065 legendum
327 987 375 1047 est
396 979 448 1046 καί
469 979 544 1056 παρ’
566 975 724 1055 Ὠκίμου,
748 975 832 1062 quod
853 976 886 1043 hi
906 976 967 1043 loci
990 979 1169 1064 comparati
1190 977 1335 1045 demon·

133 1083 292 1152 strabuut.
339 1080 582 1151 Anaxanrlricles
613 1080 727 1148 Athen.
753 1102 782 1169 p.
809 1086 885 1148 553.
914 1082 953 1151 ll.
979 1091 1011 1149 et
1039 1084 1191 1151 Cratinus
1214 1083 1338 1151 iunior

134 1189 218 1278 apud
245 1189 360 1256 Athen.
383 1209 413 1276 p.
437 1192 512 1256 469.
536 1187 569 1254 C.

358 1295 433 1375 παρ’
456 1297 674 1378 Ἀρχεφῶντος
698 1292 847 1372 ἦδοτίτια
868 1293 995 1361 δώδεκα.

132 1403 283 1468 llraliuus
306 1399 424 1468 Athen.
447 1420 478 1486 p.
503 1402 581 1466 688.
603 1398 640 1464 ll.

268 1505 320 1571 καί
345 1505 380 1579 δίς
404 1505 526 1577 κύτισος
547 1505 726 1583 αὐτόματος
750 1504 836 1586 ταρὰ
858 1505 1010 1579 Μέδοντος
1035 1505 1174 1586 ἔρχεται.

133 1610 325 1678 Similliurus
344 1610 437 1696 plane
456 1618 505 1677 est
527 1607 615 1675 locus
633 1609 845 1696 Theophrasti
868 1611 900 1675 in
922 1610 1068 1677 Charact.
1083 1611 1121 1678 Χ.
1142 1619 1199 1686 τῆς
1222 1614 1310 1688 αὐτῆς

132 1718 198 1783 taos
220 1717 334 1798 ταμὼν
358 1716 544 1796 κομίσασθαι
568 1717 642 1796 παρ’
663 1716 790 1797 Ἀρχίου
812 1715 882 1788 τοὺς
905 1717 1063 1799 ταρίχους.

176 1820 344 1909 Amphidis
366 1821 456 1888 locus
478 1829 527 1888 est
552 1818 636 1886 idem
661 1818 746 1905 apud
770 1819 884 1888 Athen.
912 1841 941 1908 p.
967 1826 1020 1888 80.
1043 1823 1078 1889 F.
1104 1831 1136 1890 et
1156 1822 1312 1890 Pollucem

131 1928 156 1994 l.
178 1931 257 1995 233.

358 2034 372 2099 ὃ
392 2031 559 2112 συκάμινος
580 2030 736 2111 συκάμιν’,
759 2032 849 2116 δρᾷς,
873 2032 971 2115 φέρει.

132 2138 217 2226 apud
247 2137 407 2206 Pollucem
440 2147 489 2205 est
521 2138 553 2203 in
586 2136 678 2202 libris
707 2137 762 2221 δρᾷ
785 2138 838 2204 καί
860 2143 965 2220 φορεῖ.
989 2135 1074 2204 uude
1096 2136 1180 2205 male
1201 2136 1317 2205 hlaine—

131 2246 206 2311 hius
228 2252 318 2328 φορεῖ
337 2245 471 2330 recepit.
509 2241 647 2309 Arbores
670 2242 755 2307 enim
780 2242 914 2322 καρποὺς
937 2242 1042 2323 φέρειν
1061 2241 1232 2320 tlicuntur,
1257 2263 1316 2309 uon

130 2357 245 2431 φορεῖν.
287 2349 339 2415 Sic
360 2347 481 2415 dlcilur
503 2351 520 2423 ἡ
544 2357 607 2427 γῆ,
633 2349 650 2422 ἡ
674 2347 762 2428 χώρα
786 2346 889 2430 φέρειν
908 2371 959 2424 τι,
980 2349 1015 2412 αἱ
1033 2344 1137 2428 Ὧραι
1157 2347 1318 2430 φέρουσιν,

132 2455 193 2521 alia
215 2453 342 2520 similia.
391 2452 582 2518 Theocritus
603 2452 627 2516 l.
656 2456 728 2518 154.
754 2453 776 2518 οἱ
795 2452 887 2525 πίτυς
909 2451 1007 2534 ίχνας
1028 2453 1158 2530 ἐνείκαι,
1181 2452 1219 2518 V.
1236 2458 1317 2522 125:

129 2562 172 2627 τοὶ
196 2561 228 2626 δέ
250 2584 296 2626 τοι
320 2559 374 2625 σία
394 2560 510 2639 καρτὸν
530 2557 660 2630 ἐνείκαι,
683 2566 714 2621 et
738 2557 856 2642 passim
888 2555 954 2624 alii.
1004 2559 1170 2646 Scriptura
1201 2561 1319 2628 vitiosa

130 2669 184 2748 ὁρέι
207 2667 263 2731 καί
290 2671 366 2730 nata
397 2671 445 2730 est
477 2682 517 2728 ex
542 2671 665 2728 OPAIC
696 2660 838 2728 confusis
866 2672 906 2729 lc
931 2671 964 2729 el
986 2673 1031 2743 Κ,
1062 2684 1126 2749 quo
1156 2663 1243 2733 lacto
1263 2668 1320 2734 καί

129 2791 187 2858 pro
209 2797 229 2837 κ
252 2768 420 2836 dederunt.
468 2768 571 2850 Quam
595 2787 689 2856 saepe
711 2767 895 2835 huiusmodi
919 2788 1010 2835 error
1038 2770 1233 2836 commissus
1256 2772 1320 2849 sit,

129 2895 224 2962 saepo
243 2873 452 2941 ostendimus.
502 2871 666 2940 Addamus
694 2893 780 2939 nuuc
811 2894 850 2941 ex
877 2873 1031 2961 Sophocle
1063 2894 1180 2941 uorum
1211 2895 1320 2944 exem·

128 2982 228 3069 plum.
271 2977 365 3068 Apurl
389 2978 556 3046 Scholiasl.
583 2980 675 3047 lloru.
704 2976 816 3068 odyss.
842 2990 880 3046 H.
908 2984 972 3047 106
992 2979 1127 3047 allerlur
1149 2985 1321 3065 Σοφοκλῆς

127 3091 158 3157 ἐν
182 3089 292 3166 λίχεῖε

307 3190 406 3275 ὥσπερ
423 3193 486 3276 γὰρ
507 3195 537 3258 ἐν
561 3193 727 3277 φύλλοισιν
750 3192 886 3276 αἰγείρου
905 3196 1029 3273 μακροῖς

309 3298 367 3365 κίιν
389 3297 471 3365 ἄλλο
494 3298 588 3378 μηδὲν
611 3298 702 3364 ἑλλοὶ
726 3298 879 3373 τούκείνης
903 3296 984 3378 κοίρα

308 3405 429 3487 κινήσῃς
452 3402 560 3484 αὔραις
580 3402 782 3485 ἀνακουφίζει
803 3401 925 3483 τσερίν.

128 3530 185 3599 pro
202 3516 280 3575 κινεῖ
300 3533 347 3582 τις
371 3507 451 3590 αὔρα
473 3506 714 3592 κοίνακονφίζει,
740 3506 826 3594 quod
852 3505 1036 3575 Diodoruus
1067 3527 1195 3596 quoquo
1222 3509 1316 3579 vidia

128 3615 224 3681 Viles
246 3622 531 3681 ATPAICANAK.
557 3615 717 3700 peperisse
740 3613 868 3679 vitium.

171 3721 277 3788 Etiam
311 3718 509 3786 luculentius
537 3718 717 3807 exemplum
742 3726 790 3786 cst
814 3719 846 3784 iu
871 3716 1020 3807 Aeschyli
1048 3717 1244 3807 Chotphoris
1269 3741 1314 3786 vs.

126 3832 202 3895 897.

306 3932 438 4016 ἐπίσχες
446 3982 456 4013 ,
479 3929 501 4000 ὦ
524 3943 603 4007 ταῖ.
628 3931 714 3998 τόνδε
737 3932 764 3997 δ’
788 3930 928 4007 atteras,
951 3929 1074 4006 τέκνον,

306 4040 424 4119 μαςὸν,
448 4040 521 4122 πρὸς
543 4038 602 4105 ὠκὺ
623 4037 731 4104 πολλοὶ
753 4037 785 4104 δὲ
808 4036 918 4118 βρίζων
942 4033 1014 4115 ἅμα

306 4143 435 4212 οὔλοισιν
458 4141 634 4225 ἐξήμελξας
656 4144 812 4226 εὐτραφὲς
835 4140 938 4220 νιίλα.

124 4259 174 4318 ost
195 4248 273 4318 hacc
292 4250 461 4340 archetypi
477 4248 602 4317 Codicis
624 4247 757 4316 llerlicei
774 4249 937 4336 scriptura
954 4248 1028 4328 πρὸς
1049 4246 1129 4326 oxi,
1152 4265 1216 4313 uon
1238 4250 1312 4328 πρὸς

125 4358 195 4439 μήν,
220 4364 256 4423 ut
281 4363 477 4434 memorant,
501 4354 556 4425 soal
586 4380 623 4421 κυ
647 4362 678 4421 ct
707 4380 741 4430 νυ
769 4354 802 4421 iu
834 4353 926 4423 lihris
955 4353 1098 4438 antiquis
1126 4352 1313 4423 exercitatis
