<?xml version="1.0" encoding="UTF-8"?>
<!DOCTYPE html PUBLIC "-//W3C//DTD XHTML 1.0 Transitional//EN"
    "http://www.w3.org/TR/xhtml1/DTD/xhtml1-transitional.dtd">
<html xmlns="http://www.w3.org/1999/xhtml" xml:lang="en" lang="en">
 <head>
  <title>
</title>
<meta http-equiv="Content-Type" content="text/html;charset=utf-8" />
  <meta name='ocr-system' content='tesseract 3.04.00' />
  <meta name='ocr-capabilities' content='ocr_page ocr_carea ocr_par ocr_line ocrx_word'/>
</head>
<body>
  <div class='ocr_page' id='page_1' title='image "./novaelectionesq00cobegoog/novaelectionesq00cobegoog_0799.png"; bbox 0 0 2940 5010; ppageno 0'>
   <div class='ocr_carea' id='block_1_1' title="bbox 728 306 791 370">
    <p class='ocr_par' dir='ltr' id='par_1_1' title="bbox 728 306 791 370">
     <span class='ocr_line' id='line_1_1' title="bbox 728 306 791 370; baseline 0 -1"><span class='ocrx_word' id='word_1_1' title='bbox 728 306 791 370; x_wconf 84' lang='grc'><strong>766</strong></span> 
     </span>
    </p>
   </div>
   <div class='ocr_carea' id='block_1_2' title="bbox 131 478 1382 4474">
    <p class='ocr_par' dir='ltr' id='par_1_2' title="bbox 131 478 1382 4474">
     <span class='ocr_line' id='line_1_2' title="bbox 165 478 1349 570; baseline 0.001 -22"><span class='ocrx_word' id='word_1_2' title='bbox 165 480 397 566; x_wconf 84' lang='lat' dir='ltr'><strong>Spartanorum</strong></span> <span class='ocrx_word' id='word_1_3' title='bbox 420 478 703 567; x_wconf 68' lang='lat' dir='ltr'><strong>pollicitationibus</strong></span> <span class='ocrx_word' id='word_1_4' title='bbox 730 478 803 546; x_wconf 88' lang='lat' dir='ltr'><strong>lreti</strong></span> <span class='ocrx_word' id='word_1_5' title='bbox 834 479 989 566; x_wconf 88' lang='lat' dir='ltr'><strong>templum</strong></span> <span class='ocrx_word' id='word_1_6' title='bbox 1018 482 1137 547; x_wconf 79' lang='lat' dir='ltr'><strong>iterum</strong></span> <span class='ocrx_word' id='word_1_7' title='bbox 1167 490 1349 570; x_wconf 81' lang='lat' dir='ltr'><strong>occupant,</strong></span> 
     </span>
     <span class='ocr_line' id='line_1_3' title="bbox 165 566 1350 673; baseline 0.006 -23"><span class='ocrx_word' id='word_1_8' title='bbox 165 566 251 652; x_wconf 77' lang='lat' dir='ltr'><strong>unde</strong></span> <span class='ocrx_word' id='word_1_9' title='bbox 278 604 339 651; x_wconf 91' lang='lat' dir='ltr'><strong>non</strong></span> <span class='ocrx_word' id='word_1_10' title='bbox 372 586 463 671; x_wconf 90' lang='lat' dir='ltr'><strong>prius</strong></span> <span class='ocrx_word' id='word_1_11' title='bbox 487 594 692 653; x_wconf 87' lang='lat' dir='ltr'><strong>excesserunt</strong></span> <span class='ocrx_word' id='word_1_12' title='bbox 715 604 813 673; x_wconf 87' lang='lat' dir='ltr'><strong>quam</strong></span> <span class='ocrx_word' id='word_1_13' title='bbox 832 583 1000 653; x_wconf 72' lang='lat' dir='ltr'><strong>exhaustis</strong></span> <span class='ocrx_word' id='word_1_14' title='bbox 1021 584 1138 672; x_wconf 85' lang='lat' dir='ltr'><strong>opihus</strong></span> <span class='ocrx_word' id='word_1_15' title='bbox 1158 589 1267 655; x_wconf 79' lang='lat' dir='ltr'><strong>sacris</strong></span> <span class='ocrx_word' id='word_1_16' title='bbox 1288 606 1350 657; x_wconf 81' lang='lat' dir='ltr'><strong>um·</strong></span> 
     </span>
     <span class='ocr_line' id='line_1_4' title="bbox 166 689 1347 778; baseline 0.007 -23"><span class='ocrx_word' id='word_1_17' title='bbox 166 690 261 756; x_wconf 89' lang='lat' dir='ltr'><strong>nibus</strong></span> <span class='ocrx_word' id='word_1_18' title='bbox 296 698 367 778; x_wconf 88' lang='lat' dir='ltr'><strong>post</strong></span> <span class='ocrx_word' id='word_1_19' title='bbox 400 692 619 759; x_wconf 89' lang='lat' dir='ltr'><strong>atrocissimas</strong></span> <span class='ocrx_word' id='word_1_20' title='bbox 659 689 766 757; x_wconf 90' lang='lat' dir='ltr'><strong>clades</strong></span> <span class='ocrx_word' id='word_1_21' title='bbox 799 699 832 758; x_wconf 87' lang='lat' dir='ltr'><strong>et</strong></span> <span class='ocrx_word' id='word_1_22' title='bbox 866 690 1006 758; x_wconf 91' lang='lat' dir='ltr'><strong>hostium</strong></span> <span class='ocrx_word' id='word_1_23' title='bbox 1040 699 1074 759; x_wconf 91' lang='lat' dir='ltr'><strong>et</strong></span> <span class='ocrx_word' id='word_1_24' title='bbox 1106 712 1188 761; x_wconf 81' lang='lat' dir='ltr'><strong>suaa</strong></span> <span class='ocrx_word' id='word_1_25' title='bbox 1221 691 1347 763; x_wconf 65' lang='lat' dir='ltr'><strong>undu</strong></span> 
     </span>
     <span class='ocr_line' id='line_1_5' title="bbox 163 795 1348 888; baseline 0.004 -26"><span class='ocrx_word' id='word_1_26' title='bbox 163 795 309 883; x_wconf 89' lang='lat' dir='ltr'><strong>Philippo</strong></span> <span class='ocrx_word' id='word_1_27' title='bbox 340 815 374 862; x_wconf 89' lang='lat' dir='ltr'><strong>se</strong></span> <span class='ocrx_word' id='word_1_28' title='bbox 403 815 524 882; x_wconf 85' lang='lat' dir='ltr'><strong>suaque</strong></span> <span class='ocrx_word' id='word_1_29' title='bbox 551 797 658 864; x_wconf 87' lang='lat' dir='ltr'><strong>omnia</strong></span> <span class='ocrx_word' id='word_1_30' title='bbox 687 798 790 863; x_wconf 87' lang='lat' dir='ltr'><strong>coacti</strong></span> <span class='ocrx_word' id='word_1_31' title='bbox 822 805 899 863; x_wconf 90' lang='lat' dir='ltr'><strong>sunt</strong></span> <span class='ocrx_word' id='word_1_32' title='bbox 931 796 1058 865; x_wconf 77' lang='lat' dir='ltr'><strong>delere.</strong></span> <span class='ocrx_word' id='word_1_33' title='bbox 1105 796 1228 867; x_wconf 84' lang='lat' dir='ltr'><strong>Statue</strong></span> <span class='ocrx_word' id='word_1_34' title='bbox 1251 800 1348 888; x_wconf 73' lang='lat' dir='ltr'><strong>igitur</strong></span> 
     </span>
     <span class='ocr_line' id='line_1_6' title="bbox 164 899 1347 982; baseline 0.008 -17"><span class='ocrx_word' id='word_1_35' title='bbox 164 899 341 968; x_wconf 79' lang='lat' dir='ltr'><strong>Phocenses</strong></span> <span class='ocrx_word' id='word_1_36' title='bbox 363 902 408 975; x_wconf 66' lang='lat' dir='ltr'><strong>nc</strong></span> <span class='ocrx_word' id='word_1_37' title='bbox 431 904 632 982; x_wconf 71' lang='grc' dir='ltr'><strong><em>καταλαβεῖν</em></strong></span> <span class='ocrx_word' id='word_1_38' title='bbox 654 905 689 968; x_wconf 81' lang='grc' dir='ltr'><strong>τὸ</strong></span> <span class='ocrx_word' id='word_1_39' title='bbox 711 900 805 982; x_wconf 77' lang='grc' dir='ltr'><strong><em>ἱερόν,</em></strong></span> <span class='ocrx_word' id='word_1_40' title='bbox 828 903 882 969; x_wconf 76' lang='grc' dir='ltr'><strong><em>ἔνι-Ι</em></strong></span> <span class='ocrx_word' id='word_1_41' title='bbox 900 926 936 969; x_wconf 79' lang='grc' dir='ltr'><strong>τε</strong></span> <span class='ocrx_word' id='word_1_42' title='bbox 964 904 1199 981; x_wconf 58' lang='lat' dir='ltr'><strong>&#39;arctonnesus</strong></span> <span class='ocrx_word' id='word_1_43' title='bbox 1223 905 1280 973; x_wconf 78' lang='grc' dir='ltr'><strong>καὶ</strong></span> <span class='ocrx_word' id='word_1_44' title='bbox 1300 906 1347 973; x_wconf 68' lang='grc' dir='ltr'>Η</span> 
     </span>
     <span class='ocr_line' id='line_1_7' title="bbox 162 1005 1347 1099; baseline 0.006 -28"><span class='ocrx_word' id='word_1_45' title='bbox 162 1007 391 1088; x_wconf 63' lang='lat' dir='ltr'><strong>cantelam.</strong></span> <span class='ocrx_word' id='word_1_46' title='bbox 438 1007 530 1073; x_wconf 84' lang='lat' dir='ltr'><strong>Prior</strong></span> <span class='ocrx_word' id='word_1_47' title='bbox 553 1007 721 1094; x_wconf 88' lang='lat' dir='ltr'><strong>occupatio</strong></span> <span class='ocrx_word' id='word_1_48' title='bbox 745 1007 850 1074; x_wconf 87' lang='lat' dir='ltr'><strong>hreris</strong></span> <span class='ocrx_word' id='word_1_49' title='bbox 875 1005 959 1086; x_wconf 89' lang='lat' dir='ltr'><strong>luit,</strong></span> <span class='ocrx_word' id='word_1_50' title='bbox 982 1026 1151 1096; x_wconf 89' lang='lat' dir='ltr'><strong>quumque</strong></span> <span class='ocrx_word' id='word_1_51' title='bbox 1174 1010 1347 1099; x_wconf 76' lang='lat' dir='ltr'><strong>Xenophon</strong></span> 
     </span>
     <span class='ocr_line' id='line_1_8' title="bbox 162 1111 1345 1199; baseline 0.006 -23"><span class='ocrx_word' id='word_1_52' title='bbox 162 1130 246 1177; x_wconf 86' lang='lat' dir='ltr'><strong>anno</strong></span> <span class='ocrx_word' id='word_1_53' title='bbox 267 1120 337 1199; x_wconf 87' lang='lat' dir='ltr'><strong>pust</strong></span> <span class='ocrx_word' id='word_1_54' title='bbox 357 1114 408 1179; x_wconf 79' lang='grc' dir='ltr'><strong>ἐπ’</strong></span> <span class='ocrx_word' id='word_1_55' title='bbox 431 1114 577 1179; x_wconf 80' lang='grc' dir='ltr'><strong><em>ἘλτΙνου</em></strong></span> <span class='ocrx_word' id='word_1_56' title='bbox 601 1111 749 1195; x_wconf 79' lang='grc' dir='ltr'><strong><em>ἄρχοντος</em></strong></span> <span class='ocrx_word' id='word_1_57' title='bbox 769 1112 808 1179; x_wconf 87' lang='lat' dir='ltr'><strong>de</strong></span> <span class='ocrx_word' id='word_1_58' title='bbox 831 1122 919 1179; x_wconf 84' lang='lat' dir='ltr'><strong>statu</strong></span> <span class='ocrx_word' id='word_1_59' title='bbox 940 1112 1093 1181; x_wconf 70' lang='lat' dir='ltr'><strong>Graeciae</strong></span> <span class='ocrx_word' id='word_1_60' title='bbox 1114 1114 1278 1185; x_wconf 79' lang='lat' dir='ltr'><strong>scriberet</strong></span> <span class='ocrx_word' id='word_1_61' title='bbox 1297 1118 1345 1195; x_wconf 65' lang='lat' dir='ltr'><strong>{lh</strong></span> 
     </span>
     <span class='ocr_line' id='line_1_9' title="bbox 162 1216 1346 1299; baseline 0.008 -18"><span class='ocrx_word' id='word_1_62' title='bbox 162 1220 187 1283; x_wconf 82' lang='lat' dir='ltr'><strong>ot</strong></span> <span class='ocrx_word' id='word_1_63' title='bbox 210 1225 316 1291; x_wconf 79' lang='grc' dir='ltr'><strong><em>Φωκῆς</em></strong></span> <span class='ocrx_word' id='word_1_64' title='bbox 347 1220 389 1284; x_wconf 84' lang='grc' dir='ltr'><strong>τὸ</strong></span> <span class='ocrx_word' id='word_1_65' title='bbox 422 1219 526 1299; x_wconf 77' lang='grc' dir='ltr'><strong><em>ἱερὸν</em></strong></span> <span class='ocrx_word' id='word_1_66' title='bbox 557 1216 759 1295; x_wconf 68' lang='grc' dir='ltr'><strong><em>ἐξέλιπον.</em></strong></span> <span class='ocrx_word' id='word_1_67' title='bbox 808 1218 891 1285; x_wconf 83' lang='lat' dir='ltr'><strong>nino</strong></span> <span class='ocrx_word' id='word_1_68' title='bbox 919 1218 1041 1285; x_wconf 80' lang='lat' dir='ltr'><strong>semina</strong></span> <span class='ocrx_word' id='word_1_69' title='bbox 1066 1220 1142 1285; x_wconf 83' lang='lat' dir='ltr'><strong>noni</strong></span> <span class='ocrx_word' id='word_1_70' title='bbox 1163 1219 1247 1289; x_wconf 81' lang='lat' dir='ltr'><strong>helli</strong></span> <span class='ocrx_word' id='word_1_71' title='bbox 1269 1222 1346 1291; x_wconf 71' lang='lat' dir='ltr'><strong>ineis</strong></span> 
     </span>
     <span class='ocr_line' id='line_1_10' title="bbox 162 1322 1382 1410; baseline 0.007 -22"><span class='ocrx_word' id='word_1_72' title='bbox 162 1331 248 1389; x_wconf 86' lang='lat' dir='ltr'><strong>sunt.</strong></span> <span class='ocrx_word' id='word_1_73' title='bbox 296 1323 398 1404; x_wconf 85' lang='lat' dir='ltr'><strong>Quam</strong></span> <span class='ocrx_word' id='word_1_74' title='bbox 425 1322 551 1390; x_wconf 86' lang='lat' dir='ltr'><strong>duriter</strong></span> <span class='ocrx_word' id='word_1_75' title='bbox 574 1324 683 1389; x_wconf 89' lang='lat' dir='ltr'><strong>statim</strong></span> <span class='ocrx_word' id='word_1_76' title='bbox 711 1332 783 1410; x_wconf 90' lang='lat' dir='ltr'><strong>post</strong></span> <span class='ocrx_word' id='word_1_77' title='bbox 814 1324 964 1390; x_wconf 84' lang='lat' dir='ltr'><strong>saevierit</strong></span> <span class='ocrx_word' id='word_1_78' title='bbox 996 1325 1030 1390; x_wconf 90' lang='lat' dir='ltr'><strong>iu</strong></span> <span class='ocrx_word' id='word_1_79' title='bbox 1061 1323 1250 1393; x_wconf 76' lang='lat' dir='ltr'><strong>Phocenses</strong></span> <span class='ocrx_word' id='word_1_80' title='bbox 1280 1347 1343 1395; x_wconf 86' lang='lat' dir='ltr'><strong>con·</strong></span> <span class='ocrx_word' id='word_1_81' title='bbox 1380 1404 1382 1409; x_wconf 54' lang='grc'>,</span> 
     </span>
     <span class='ocr_line' id='line_1_11' title="bbox 162 1426 1382 1517; baseline 0.004 -23"><span class='ocrx_word' id='word_1_82' title='bbox 162 1426 273 1494; x_wconf 91' lang='lat' dir='ltr'><strong>cilium</strong></span> <span class='ocrx_word' id='word_1_83' title='bbox 296 1428 568 1517; x_wconf 80' lang='lat' dir='ltr'><strong>Amphictyonum</strong></span> <span class='ocrx_word' id='word_1_84' title='bbox 589 1438 699 1495; x_wconf 92' lang='lat' dir='ltr'><strong>notum</strong></span> <span class='ocrx_word' id='word_1_85' title='bbox 722 1436 782 1495; x_wconf 89' lang='lat' dir='ltr'><strong>est.</strong></span> <span class='ocrx_word' id='word_1_86' title='bbox 829 1428 918 1509; x_wconf 83' lang='lat' dir='ltr'><strong>Quae</strong></span> <span class='ocrx_word' id='word_1_87' title='bbox 942 1427 1039 1495; x_wconf 87' lang='lat' dir='ltr'><strong>luerit</strong></span> <span class='ocrx_word' id='word_1_88' title='bbox 1063 1437 1176 1499; x_wconf 76' lang='lat' dir='ltr'><strong>tantm</strong></span> <span class='ocrx_word' id='word_1_89' title='bbox 1199 1432 1344 1505; x_wconf 80' lang='lat' dir='ltr'><strong>saerlt&#39;ne</strong></span> <span class='ocrx_word' id='word_1_90' title='bbox 1380 1444 1382 1499; x_wconf 80' lang='grc' dir='ltr'><strong><em>ῑ</em></strong></span> 
     </span>
     <span class='ocr_line' id='line_1_12' title="bbox 162 1532 1344 1627; baseline 0.007 -29"><span class='ocrx_word' id='word_1_91' title='bbox 162 1551 260 1598; x_wconf 90' lang='lat' dir='ltr'><strong>causa</strong></span> <span class='ocrx_word' id='word_1_92' title='bbox 284 1541 382 1599; x_wconf 85' lang='lat' dir='ltr'><strong>testes</strong></span> <span class='ocrx_word' id='word_1_93' title='bbox 405 1532 610 1600; x_wconf 87' lang='lat' dir='ltr'><strong>dissentiunt.</strong></span> <span class='ocrx_word' id='word_1_94' title='bbox 658 1534 742 1600; x_wconf 85' lang='lat' dir='ltr'><strong>nudi</strong></span> <span class='ocrx_word' id='word_1_95' title='bbox 766 1533 860 1599; x_wconf 77' lang='lat' dir='ltr'><strong>morlo</strong></span> <span class='ocrx_word' id='word_1_96' title='bbox 893 1535 1082 1602; x_wconf 76' lang='lat' dir='ltr'><strong>Pausaniam</strong></span> <span class='ocrx_word' id='word_1_97' title='bbox 1103 1535 1143 1603; x_wconf 86' lang='lat' dir='ltr'><strong>X.</strong></span> <span class='ocrx_word' id='word_1_98' title='bbox 1167 1557 1205 1603; x_wconf 85' lang='lat' dir='ltr'><strong>rr.</strong></span> <span class='ocrx_word' id='word_1_99' title='bbox 1234 1543 1265 1605; x_wconf 88' lang='lat'><strong>1.</strong></span> <span class='ocrx_word' id='word_1_100' title='bbox 1295 1540 1344 1627; x_wconf 80' lang='lat' dir='ltr'><strong>qui</strong></span> 
     </span>
     <span class='ocr_line' id='line_1_13' title="bbox 161 1638 1342 1732; baseline 0.008 -28"><span class='ocrx_word' id='word_1_101' title='bbox 161 1658 261 1725; x_wconf 88' lang='lat' dir='ltr'><strong>quum</strong></span> <span class='ocrx_word' id='word_1_102' title='bbox 287 1638 421 1705; x_wconf 87' lang='lat' dir='ltr'><strong>multam</strong></span> <span class='ocrx_word' id='word_1_103' title='bbox 447 1640 670 1724; x_wconf 80' lang='lat' dir='ltr'><strong>gravissimam</strong></span> <span class='ocrx_word' id='word_1_104' title='bbox 695 1640 736 1704; x_wconf 91' lang='lat' dir='ltr'><strong>iis</strong></span> <span class='ocrx_word' id='word_1_105' title='bbox 759 1641 940 1726; x_wconf 87' lang='lat' dir='ltr'><strong>impositam</strong></span> <span class='ocrx_word' id='word_1_106' title='bbox 965 1649 1130 1708; x_wconf 83' lang='lat' dir='ltr'><strong>narrasset</strong></span> <span class='ocrx_word' id='word_1_107' title='bbox 1153 1643 1204 1709; x_wconf 86' lang='lat' dir='ltr'><strong>ita</strong></span> <span class='ocrx_word' id='word_1_108' title='bbox 1229 1646 1342 1732; x_wconf 71' lang='lat' dir='ltr'><strong>pergit:</strong></span> 
     </span>
     <span class='ocr_line' id='line_1_14' title="bbox 161 1743 1339 1827; baseline 0.008 -18"><span class='ocrx_word' id='word_1_109' title='bbox 161 1745 227 1810; x_wconf 75' lang='grc' dir='ltr'><strong><em>οὐδὲ</em></strong></span> <span class='ocrx_word' id='word_1_110' title='bbox 247 1743 310 1827; x_wconf 80' lang='grc' dir='ltr'><strong><em>ἔχοι</em></strong></span> <span class='ocrx_word' id='word_1_111' title='bbox 333 1746 504 1822; x_wconf 75' lang='grc' dir='ltr'><strong><em>τοῦλόγου</em></strong></span> <span class='ocrx_word' id='word_1_112' title='bbox 527 1747 562 1812; x_wconf 80' lang='grc' dir='ltr'><strong>τὸ</strong></span> <span class='ocrx_word' id='word_1_113' title='bbox 586 1746 697 1821; x_wconf 76' lang='grc' dir='ltr'><strong><em>αλιιθὲς</em></strong></span> <span class='ocrx_word' id='word_1_114' title='bbox 721 1744 850 1826; x_wconf 73' lang='grc' dir='ltr'><strong>ἐξευρεῖν</strong></span> <span class='ocrx_word' id='word_1_115' title='bbox 873 1746 954 1813; x_wconf 70' lang='grc' dir='ltr'><strong>εἴτε</strong></span> <span class='ocrx_word' id='word_1_116' title='bbox 981 1747 1243 1824; x_wconf 72' lang='grc' dir='ltr'><strong>ἀδικήσασιν</strong></span> <span class='ocrx_word' id='word_1_117' title='bbox 1265 1752 1339 1817; x_wconf 75' lang='lat' dir='ltr'><strong>ln·</strong></span> 
     </span>
     <span class='ocr_line' id='line_1_15' title="bbox 161 1850 1342 1942; baseline 0.008 -27"><span class='ocrx_word' id='word_1_118' title='bbox 161 1850 293 1928; x_wconf 74' lang='grc' dir='ltr'><strong><em>βλήνιι</em></strong></span> <span class='ocrx_word' id='word_1_119' title='bbox 328 1852 476 1934; x_wconf 74' lang='grc' dir='ltr'><strong><em>σφίσιν</em></strong></span> <span class='ocrx_word' id='word_1_120' title='bbox 511 1850 574 1917; x_wconf 71' lang='grc' dir='ltr'><strong>εἴτε</strong></span> <span class='ocrx_word' id='word_1_121' title='bbox 605 1853 670 1918; x_wconf 71' lang='lat' dir='ltr'><strong>xci.</strong></span> <span class='ocrx_word' id='word_1_122' title='bbox 719 1850 752 1917; x_wconf 93' lang='lat' dir='ltr'><strong>Si</strong></span> <span class='ocrx_word' id='word_1_123' title='bbox 775 1858 863 1917; x_wconf 85' lang='lat' dir='ltr'><strong>recte</strong></span> <span class='ocrx_word' id='word_1_124' title='bbox 885 1871 903 1918; x_wconf 91' lang='lat' dir='ltr'><strong>e</strong></span> <span class='ocrx_word' id='word_1_125' title='bbox 928 1850 1137 1937; x_wconf 85' lang='lat' dir='ltr'><strong>Xenophonte</strong></span> <span class='ocrx_word' id='word_1_126' title='bbox 1159 1854 1342 1942; x_wconf 76' lang='lat' dir='ltr'><strong>collegimus</strong></span> 
     </span>
     <span class='ocr_line' id='line_1_16' title="bbox 163 1955 1341 2045; baseline 0.008 -25"><span class='ocrx_word' id='word_1_127' title='bbox 163 1955 317 2043; x_wconf 90' lang='lat' dir='ltr'><strong>templum</strong></span> <span class='ocrx_word' id='word_1_128' title='bbox 341 1956 380 2023; x_wconf 92' lang='lat' dir='ltr'><strong>ah</strong></span> <span class='ocrx_word' id='word_1_129' title='bbox 405 1958 445 2023; x_wconf 92' lang='lat' dir='ltr'><strong>iis</strong></span> <span class='ocrx_word' id='word_1_130' title='bbox 467 1966 598 2043; x_wconf 88' lang='lat' dir='ltr'><strong>repente</strong></span> <span class='ocrx_word' id='word_1_131' title='bbox 620 1966 813 2042; x_wconf 88' lang='lat' dir='ltr'><strong>occupatum</strong></span> <span class='ocrx_word' id='word_1_132' title='bbox 836 1956 950 2023; x_wconf 85' lang='lat' dir='ltr'><strong>deinde</strong></span> <span class='ocrx_word' id='word_1_133' title='bbox 980 1955 1069 2023; x_wconf 85' lang='lat' dir='ltr'><strong>breui</strong></span> <span class='ocrx_word' id='word_1_134' title='bbox 1093 1965 1168 2045; x_wconf 90' lang='lat' dir='ltr'><strong>post</strong></span> <span class='ocrx_word' id='word_1_135' title='bbox 1198 1960 1341 2029; x_wconf 83' lang='lat' dir='ltr'><strong>relietum</strong></span> 
     </span>
     <span class='ocr_line' id='line_1_17' title="bbox 163 2060 1382 2161; baseline 0.008 -35"><span class='ocrx_word' id='word_1_136' title='bbox 163 2079 250 2140; x_wconf 89' lang='lat' dir='ltr'><strong>esse,</strong></span> <span class='ocrx_word' id='word_1_137' title='bbox 275 2061 355 2128; x_wconf 90' lang='lat' dir='ltr'><strong>nihil</strong></span> <span class='ocrx_word' id='word_1_138' title='bbox 384 2072 432 2128; x_wconf 85' lang='lat' dir='ltr'><strong>est</strong></span> <span class='ocrx_word' id='word_1_139' title='bbox 460 2061 544 2148; x_wconf 87' lang='lat' dir='ltr'><strong>quod</strong></span> <span class='ocrx_word' id='word_1_140' title='bbox 577 2063 734 2127; x_wconf 91' lang='lat' dir='ltr'><strong>miremur</strong></span> <span class='ocrx_word' id='word_1_141' title='bbox 757 2060 878 2128; x_wconf 90' lang='lat' dir='ltr'><strong>multae</strong></span> <span class='ocrx_word' id='word_1_142' title='bbox 902 2062 1120 2148; x_wconf 79' lang='lat' dir='ltr'><strong>gravitatem,</strong></span> <span class='ocrx_word' id='word_1_143' title='bbox 1156 2084 1245 2151; x_wconf 86' lang='lat' dir='ltr'><strong>quae</strong></span> <span class='ocrx_word' id='word_1_144' title='bbox 1271 2066 1341 2135; x_wconf 89' lang='lat' dir='ltr'><strong>Phu-</strong></span> <span class='ocrx_word' id='word_1_145' title='bbox 1375 2084 1382 2161; x_wconf 65' lang='lat' dir='ltr'><strong>&#39;j</strong></span> 
     </span>
     <span class='ocr_line' id='line_1_18' title="bbox 131 2166 1382 2254; baseline 0.006 -22"><span class='ocrx_word' id='word_1_146' title='bbox 131 2170 137 2184; x_wconf 89' lang='grc'><strong>“</strong></span> <span class='ocrx_word' id='word_1_147' title='bbox 165 2186 276 2234; x_wconf 84' lang='lat' dir='ltr'><strong>censes</strong></span> <span class='ocrx_word' id='word_1_148' title='bbox 299 2168 477 2254; x_wconf 90' lang='lat' dir='ltr'><strong>desperatis</strong></span> <span class='ocrx_word' id='word_1_149' title='bbox 500 2167 595 2234; x_wconf 89' lang='lat' dir='ltr'><strong>rebus</strong></span> <span class='ocrx_word' id='word_1_150' title='bbox 623 2169 692 2234; x_wconf 90' lang='lat' dir='ltr'><strong>suis</strong></span> <span class='ocrx_word' id='word_1_151' title='bbox 713 2166 753 2233; x_wconf 90' lang='lat' dir='ltr'><strong>ad</strong></span> <span class='ocrx_word' id='word_1_152' title='bbox 788 2174 932 2233; x_wconf 85' lang='lat' dir='ltr'><strong>extrema</strong></span> <span class='ocrx_word' id='word_1_153' title='bbox 962 2170 1094 2253; x_wconf 84' lang='lat' dir='ltr'><strong>quaeris</strong></span> <span class='ocrx_word' id='word_1_154' title='bbox 1119 2169 1271 2239; x_wconf 82' lang='lat' dir='ltr'><strong>audenda</strong></span> <span class='ocrx_word' id='word_1_155' title='bbox 1291 2175 1341 2239; x_wconf 90' lang='lat' dir='ltr'><strong>im·</strong></span> <span class='ocrx_word' id='word_1_156' title='bbox 1380 2192 1382 2199; x_wconf 91' lang='lat'>·</span> 
     </span>
     <span class='ocr_line' id='line_1_19' title="bbox 162 2270 1341 2364; baseline 0.005 -26"><span class='ocrx_word' id='word_1_157' title='bbox 162 2270 257 2360; x_wconf 90' lang='lat' dir='ltr'><strong>pulit.</strong></span> <span class='ocrx_word' id='word_1_158' title='bbox 303 2273 424 2358; x_wconf 91' lang='lat' dir='ltr'><strong>Nempe</strong></span> <span class='ocrx_word' id='word_1_159' title='bbox 444 2272 554 2339; x_wconf 88' lang='lat' dir='ltr'><strong>eadem</strong></span> <span class='ocrx_word' id='word_1_160' title='bbox 575 2272 614 2339; x_wconf 88' lang='lat' dir='ltr'><strong>de</strong></span> <span class='ocrx_word' id='word_1_161' title='bbox 634 2291 731 2338; x_wconf 80' lang='lat' dir='ltr'><strong>carisa</strong></span> <span class='ocrx_word' id='word_1_162' title='bbox 753 2270 921 2358; x_wconf 86' lang='lat' dir='ltr'><strong>Spartanis</strong></span> <span class='ocrx_word' id='word_1_163' title='bbox 942 2281 974 2339; x_wconf 85' lang='lat' dir='ltr'><strong>et</strong></span> <span class='ocrx_word' id='word_1_164' title='bbox 997 2271 1221 2343; x_wconf 88' lang='lat' dir='ltr'><strong>Phocensihus</strong></span> <span class='ocrx_word' id='word_1_165' title='bbox 1240 2278 1341 2364; x_wconf 77' lang='lat' dir='ltr'><strong>ingen·</strong></span> 
     </span>
     <span class='ocr_line' id='line_1_20' title="bbox 163 2375 1339 2466; baseline 0.008 -25"><span class='ocrx_word' id='word_1_166' title='bbox 163 2386 230 2442; x_wconf 89' lang='lat' dir='ltr'><strong>tem</strong></span> <span class='ocrx_word' id='word_1_167' title='bbox 254 2377 389 2444; x_wconf 88' lang='lat' dir='ltr'><strong>multam</strong></span> <span class='ocrx_word' id='word_1_168' title='bbox 412 2377 665 2466; x_wconf 77' lang='lat' dir='ltr'><strong>Amphictyones</strong></span> <span class='ocrx_word' id='word_1_169' title='bbox 689 2377 853 2444; x_wconf 85' lang='lat' dir='ltr'><strong>dixerunt:</strong></span> <span class='ocrx_word' id='word_1_170' title='bbox 878 2386 941 2453; x_wconf 78' lang='grc' dir='ltr'><strong><em>τοῖς</em></strong></span> <span class='ocrx_word' id='word_1_171' title='bbox 959 2380 1017 2458; x_wconf 77' lang='grc' dir='ltr'><strong>μὲν</strong></span> <span class='ocrx_word' id='word_1_172' title='bbox 1039 2375 1087 2444; x_wconf 79' lang='grc' dir='ltr'><strong>ὅτι</strong></span> <span class='ocrx_word' id='word_1_173' title='bbox 1107 2382 1163 2456; x_wconf 66' lang='grc' dir='ltr'><strong>τὴν</strong></span> <span class='ocrx_word' id='word_1_174' title='bbox 1188 2382 1339 2462; x_wconf 68' lang='grc' dir='ltr'><strong><em>Καδμείαν</em></strong></span> 
     </span>
     <span class='ocr_line' id='line_1_21' title="bbox 164 2480 1339 2569; baseline 0.009 -23"><span class='ocrx_word' id='word_1_175' title='bbox 164 2483 365 2563; x_wconf 74' lang='grc' dir='ltr'><strong><em>κατέλαβον,</em></strong></span> <span class='ocrx_word' id='word_1_176' title='bbox 388 2493 451 2556; x_wconf 81' lang='grc' dir='ltr'><strong><em>τοῖς</em></strong></span> <span class='ocrx_word' id='word_1_177' title='bbox 474 2483 505 2547; x_wconf 80' lang='grc' dir='ltr'><strong>δὲ</strong></span> <span class='ocrx_word' id='word_1_178' title='bbox 528 2480 575 2549; x_wconf 73' lang='grc' dir='ltr'><strong>ὅτι</strong></span> <span class='ocrx_word' id='word_1_179' title='bbox 598 2484 633 2548; x_wconf 77' lang='grc' dir='ltr'><strong>τὸ</strong></span> <span class='ocrx_word' id='word_1_180' title='bbox 657 2485 688 2548; x_wconf 79' lang='grc' dir='ltr'><strong>ἐν</strong></span> <span class='ocrx_word' id='word_1_181' title='bbox 712 2491 850 2565; x_wconf 80' lang='grc' dir='ltr'><strong><em>Δελφοῖς</em></strong></span> <span class='ocrx_word' id='word_1_182' title='bbox 874 2483 960 2564; x_wconf 75' lang='grc' dir='ltr'><strong><em>ἱερόν.</em></strong></span> <span class='ocrx_word' id='word_1_183' title='bbox 1009 2482 1133 2569; x_wconf 85' lang='lat' dir='ltr'><strong>Vulgus</strong></span> <span class='ocrx_word' id='word_1_184' title='bbox 1157 2485 1339 2565; x_wconf 73' lang='lat' dir='ltr'><strong>homiuum.</strong></span> 
     </span>
     <span class='ocr_line' id='line_1_22' title="bbox 162 2586 1339 2674; baseline 0.008 -23"><span class='ocrx_word' id='word_1_185' title='bbox 162 2589 207 2651; x_wconf 91' lang='lat' dir='ltr'><strong>ita</strong></span> <span class='ocrx_word' id='word_1_186' title='bbox 233 2589 280 2652; x_wconf 89' lang='lat' dir='ltr'><strong>uti</strong></span> <span class='ocrx_word' id='word_1_187' title='bbox 306 2588 356 2664; x_wconf 89' lang='lat' dir='ltr'><strong>lit,</strong></span> <span class='ocrx_word' id='word_1_188' title='bbox 380 2607 398 2652; x_wconf 93' lang='lat' dir='ltr'><strong>a</strong></span> <span class='ocrx_word' id='word_1_189' title='bbox 418 2589 552 2653; x_wconf 78' lang='lat' dir='ltr'><strong>recondo</strong></span> <span class='ocrx_word' id='word_1_190' title='bbox 575 2589 783 2674; x_wconf 88' lang='lat' dir='ltr'><strong>occupatione</strong></span> <span class='ocrx_word' id='word_1_191' title='bbox 806 2586 880 2654; x_wconf 88' lang='lat' dir='ltr'><strong>helli</strong></span> <span class='ocrx_word' id='word_1_192' title='bbox 905 2596 937 2653; x_wconf 89' lang='lat' dir='ltr'><strong>et</strong></span> <span class='ocrx_word' id='word_1_193' title='bbox 960 2587 1182 2657; x_wconf 87' lang='lat' dir='ltr'><strong>calamitatum</strong></span> <span class='ocrx_word' id='word_1_194' title='bbox 1204 2595 1339 2661; x_wconf 89' lang='lat' dir='ltr'><strong>omnium</strong></span> 
     </span>
     <span class='ocr_line' id='line_1_23' title="bbox 161 2692 1340 2782; baseline 0.008 -25"><span class='ocrx_word' id='word_1_195' title='bbox 161 2692 317 2777; x_wconf 80' lang='lat' dir='ltr'><strong>originem</strong></span> <span class='ocrx_word' id='word_1_196' title='bbox 342 2692 491 2779; x_wconf 88' lang='lat' dir='ltr'><strong>repetiit:</strong></span> <span class='ocrx_word' id='word_1_197' title='bbox 527 2693 666 2780; x_wconf 87' lang='lat' dir='ltr'><strong>priorem</strong></span> <span class='ocrx_word' id='word_1_198' title='bbox 688 2692 817 2759; x_wconf 88' lang='lat' dir='ltr'><strong>hiennio</strong></span> <span class='ocrx_word' id='word_1_199' title='bbox 839 2702 914 2759; x_wconf 90' lang='lat' dir='ltr'><strong>ante</strong></span> <span class='ocrx_word' id='word_1_200' title='bbox 945 2692 1086 2773; x_wconf 85' lang='lat' dir='ltr'><strong>iactam,</strong></span> <span class='ocrx_word' id='word_1_201' title='bbox 1116 2696 1197 2782; x_wconf 89' lang='lat' dir='ltr'><strong>quia</strong></span> <span class='ocrx_word' id='word_1_202' title='bbox 1228 2696 1340 2766; x_wconf 83' lang='lat' dir='ltr'><strong>lrustrn</strong></span> 
     </span>
     <span class='ocr_line' id='line_1_24' title="bbox 161 2788 1337 2888; baseline 0.008 -26"><span class='ocrx_word' id='word_1_203' title='bbox 161 2795 285 2875; x_wconf 88' lang='lat' dir='ltr'><strong>luerat,</strong></span> <span class='ocrx_word' id='word_1_204' title='bbox 309 2817 371 2862; x_wconf 91' lang='lat' dir='ltr'><strong>non</strong></span> <span class='ocrx_word' id='word_1_205' title='bbox 394 2808 561 2864; x_wconf 91' lang='lat' dir='ltr'><strong>curarunt.</strong></span> <span class='ocrx_word' id='word_1_206' title='bbox 610 2798 691 2863; x_wconf 86' lang='lat' dir='ltr'><strong>ilinc</strong></span> <span class='ocrx_word' id='word_1_207' title='bbox 715 2796 836 2865; x_wconf 88' lang='lat' dir='ltr'><strong>iactum</strong></span> <span class='ocrx_word' id='word_1_208' title='bbox 858 2807 955 2865; x_wconf 88' lang='lat' dir='ltr'><strong>estut</strong></span> <span class='ocrx_word' id='word_1_209' title='bbox 977 2818 1107 2866; x_wconf 89' lang='lat' dir='ltr'><strong>rumore</strong></span> <span class='ocrx_word' id='word_1_210' title='bbox 1127 2788 1241 2888; x_wconf 89' lang='lat' dir='ltr'><strong>populi</strong></span> <span class='ocrx_word' id='word_1_211' title='bbox 1265 2804 1337 2871; x_wconf 84' lang='lat' dir='ltr'><strong>dice·</strong></span> 
     </span>
     <span class='ocr_line' id='line_1_25' title="bbox 160 2901 1337 2990; baseline 0.008 -24"><span class='ocrx_word' id='word_1_212' title='bbox 160 2911 253 2969; x_wconf 87' lang='lat' dir='ltr'><strong>retur</strong></span> <span class='ocrx_word' id='word_1_213' title='bbox 287 2906 302 2967; x_wconf 73' lang='lat' dir='ltr'><strong>o*</strong></span> <span class='ocrx_word' id='word_1_214' title='bbox 336 2901 472 2982; x_wconf 76' lang='grc' dir='ltr'><strong><em>πόλεμος</em></strong></span> <span class='ocrx_word' id='word_1_215' title='bbox 505 2903 678 2978; x_wconf 71' lang='grc' dir='ltr'><strong><em>δεκέτης</em></strong></span> <span class='ocrx_word' id='word_1_216' title='bbox 716 2903 881 2981; x_wconf 75' lang='grc' dir='ltr'><strong><em>γενέσθαι,</em></strong></span> <span class='ocrx_word' id='word_1_217' title='bbox 914 2912 947 2971; x_wconf 85' lang='lat' dir='ltr'><strong>et</strong></span> <span class='ocrx_word' id='word_1_218' title='bbox 982 2905 1058 2990; x_wconf 85' lang='lat' dir='ltr'><strong>quia</strong></span> <span class='ocrx_word' id='word_1_219' title='bbox 1092 2906 1266 2976; x_wconf 80' lang='lat' dir='ltr'><strong>constabat</strong></span> <span class='ocrx_word' id='word_1_220' title='bbox 1295 2911 1337 2975; x_wconf 71' lang='grc' dir='ltr'><strong>ἐπ’</strong></span> 
     </span>
     <span class='ocr_line' id='line_1_26' title="bbox 160 3007 1338 3096; baseline 0.007 -22"><span class='ocrx_word' id='word_1_221' title='bbox 160 3009 287 3088; x_wconf 74' lang='grc' dir='ltr'><strong><em>Ἀρχίου</em></strong></span> <span class='ocrx_word' id='word_1_222' title='bbox 309 3027 378 3074; x_wconf 87' lang='lat' dir='ltr'><strong>esse</strong></span> <span class='ocrx_word' id='word_1_223' title='bbox 401 3008 593 3075; x_wconf 80' lang='lat' dir='ltr'><strong>debellatum</strong></span> <span class='ocrx_word' id='word_1_224' title='bbox 618 3008 669 3074; x_wconf 76' lang='grc' dir='ltr'><strong>ἐπὶ</strong></span> <span class='ocrx_word' id='word_1_225' title='bbox 690 3007 907 3090; x_wconf 76' lang='grc' dir='ltr'><strong><em>Καλλιςροὶτου</em></strong></span> <span class='ocrx_word' id='word_1_226' title='bbox 926 3010 1072 3096; x_wconf 86' lang='lat' dir='ltr'><strong>erupisse</strong></span> <span class='ocrx_word' id='word_1_227' title='bbox 1093 3007 1217 3079; x_wconf 92' lang='lat' dir='ltr'><strong>hellum</strong></span> <span class='ocrx_word' id='word_1_228' title='bbox 1239 3015 1338 3081; x_wconf 85' lang='lat' dir='ltr'><strong>eristi·</strong></span> 
     </span>
     <span class='ocr_line' id='line_1_27' title="bbox 160 3113 1340 3202; baseline 0.009 -25"><span class='ocrx_word' id='word_1_229' title='bbox 160 3113 320 3180; x_wconf 88' lang='lat' dir='ltr'><strong>mahatur.</strong></span> <span class='ocrx_word' id='word_1_230' title='bbox 368 3113 522 3180; x_wconf 87' lang='lat' dir='ltr'><strong>Historici</strong></span> <span class='ocrx_word' id='word_1_231' title='bbox 544 3122 657 3179; x_wconf 89' lang='lat' dir='ltr'><strong>contra</strong></span> <span class='ocrx_word' id='word_1_232' title='bbox 681 3134 781 3200; x_wconf 89' lang='lat' dir='ltr'><strong>quum</strong></span> <span class='ocrx_word' id='word_1_233' title='bbox 805 3116 909 3202; x_wconf 88' lang='lat' dir='ltr'><strong>prima</strong></span> <span class='ocrx_word' id='word_1_234' title='bbox 932 3114 1006 3182; x_wconf 92' lang='lat' dir='ltr'><strong>helli</strong></span> <span class='ocrx_word' id='word_1_235' title='bbox 1030 3114 1156 3180; x_wconf 90' lang='lat' dir='ltr'><strong>semina</strong></span> <span class='ocrx_word' id='word_1_236' title='bbox 1179 3125 1216 3184; x_wconf 87' lang='lat' dir='ltr'><strong>et</strong></span> <span class='ocrx_word' id='word_1_237' title='bbox 1235 3138 1340 3187; x_wconf 81' lang='lat' dir='ltr'><strong>causas</strong></span> 
     </span>
     <span class='ocr_line' id='line_1_28' title="bbox 160 3217 1340 3306; baseline 0.008 -24"><span class='ocrx_word' id='word_1_238' title='bbox 160 3217 352 3304; x_wconf 81' lang='lat' dir='ltr'><strong>indagarent</strong></span> <span class='ocrx_word' id='word_1_239' title='bbox 374 3238 443 3285; x_wconf 91' lang='lat' dir='ltr'><strong>rem</strong></span> <span class='ocrx_word' id='word_1_240' title='bbox 467 3219 563 3285; x_wconf 89' lang='lat' dir='ltr'><strong>altius</strong></span> <span class='ocrx_word' id='word_1_241' title='bbox 586 3226 767 3304; x_wconf 89' lang='lat' dir='ltr'><strong>repetentes</strong></span> <span class='ocrx_word' id='word_1_242' title='bbox 788 3229 820 3285; x_wconf 86' lang='lat' dir='ltr'><strong>et</strong></span> <span class='ocrx_word' id='word_1_243' title='bbox 851 3219 913 3285; x_wconf 89' lang='lat' dir='ltr'><strong>alia</strong></span> <span class='ocrx_word' id='word_1_244' title='bbox 937 3220 1121 3306; x_wconf 90' lang='lat' dir='ltr'><strong>antiquiora</strong></span> <span class='ocrx_word' id='word_1_245' title='bbox 1154 3240 1340 3291; x_wconf 83' lang='lat' dir='ltr'><strong>commemo</strong></span> 
     </span>
     <span class='ocr_line' id='line_1_29' title="bbox 159 3323 1337 3410; baseline 0.007 -21"><span class='ocrx_word' id='word_1_246' title='bbox 159 3332 275 3390; x_wconf 90' lang='lat' dir='ltr'><strong>rarunt</strong></span> <span class='ocrx_word' id='word_1_247' title='bbox 309 3332 341 3390; x_wconf 88' lang='lat' dir='ltr'><strong>et</strong></span> <span class='ocrx_word' id='word_1_248' title='bbox 374 3326 425 3389; x_wconf 84' lang='grc' dir='ltr'><strong>ἐτ’</strong></span> <span class='ocrx_word' id='word_1_249' title='bbox 456 3325 681 3403; x_wconf 74' lang='grc' dir='ltr'><strong><em>Ἀγαθοκλέους</em></strong></span> <span class='ocrx_word' id='word_1_250' title='bbox 726 3323 904 3390; x_wconf 87' lang='lat' dir='ltr'><strong>Phocenses</strong></span> <span class='ocrx_word' id='word_1_251' title='bbox 943 3325 978 3390; x_wconf 79' lang='lat' dir='ltr'><strong>cl</strong></span> <span class='ocrx_word' id='word_1_252' title='bbox 1018 3326 1094 3406; x_wconf 72' lang='grc' dir='ltr'><strong><em>ἱερὸν</em></strong></span> <span class='ocrx_word' id='word_1_253' title='bbox 1130 3332 1337 3410; x_wconf 80' lang='grc' dir='ltr'><strong><em>καταλαβεῖν.</em></strong></span> 
     </span>
     <span class='ocr_line' id='line_1_30' title="bbox 159 3428 1340 3518; baseline 0.008 -24"><span class='ocrx_word' id='word_1_254' title='bbox 159 3429 322 3510; x_wconf 84' lang='lat' dir='ltr'><strong>Quantum</strong></span> <span class='ocrx_word' id='word_1_255' title='bbox 347 3428 476 3514; x_wconf 88' lang='lat' dir='ltr'><strong>quidem</strong></span> <span class='ocrx_word' id='word_1_256' title='bbox 497 3428 590 3494; x_wconf 87' lang='lat' dir='ltr'><strong>hodie</strong></span> <span class='ocrx_word' id='word_1_257' title='bbox 611 3430 688 3495; x_wconf 89' lang='lat' dir='ltr'><strong>sciri</strong></span> <span class='ocrx_word' id='word_1_258' title='bbox 711 3438 815 3515; x_wconf 87' lang='lat' dir='ltr'><strong>potest</strong></span> <span class='ocrx_word' id='word_1_259' title='bbox 840 3428 1048 3495; x_wconf 84' lang='lat' dir='ltr'><strong>historiarum</strong></span> <span class='ocrx_word' id='word_1_260' title='bbox 1069 3431 1250 3518; x_wconf 88' lang='lat' dir='ltr'><strong>scriptores</strong></span> <span class='ocrx_word' id='word_1_261' title='bbox 1271 3456 1340 3503; x_wconf 85' lang='lat' dir='ltr'><strong>una·</strong></span> 
     </span>
     <span class='ocr_line' id='line_1_31' title="bbox 159 3533 1340 3619; baseline 0.008 -20"><span class='ocrx_word' id='word_1_262' title='bbox 159 3535 240 3599; x_wconf 87' lang='lat' dir='ltr'><strong>nimi</strong></span> <span class='ocrx_word' id='word_1_263' title='bbox 270 3553 427 3598; x_wconf 88' lang='lat' dir='ltr'><strong>consensu</strong></span> <span class='ocrx_word' id='word_1_264' title='bbox 454 3533 494 3598; x_wconf 91' lang='lat' dir='ltr'><strong>ah</strong></span> <span class='ocrx_word' id='word_1_265' title='bbox 516 3533 700 3619; x_wconf 81' lang='lat' dir='ltr'><strong>Agathoclis</strong></span> <span class='ocrx_word' id='word_1_266' title='bbox 723 3555 807 3600; x_wconf 90' lang='lat' dir='ltr'><strong>anno</strong></span> <span class='ocrx_word' id='word_1_267' title='bbox 828 3535 943 3600; x_wconf 89' lang='lat' dir='ltr'><strong>seriem</strong></span> <span class='ocrx_word' id='word_1_268' title='bbox 972 3554 1080 3601; x_wconf 85' lang='lat' dir='ltr'><strong>rerum</strong></span> <span class='ocrx_word' id='word_1_269' title='bbox 1106 3536 1141 3601; x_wconf 91' lang='lat' dir='ltr'><strong>iu</strong></span> <span class='ocrx_word' id='word_1_270' title='bbox 1162 3536 1247 3606; x_wconf 87' lang='lat' dir='ltr'><strong>hello</strong></span> <span class='ocrx_word' id='word_1_271' title='bbox 1269 3542 1340 3609; x_wconf 88' lang='lat' dir='ltr'><strong>Pho·</strong></span> 
     </span>
     <span class='ocr_line' id='line_1_32' title="bbox 159 3638 1338 3725; baseline 0.008 -20"><span class='ocrx_word' id='word_1_272' title='bbox 159 3640 247 3706; x_wconf 88' lang='lat' dir='ltr'><strong>censi</strong></span> <span class='ocrx_word' id='word_1_273' title='bbox 268 3646 431 3724; x_wconf 84' lang='lat' dir='ltr'><strong>gestarum</strong></span> <span class='ocrx_word' id='word_1_274' title='bbox 463 3640 567 3705; x_wconf 83' lang='lat' dir='ltr'><strong>exorsi</strong></span> <span class='ocrx_word' id='word_1_275' title='bbox 598 3647 694 3705; x_wconf 91' lang='lat' dir='ltr'><strong>sunt:</strong></span> <span class='ocrx_word' id='word_1_276' title='bbox 731 3640 853 3725; x_wconf 90' lang='lat' dir='ltr'><strong>inspice</strong></span> <span class='ocrx_word' id='word_1_277' title='bbox 884 3638 1057 3706; x_wconf 83' lang='lat' dir='ltr'><strong>Diodorum</strong></span> <span class='ocrx_word' id='word_1_278' title='bbox 1094 3639 1158 3708; x_wconf 91' lang='lat' dir='ltr'><strong>Sic.</strong></span> <span class='ocrx_word' id='word_1_279' title='bbox 1179 3643 1266 3712; x_wconf 86' lang='lat' dir='ltr'><strong>xvt.</strong></span> <span class='ocrx_word' id='word_1_280' title='bbox 1292 3652 1338 3715; x_wconf 86' lang='lat' dir='ltr'><strong>tt.</strong></span> 
     </span>
     <span class='ocr_line' id='line_1_33' title="bbox 159 3743 1340 3839; baseline 0.008 -27"><span class='ocrx_word' id='word_1_281' title='bbox 159 3765 197 3813; x_wconf 87' lang='lat' dir='ltr'><strong>ex</strong></span> <span class='ocrx_word' id='word_1_282' title='bbox 228 3764 292 3831; x_wconf 88' lang='lat' dir='ltr'><strong>quo</strong></span> <span class='ocrx_word' id='word_1_283' title='bbox 321 3743 424 3839; x_wconf 79' lang='lat' dir='ltr'><strong>chiter</strong></span> <span class='ocrx_word' id='word_1_284' title='bbox 454 3743 608 3810; x_wconf 89' lang='lat' dir='ltr'><strong>mendum</strong></span> <span class='ocrx_word' id='word_1_285' title='bbox 635 3744 740 3810; x_wconf 82' lang='lat' dir='ltr'><strong>exime</strong></span> <span class='ocrx_word' id='word_1_286' title='bbox 772 3746 803 3810; x_wconf 91' lang='lat' dir='ltr'><strong>in</strong></span> <span class='ocrx_word' id='word_1_287' title='bbox 829 3743 926 3834; x_wconf 81' lang='lat' dir='ltr'><strong>lliylli</strong></span> <span class='ocrx_word' id='word_1_288' title='bbox 956 3747 1138 3814; x_wconf 90' lang='lat' dir='ltr'><strong>mentione:</strong></span> <span class='ocrx_word' id='word_1_289' title='bbox 1173 3752 1340 3831; x_wconf 75' lang='grc' dir='ltr'><strong><em>Διολλοιδ</em></strong></span> 
     </span>
     <span class='ocr_line' id='line_1_34' title="bbox 158 3845 1339 3936; baseline 0.008 -19"><span class='ocrx_word' id='word_1_290' title='bbox 158 3852 338 3928; x_wconf 73' lang='grc' dir='ltr'><strong><em>Ἀθηναῖοι,</em></strong></span> <span class='ocrx_word' id='word_1_291' title='bbox 363 3850 489 3936; x_wconf 86' lang='lat' dir='ltr'><strong>lnquit,</strong></span> <span class='ocrx_word' id='word_1_292' title='bbox 514 3845 619 3931; x_wconf 77' lang='grc' dir='ltr'><strong><em>ἦρκται</em></strong></span> <span class='ocrx_word' id='word_1_293' title='bbox 643 3859 699 3925; x_wconf 79' lang='grc' dir='ltr'><strong>τῆς</strong></span> <span class='ocrx_word' id='word_1_294' title='bbox 722 3851 836 3931; x_wconf 75' lang='grc' dir='ltr'><strong><em>ἱςορίας</em></strong></span> <span class='ocrx_word' id='word_1_295' title='bbox 866 3852 930 3916; x_wconf 81' lang='grc' dir='ltr'><strong><em>οὶτὸ</em></strong></span> <span class='ocrx_word' id='word_1_296' title='bbox 954 3859 1011 3927; x_wconf 75' lang='grc' dir='ltr'><strong>τῆς</strong></span> <span class='ocrx_word' id='word_1_297' title='bbox 1042 3854 1339 3935; x_wconf 76' lang='grc' dir='ltr'><strong><em>ἱεροσυλῆοεοις</em></strong></span> 
     </span>
     <span class='ocr_line' id='line_1_35' title="bbox 157 3955 1337 4043; baseline 0.008 -21"><span class='ocrx_word' id='word_1_298' title='bbox 157 3958 209 4022; x_wconf 80' lang='grc' dir='ltr'><strong><em>κα)</em></strong></span> <span class='ocrx_word' id='word_1_299' title='bbox 232 3956 380 4037; x_wconf 75' lang='grc' dir='ltr'><strong><em>γέγραφε</em></strong></span> <span class='ocrx_word' id='word_1_300' title='bbox 409 3955 543 4033; x_wconf 74' lang='grc' dir='ltr'><strong><em>βίβλους</em></strong></span> <span class='ocrx_word' id='word_1_301' title='bbox 567 3955 660 4020; x_wconf 79' lang='grc' dir='ltr'><strong><em>εἴκοσι</em></strong></span> <span class='ocrx_word' id='word_1_302' title='bbox 683 3956 736 4021; x_wconf 80' lang='grc' dir='ltr'><strong>καὶ</strong></span> <span class='ocrx_word' id='word_1_303' title='bbox 761 3955 853 4022; x_wconf 74' lang='grc' dir='ltr'><strong><em>ἑπτα.</em></strong></span> <span class='ocrx_word' id='word_1_304' title='bbox 901 3957 971 4024; x_wconf 87' lang='lat' dir='ltr'><strong>Noli</strong></span> <span class='ocrx_word' id='word_1_305' title='bbox 998 3956 1129 4026; x_wconf 87' lang='lat' dir='ltr'><strong>credere</strong></span> <span class='ocrx_word' id='word_1_306' title='bbox 1151 3963 1337 4043; x_wconf 76' lang='lat' dir='ltr'><strong>lspocrinncrc</strong></span> 
     </span>
     <span class='ocr_line' id='line_1_36' title="bbox 158 4059 1338 4149; baseline -0.004 -22"><span class='ocrx_word' id='word_1_307' title='bbox 158 4080 227 4127; x_wconf 91' lang='lat' dir='ltr'><strong>esse</strong></span> <span class='ocrx_word' id='word_1_308' title='bbox 253 4059 441 4126; x_wconf 89' lang='lat' dir='ltr'><strong>vocabulum</strong></span> <span class='ocrx_word' id='word_1_309' title='bbox 465 4060 622 4128; x_wconf 86' lang='lat' dir='ltr'><strong>Graecum</strong></span> <span class='ocrx_word' id='word_1_310' title='bbox 646 4068 678 4127; x_wconf 89' lang='lat' dir='ltr'><strong>ct</strong></span> <span class='ocrx_word' id='word_1_311' title='bbox 701 4061 855 4127; x_wconf 86' lang='lat' dir='ltr'><strong>emenda:</strong></span> <span class='ocrx_word' id='word_1_312' title='bbox 880 4065 943 4130; x_wconf 76' lang='grc' dir='ltr'><strong>ατο</strong></span> <span class='ocrx_word' id='word_1_313' title='bbox 965 4073 1021 4139; x_wconf 79' lang='grc' dir='ltr'><strong>τῆς</strong></span> <span class='ocrx_word' id='word_1_314' title='bbox 1044 4069 1115 4131; x_wconf 80' lang='grc' dir='ltr'><strong><em>τοῦ</em></strong></span> <span class='ocrx_word' id='word_1_315' title='bbox 1142 4068 1254 4149; x_wconf 71' lang='grc' dir='ltr'><strong><em>ἱεροῦ</em></strong></span> <span class='ocrx_word' id='word_1_316' title='bbox 1284 4098 1338 4139; x_wconf 63' lang='lat' dir='ltr'><strong>w.</strong></span> 
     </span>
     <span class='ocr_line' id='line_1_37' title="bbox 158 4165 1338 4263; baseline 0.011 -31"><span class='ocrx_word' id='word_1_317' title='bbox 158 4170 312 4244; x_wconf 79' lang='grc' dir='ltr'><strong><em>λήοεοις</em></strong></span> <span class='ocrx_word' id='word_1_318' title='bbox 341 4173 373 4232; x_wconf 91' lang='lat' dir='ltr'><strong>et</strong></span> <span class='ocrx_word' id='word_1_319' title='bbox 405 4165 597 4232; x_wconf 88' lang='lat' dir='ltr'><strong>malesanam</strong></span> <span class='ocrx_word' id='word_1_320' title='bbox 631 4165 766 4232; x_wconf 86' lang='lat' dir='ltr'><strong>formam</strong></span> <span class='ocrx_word' id='word_1_321' title='bbox 796 4186 834 4233; x_wconf 86' lang='lat' dir='ltr'><strong>ex</strong></span> <span class='ocrx_word' id='word_1_322' title='bbox 869 4165 1060 4235; x_wconf 81' lang='lat' dir='ltr'><strong>Graecitatis</strong></span> <span class='ocrx_word' id='word_1_323' title='bbox 1093 4190 1173 4257; x_wconf 79' lang='lat' dir='ltr'><strong>gaza</strong></span> <span class='ocrx_word' id='word_1_324' title='bbox 1208 4176 1338 4263; x_wconf 82' lang='lat' dir='ltr'><strong>expelle.</strong></span> 
     </span>
     <span class='ocr_line' id='line_1_38' title="bbox 158 4270 1337 4364; baseline 0.008 -26"><span class='ocrx_word' id='word_1_325' title='bbox 158 4271 432 4347; x_wconf 54' lang='lat' dir='ltr'><strong>nosocomum</strong></span> <span class='ocrx_word' id='word_1_326' title='bbox 466 4270 613 4360; x_wconf 80' lang='lat' dir='ltr'><strong>lliyllus,</strong></span> <span class='ocrx_word' id='word_1_327' title='bbox 645 4270 719 4338; x_wconf 89' lang='lat' dir='ltr'><strong>helli</strong></span> <span class='ocrx_word' id='word_1_328' title='bbox 748 4272 833 4339; x_wconf 89' lang='lat' dir='ltr'><strong>sacri</strong></span> <span class='ocrx_word' id='word_1_329' title='bbox 869 4273 999 4340; x_wconf 90' lang='lat' dir='ltr'><strong>initium</strong></span> <span class='ocrx_word' id='word_1_330' title='bbox 1026 4275 1166 4364; x_wconf 88' lang='lat' dir='ltr'><strong>appellat</strong></span> <span class='ocrx_word' id='word_1_331' title='bbox 1200 4283 1258 4356; x_wconf 71' lang='lat' dir='ltr'><strong>sico</strong></span> <span class='ocrx_word' id='word_1_332' title='bbox 1288 4287 1337 4349; x_wconf 78' lang='lat' dir='ltr'><strong>roi</strong></span> 
     </span>
     <span class='ocr_line' id='line_1_39' title="bbox 159 4376 1336 4474; baseline 0.011 -32"><span class='ocrx_word' id='word_1_333' title='bbox 159 4380 235 4458; x_wconf 74' lang='grc' dir='ltr'><strong><em>ἱεροῦ</em></strong></span> <span class='ocrx_word' id='word_1_334' title='bbox 261 4376 443 4452; x_wconf 71' lang='lat' dir='ltr'><strong>atacem:</strong></span> <span class='ocrx_word' id='word_1_335' title='bbox 469 4376 662 4445; x_wconf 88' lang='lat' dir='ltr'><strong>Philomelus</strong></span> <span class='ocrx_word' id='word_1_336' title='bbox 675 4377 791 4466; x_wconf 86' lang='lat' dir='ltr'><strong>templo</strong></span> <span class='ocrx_word' id='word_1_337' title='bbox 809 4378 931 4466; x_wconf 88' lang='lat' dir='ltr'><strong>potitus</strong></span> <span class='ocrx_word' id='word_1_338' title='bbox 946 4379 1146 4469; x_wconf 83' lang='lat' dir='ltr'><strong>aliquamdiu</strong></span> <span class='ocrx_word' id='word_1_339' title='bbox 1166 4404 1184 4453; x_wconf 92' lang='lat' dir='ltr'><strong>a</strong></span> <span class='ocrx_word' id='word_1_340' title='bbox 1204 4389 1336 4474; x_wconf 89' lang='lat' dir='ltr'><strong>pecunia</strong></span> 
     </span>
    </p>
   </div>
   <div class='ocr_carea' id='block_1_3' title="bbox 0 0 1474 5010">
    <p class='ocr_par' dir='ltr' id='par_1_3' title="bbox 0 0 1474 5010">
     <span class='ocr_line' id='line_1_40' title="bbox 0 0 1474 5010; baseline 0 3"><span class='ocrx_word' id='word_1_341' title='bbox 0 0 1474 5010; x_wconf 95' lang='lat' dir='ltr'><strong> </strong></span> 
     </span>
    </p>
   </div>
  </div>
 </body>
</html>
