2940 5010
762 946 1182 1056 rnlblllld.

443 1611 630 1680 Absolutum
663 1611 747 1680 banc
780 1612 940 1680 Vannnun
970 1612 1143 1680 anrrouou
1176 1621 1301 1702 partem
1338 1614 1470 1682 secund

277 1736 292 1763 ·“
384 1733 490 1802 lucem
514 1734 678 1818 emittenti
700 1733 780 1800 mibi
806 1754 868 1801 nou
893 1753 964 1801 csse
985 1753 1065 1821 opus
1096 1732 1236 1800 arbitror
1259 1733 1370 1803 cadem
1394 1735 1435 1803 de
1456 1737 1468 1802 i

266 1822 304 1943 l.

386 1856 525 1936 iterata,
547 1857 652 1938 ἐχθρὸν
675 1855 708 1932 δέ
731 1879 783 1936 μοι
807 1855 889 1931 telo,
915 1853 1087 1943 ntUlyssis
1101 1854 1141 1921 ad
1155 1854 1325 1923 Alcinoum
1347 1855 1455 1924 uerbis

567 1974 656 2050 arim
679 1976 829 2058 ἀριζήλως
852 1975 996 2057 εἰρημένα
1019 1976 1248 2056 μυθολογεύειν.

388 2094 492 2163 Tenui
527 2097 614 2163 enim
650 2104 742 2163 retus
777 2096 966 2162 institutum
1000 2103 1038 2161 ut
1078 2095 1279 2162 ostenderem
1308 2095 1470 2164 Codicibu

387 2234 457 2283 esse
480 2223 601 2283 temere
624 2215 842 2294 credendum,
866 2234 1006 2302 namque
1029 2213 1069 2281 ad
1100 2234 1201 2282 unum
1222 2235 1333 2284 omnes
1355 2214 1455 2283 libros

385 2334 504 2424 quibus
535 2336 730 2406 Graecorum
767 2336 887 2424 scripta
916 2337 1147 2417 continentur,
1185 2338 1282 2404 etiam
1315 2339 1469 2405 vetustiss

261 2536 267 2542 ,
323 2472 326 2477 ·
388 2456 514 2525 mendis
544 2458 771 2546 erroribusque
804 2465 949 2534 scatere,
984 2465 1016 2524 et
1040 2458 1158 2545 passim
1189 2458 1221 2522 iu
1245 2455 1395 2524 omnibus
1417 2457 1466 2525 lec

386 2578 517 2647 vitiosas
538 2589 569 2647 et
594 2588 762 2666 corruptas
797 2576 1025 2656 circumferri,
1059 2577 1176 2665 quibus
1206 2585 1238 2643 et
1262 2578 1462 2644 sententiaro

351 2727 354 2733 ·
386 2699 472 2766 nitas
495 2708 527 2767 et
550 2699 678 2787 elegans
701 2697 829 2766 dicendi
863 2700 949 2764 nitor
969 2706 1001 2764 ct
1025 2697 1154 2783 linguae
1188 2698 1306 2764 veteris
1337 2699 1469 2765 sincerit

312 2904 315 2909 Ι
387 2821 513 2909 puritas
548 2822 665 2888 misere
701 2820 879 2908 perierint,
917 2819 962 2884 ita
1004 2824 1041 2884 ut
1076 2816 1231 2904 praeclari
1266 2818 1441 2905 scriptores

358 2938 365 2953 '
386 2941 525 3029 ineptire
548 2950 580 3008 et
603 2941 682 3008 nibil
706 2941 834 3019 dicere,
868 2938 962 3006 modo
985 2939 1107 3006 insulse
1129 2946 1161 3006 et
1194 2938 1383 3026 pueriliter,
1408 2962 1470 3007 mor

316 3132 319 3137 ,
385 3063 468 3128 tiose
498 3068 530 3129 et
564 3070 677 3128 contra
712 3069 837 3129 certum
871 3061 996 3148 antiqui
1027 3060 1185 3125 sermonis
1222 3079 1316 3124 usum
1350 3061 1454 3128 scribe

289 3202 297 3213 ·
385 3183 533 3251 deantur.
579 3183 699 3250 Bnnam
720 3191 844 3269 partem
868 3180 982 3248 borum
1002 3178 1191 3245 mendorum
1214 3179 1326 3246 Critici
1347 3183 1444 3247 certis

384 3303 568 3389 dationibus
598 3302 721 3371 dndnm
746 3302 968 3378 sustulerunt,
1000 3299 1160 3388 permulta
1184 3299 1275 3368 nobis
1306 3300 1417 3369 eadem
1442 3323 1470 3370 c

294 3464 312 3489 ,ι
383 3424 430 3491 tia
454 3425 643 3511 corrigenda
668 3431 854 3510 supersunt.
901 3421 1097 3488 Etiamnunc
1120 3420 1281 3509 plurima,
1315 3442 1396 3509 quac
1420 3444 1462 3511 qu

302 3548 314 3619 ξ
384 3563 444 3630 gra
466 3549 497 3609 et
520 3544 682 3610 malesana
706 3551 782 3610 sunt
814 3550 946 3610 acutum
975 3542 1128 3610 lectorem
1152 3543 1185 3608 in
1213 3542 1408 3611 Graecorum
1438 3566 1470 3610 st

385 3660 568 3750 impediunt
599 3668 630 3729 et
663 3632 828 3729 offendunt
860 3660 1040 3730 manifestis
1075 3662 1326 3730 correctionibus
1365 3685 1460 3752 possu

308 3828 317 3857 ,
384 3785 551 3869 integrum
585 3783 726 3850 restitui.
775 3782 977 3871 Quamquam
1014 3804 1077 3850 non
1114 3785 1145 3850 in
1175 3784 1324 3851 omnibus
1358 3787 1470 3873 script

315 4250 323 4385 t

308 4394 325 4587 i

385 3910 443 3980 ant
466 3901 576 3970 eadem
606 3912 662 3970 aut
684 3924 743 3991 par
766 3912 815 3971 est
847 3903 983 3972 lelicitcr
1007 3903 1197 3971 emendandi
1227 3903 1375 3972 facultas.
1431 3908 1467 3973 ln

385 4006 472 4093 enim
496 4023 672 4111 palmatiae
693 4025 932 4092 emendationes
955 4035 987 4092 et
1011 4024 1051 4092 ab
1075 4025 1147 4092 aliis
1168 4025 1288 4093 multae
1319 4034 1465 4114 repertae

385 4153 419 4212 et
440 4165 460 4212 a
479 4144 571 4212 nobis
597 4165 696 4212 novae
720 4147 855 4232 reperiri
879 4155 1034 4235 possunt,
1059 4148 1092 4212 in
1116 4146 1188 4213 aliis
1210 4146 1290 4212 nibil
1314 4147 1462 4214 buiusmo

387 4265 452 4334 bnc
476 4275 641 4354 repertum
665 4274 714 4334 est
737 4276 769 4334 et
791 4269 905 4355 exigua
929 4289 1002 4356 spes
1025 4276 1075 4336 est
1097 4267 1164 4335 iore
1186 4278 1223 4335 ut
1245 4290 1263 4336 a
1284 4267 1374 4343 nobis
1399 4269 1463 4356 aliq

386 4388 581 4474 reperiatur.
629 4388 784 4458 Athenaei
809 4389 907 4458 libros
942 4391 990 4480 (ut
1011 4390 1071 4459 boc
1101 4389 1187 4479 utar)
1212 4392 1310 4458 certis
1341 4390 1465 4460 emend
