2940 5010
691 290 757 353 1176

137 471 262 531 stanter
285 481 397 531 omues
425 463 494 529 sine
526 461 762 549 praepositione
784 461 975 544 ιίγίλλομαι
1003 465 1060 531 ε’σί
1088 486 1150 532 τινι
1183 464 1319 535 σοΙσΙνιιι1

136 569 265 646 dicere,
290 568 498 656 quamohrem
530 566 693 648 ιίγιίλλετο
712 566 932 655 reponendum
963 588 1033 638 esse
1055 568 1213 639 arbitror.
1258 568 1320 641 lion

136 696 206 744 csse
233 683 341 742 autem
370 673 568 741 abutendum
597 673 677 740 locis
701 672 855 742 Veterum
879 681 1049 762 poetarum
1078 676 1113 743 iu
1146 675 1234 747 dune
1256 698 1318 747 ran

137 789 170 849 et
194 781 379 869 sequiorum
405 778 634 848 Graeculorum
660 778 714 846 vix
738 798 820 868 opus
843 787 893 847 est
916 800 1059 849 monere.

183 886 219 952 ln
245 889 264 972 S
289 891 341 952 18.
376 891 470 968 Κῦρος
496 887 522 953 εί
546 886 719 965 ἐβίωσεν
745 882 848 967 &pesce
876 884 916 952 ἂν
938 885 1024 955 δοκοί
1049 883 1159 972 ἄρχων
1181 888 1318 969 rehtu

137 991 253 1057 uitiosa
276 999 327 1058 est
350 990 453 1058 forma
474 991 614 1072 ἐβίωσεν.
662 989 876 1059 Athenienses
899 990 1075 1059 nubantur
1095 991 1215 1061 formis
1236 994 1322 1077 ίβίιιν

138 1105 170 1163 et
188 1097 352 1177 βεβίωκας
384 1100 494 1179 βιῶναι
513 1105 546 1164 et
567 1096 654 1177 βιούς
677 1095 846 1164 dicebaut:
876 1097 1043 1185 seqrriores
1067 1105 1185 1165 eontra
1208 1097 1322 1169 iorum

135 1203 271 1284 ἐβίωσα,
295 1204 409 1284 βιῶσαι
431 1212 463 1271 et
482 1203 602 1282 tiedone
626 1201 844 1289 usurpabant,
868 1211 905 1269 ut
923 1203 956 1269 in
974 1201 1053 1270 aste
1072 1203 1209 1284 βιῦσας.
1254 1214 1321 1275 3ιὸ-

137 1333 191 1374 σαι
215 1328 274 1394 pro
301 1309 410 1388 βιῶναι
445 1318 477 1375 et
508 1308 628 1387 βιώσας
657 1327 716 1396 pro
737 1306 826 1389 βιούς
855 1328 918 1375 uon
948 1309 1052 1395 magis
1075 1308 1109 1374 in
1143 1311 1323 1380 Atticorum

138 1413 231 1480 libris
258 1413 389 1481 tolerari
421 1422 555 1501 possunt
576 1431 673 1499 quam
697 1398 873 1496 ῶσοδρῶσαι
906 1433 963 1501 pro
985 1414 1158 1500 irripiens
1188 1426 1224 1485 et
1249 1420 1323 1487 rite·

137 1517 254 1602 δράσας
283 1539 342 1607 pro
371 1517 519 1601 ῶιιοδριίς.
567 1516 630 1583 Sed
654 1538 717 1585 nnn
741 1519 822 1585 satis
851 1521 949 1587 ostri
973 1520 1049 1601 ἐβίω
1077 1541 1256 1611 reponere:
1276 1542 1322 1591 re

138 1625 233 1712 quire
255 1626 282 1692 εί
289 1646 294 1657 ·
311 1626 482 1705 ἐπεβίω,
505 1624 534 1690 ai
555 1625 619 1691 uite
642 1625 671 1690 ei
690 1624 812 1712 lenpior
834 1624 1003 1713 oletipisaet.

191 1730 238 1798 Ile
271 1729 384 1797 luroris
415 1731 532 1798 Atticis
565 1731 695 1811 βιῶναι,
730 1729 817 1809 βιοιίς
853 1736 913 1795 eto.
947 1731 1087 1818 piurima
1132 1733 1325 1823 conquisivit

136 1837 174 1905 G.
196 1836 381 1904 llindorfius
402 1835 443 1902 ad
467 1834 576 1922 Steph.
608 1836 701 1903 Thes.
724 1855 753 1898 v.
779 1833 875 1913 Βιίω,
900 1834 957 1903 sed
984 1838 1018 1903 in
1048 1837 1099 1905 his
1123 1838 1223 1927 paulo
1241 1838 1325 1907 lesti-

137 1944 270 2009 nautius
298 1941 444 2009 scribens
473 1940 643 2007 nonnullos
667 1960 792 2007 errores
814 1943 979 2010 courmisit
1000 1952 1033 2010 et
1052 1953 1212 2033 corrupta
1234 1964 1326 2033 qnae

138 2048 211 2115 dam
239 2068 297 2136 pro
325 2048 413 2114 sanis
443 2045 558 2113 hahuit
586 2053 619 2113 et
641 2066 680 2113 ex
705 2048 919 2133 ineptissimis
943 2048 1140 2136 quibusdam
1163 2051 1326 2139 scriptori-

137 2154 199 2221 bus
228 2153 339 2221 attulit
372 2152 494 2240 aliquid
528 2150 694 2231 sordium,
730 2151 815 2239 quod
848 2150 964 2220 molins
992 2152 1176 2225 abiecisset.
1225 2157 1326 2225 linum

137 2260 210 2328 eius
233 2278 375 2326 errorem
402 2257 609 2344 redarguam.
660 2244 887 2345 »Peru'cipium
911 2258 1037 2347 (aoristi
1061 2259 1198 2330 secundi
1224 2261 1326 2353 ίβίνιν)

140 2377 185 2432 eet
217 2365 323 2445 βιούς,
359 2365 485 2451 inquit,
515 2364 604 2430 cuius
627 2384 717 2429 cesus
749 2363 865 2451 reliqui
893 2365 1034 2445 βιίντος,
1063 2366 1188 2448 βιίντι,
1217 2368 1326 2449 βιίντα

138 2492 237 2560 quum
259 2492 321 2535 ιιονι
351 2469 414 2536 εἰμί
440 2467 549 2535 recitati
575 2469 614 2533 ab
639 2468 753 2533 domato
773 2469 878 2554 primo
902 2470 995 2536 etium
1021 2470 1146 2538 Veteres
1168 2473 1268 2541 Attici
1283 2474 1326 2539 is·

140 2575 263 2643 lordum
289 2574 448 2640 auxilium
467 2573 625 2660 petierunt
656 2574 800 2660 quemuis
823 2575 932 2640 cereus
956 2577 1074 2664 prioris
1096 2577 1209 2645 οοοίείί
1230 2578 1325 2645 mdis

139 2703 233 2769 capre
263 2691 391 2747 trteertes.
439 2679 616 2752 Βιῶσανσας
641 2699 658 2743 ο
680 2677 823 2744 Platonis
850 2679 1018 2748 Phaedone
1048 2703 1080 2770 p.
1104 2689 1169 2751 113
1194 2683 1233 2751 n.
1267 2704 1324 2751 mo

139 2796 242 2853 meret
269 2787 498 2862 Buttmuouus,
533 2784 661 2863 ἐβίωσεν
687 2805 704 2849 ο
727 2783 937 2870 Xenophontio
974 2786 1172 2855 Oeconomico
1197 2788 1251 2856 tv.
1277 2793 1323 2857 18.

140 2892 230 2959 Adde
252 2893 388 2972 ἐβίωσαν
404 2911 445 2956 eu
467 2889 616 2956 Isocratis
639 2888 758 2976 Parrep.
782 2911 812 2978 p.
834 2895 874 2957 tn
900 2891 934 2959 B.
959 2891 998 2957 de
1020 2892 1103 2961 Pace
1126 2914 1156 2982 p.
1180 2900 1245 2962 177
1267 2894 1323 2962 Α.”

139 2997 298 3079 Ἐβίωσαν
331 2995 371 3063 ad
402 2996 494 3075 ίβίων
523 3015 592 3062 esse
621 2993 849 3075 referendum,
874 3004 910 3062 ut
933 2996 1073 3076 ἔγνωσαν
1104 3006 1137 3066 et
1168 2996 1321 3079 ἕιίλωσαν,

139 3124 203 3171 non
228 3102 365 3191 fugisset
388 3101 588 3170 llindorfium
614 3101 676 3167 uisi
709 3099 883 3167 admodum
916 3100 1108 3170 festinanter
1132 3106 1320 3193 scripsisset.

139 3209 203 3277 Sed
234 3208 302 3276 leve
334 3207 394 3274 hoe
427 3216 495 3275 est:
528 3207 701 3294 diligenter
732 3215 840 3273 antem
875 3208 1053 3275 notandum
1088 3209 1177 3289 βιοιίς
1213 3209 1320 3279 halen

140 3317 302 3396 βιοῦντος,
325 3316 466 3394 βιοῦντι,
489 3316 620 3393 βιοῦντα
633 3322 696 3379 cel.
733 3312 814 3378 Mira
836 3333 886 3380 res
906 3322 972 3391 cst,
994 3314 1049 3381 sed
1074 3316 1257 3384 certissima
1276 3336 1319 3383 m

139 3430 201 3488 est.
248 3420 284 3486 ln
319 3418 461 3485 Platonis
493 3419 571 3507 Rep.
597 3420 633 3485 X.
667 3439 697 3506 p.
723 3422 788 3485 utu
814 3417 846 3484 C.
879 3425 939 3484 τῶν
970 3419 1002 3484 δὲ
1036 3421 1123 3494 edile
1159 3422 1319 3504 γενομένω

139 3526 191 3593 καί
219 3525 324 3603 ὀλίγον
347 3524 454 3607 χρόνον
484 3526 630 3603 βιούντων
660 3524 728 3604 τίοι
759 3522 848 3590 ἄλλα
876 3524 1004 3604 ἔλεγεν,
1037 3524 1092 3591 uhi
1125 3526 1232 3594 obiler
1259 3546 1318 3595 ottr-

139 3632 209 3717 rige
234 3629 321 3704 εὐθὺς
353 3630 604 3709 ἀπογενομένων,
636 3630 735 3694 cleiis
758 3629 812 3716 qui
838 3631 942 3696 stetim
976 3630 1183 3699 decesserunt.
1232 3630 1318 3701 Videt

139 3745 248 3804 autem
273 3756 349 3811 eos,
376 3735 432 3821 qui
457 3733 552 3802 breve
576 3742 706 3821 tempus
730 3734 876 3801 uicerunt
904 3735 969 3802 dici
991 3738 1062 3812 τοὺς
1092 3737 1200 3817 ὀλίγον
1222 3737 1318 3824 mim

137 3844 356 3922 βιοῦντας,
389 3860 451 3906 non
482 3842 672 3921 βιώσαντας.
720 3839 831 3906 isaeus
854 3842 887 3906 in
914 3840 1002 3909 Orat.
1022 3842 1062 3909 ll.
1089 3848 1143 3911 tu.
1173 3844 1228 3912 καί
1250 3847 1317 3912 dari·

136 3973 183 4015 νον
196 3945 340 4025 ἐπέδειξα
363 3947 433 4028 τρία
454 3948 507 4013 καί
532 3948 642 4012 εἴκοσιν
666 3948 915 4026 ἕσιβιοῦντα
939 3948 1011 4026 ἔτη,
1035 3948 1129 4016 idest
1153 3951 1253 4038 [uisse
1272 3971 1316 4017 su·

136 4054 309 4140 perstitem.
356 4051 444 4118 ldem
478 4054 510 4118 in
546 4050 633 4119 Orat.
660 4053 793 4120 7149.
831 4057 849 4130 i
881 4054 912 4120 δὲ
947 4056 1063 4121 τούτων
1094 4057 1199 4139 μιίτιιρ
1232 4054 1317 4127 οῦτοι

137 4160 367 4239 ὁμολογουμένη
391 4154 467 4224 οὖσα
488 4158 580 4234 δούλη
613 4159 665 4225 καί
690 4157 822 4227 ἅπαντα
844 4162 896 4225 τὸν
919 4159 1026 4241 χρόνον
1048 4161 1186 4242 αίσχρῦς
1218 4163 1317 4242 βιοῦ·

136 4264 284 4343 σα,.ιι1ιί
310 4265 449 4330 aoristus
474 4272 522 4331 nst
543 4267 678 4346 βιοῶσα,
704 4276 739 4332 ut
768 4264 865 4331 vides.
913 4265 950 4331 ln
976 4273 1167 4333 transcursu
1191 4263 1317 4333 emenda

136 4370 474 4451 ὁμολογουμένως
504 4368 580 4438 οὖσα
612 4371 714 4447 δοῦλος.
764 4371 811 4437 [lx
846 4369 904 4436 hou
936 4370 1005 4438 looo
1036 4371 1157 4459 optimu
1187 4368 1316 4456 intelligi
