2940 5010
715 262 777 336 767

144 465 239 515 sacra
270 445 427 514 abstinuit
455 465 580 514 manus.
639 445 820 534 Scriptores
843 451 967 512 veteres
991 445 1023 511 in
1055 464 1093 513 ea
1120 464 1156 514 re
1189 454 1328 514 utuntur

144 553 243 622 verbo
265 552 530 635 καταλαμβάνειν
553 553 588 620 el
611 554 708 635 ἱερόν,
731 551 817 640 quod
851 550 956 618 lacere
979 548 1134 619 dicuntur
1157 554 1213 639 qui
1235 575 1328 641 proe-

145 659 369 727 κλίνονται
393 659 525 746 delphis
547 660 689 747 imposito
719 662 773 736 elo
798 663 850 724 τοῦ
877 659 954 739 ῖεροῦ
988 660 1159 740 rosscelon
1183 678 1239 746 per
1263 660 1328 726 rim

144 764 208 833 sibi
232 765 407 832 vindicant.
453 765 612 852 Loquitur
642 766 688 831 sic
719 763 911 852 Xenophon,
937 770 973 829 ut
995 763 1158 842 uidimus,
1188 767 1223 832 el
1251 766 1328 849 ἱερὸν

143 871 409 951 καταλαμβάνειν
432 873 609 953 interpolare:
645 869 823 958 loquuntur
853 870 901 936 sic
924 868 978 935 alii
1009 868 1139 957 plures,
1173 878 1208 936 ut
1240 869 1329 937 nulla

143 977 190 1044 sil
208 975 366 1044 dubitatio
389 977 467 1065 quin
496 978 529 1044 in
554 977 713 1044 Marmore
732 976 826 1044 Pario
855 981 900 1044 ul.
927 979 979 1042 76.
1005 976 1038 1042 iu
1061 995 1124 1062 qun
1150 975 1228 1044 baec
1259 984 1327 1044 tau·

144 1091 216 1150 tum
238 1089 432 1170 supersunt:

278 1190 355 1271 Ἀφ’
378 1183 413 1253 οὗ
436 1194 550 1262 Φωκεῖς
574 1191 609 1255 ad
631 1189 662 1254 ἐν
686 1195 824 1270 Δελφοῖς
849 1186 908 1269 ῖρδν
910 1234 1186 1255 .........

280 1318 346 1368 υκαι
370 1293 579 1376 Κηφισοδώρου

143 1398 325 1466 rectissime
348 1399 567 1487 suppleverint
590 1397 652 1464 riri
679 1396 765 1463 docti
796 1397 831 1465 τὸ
854 1398 886 1463 ἐν
921 1403 1060 1482 Δελφοῖς
1094 1401 1153 1482 teto
1178 1397 1326 1487 (κατὲλα

141 1504 200 1584 tio
223 1553 468 1572 ........
492 1503 641 1588 ἄρχοντος
661 1503 817 1592 Ἀῖνῦννον
838 1505 1064 1586 Κηφισοδώρου.
1114 1499 1210 1568 Vides
1229 1521 1325 1579 eunt,

143 1609 201 1695 qui
225 1608 303 1677 bace
337 1611 444 1676 nescio
467 1609 552 1677 unde
580 1609 726 1695 collegit,
759 1608 868 1696 templi
887 1611 1128 1697 occupationem
1159 1627 1222 1674 uno
1242 1628 1326 1674 anuo

143 1714 242 1781 etiam
268 1716 483 1801 antiquiorem
513 1714 628 1781 lacere.
675 1713 909 1801 Cephisodorus
938 1717 1025 1781 eninr
1058 1712 1125 1804 (alii
1158 1715 1326 1798 Κηφισόδο-

141 1841 195 1887 τον
227 1820 399 1909 appellant)
437 1840 500 1887 uno
534 1839 620 1886 antro
651 1819 857 1905 Agathoclem
890 1818 1065 1907 praecedit.
1112 1819 1196 1900 Quid
1227 1821 1330 1905 igitur
1433 1824 1435 1829 ’

141 1922 231 1993 uiuo
261 1934 428 2013 superest,
459 1927 487 1993 si
520 1934 652 2013 apparet
679 1927 730 1991 ἐντ’
754 1927 981 2004 Ἀγαθοκλέους
1019 1924 1208 2016 (ueletiam
1239 1944 1324 1991 auno

141 2031 230 2120 aule)
254 2032 326 2106 τοὺς
349 2032 475 2107 Φακέας
497 2034 533 2100 τὸ
553 2033 629 2114 ῖερὸν
652 2034 874 2112 καταλαβεῖν,
898 2041 931 2098 et
952 2031 1080 2098 eosdem
1106 2032 1156 2097 ἐπ’
1177 2030 1325 2098 Ἐλιτῖνου

144 2134 192 2226 (id
213 2144 262 2204 est
279 2139 427 2223 sequenti
452 2136 548 2225 anno)
573 2146 655 2204 teste
681 2135 888 2224 Xenophonte
911 2139 1049 2203 ἐκλιπεῖν
1077 2138 1112 2203 τὸ
1141 2135 1239 2219 ἱερόν,
1263 2138 1327 2204 nisi

142 2250 182 2309 ut
204 2249 386 2310 statuemus
416 2243 449 2309 id
474 2242 559 2328 quod
590 2242 629 2309 ab
651 2243 744 2308 initio
767 2243 954 2329 posuimus:
985 2243 1055 2316 τοὺς
1080 2242 1203 2317 Φακέας
1226 2266 1327 2310 κατα·

141 2348 256 2428 λαβεῖν
280 2350 338 2427 μὲν
360 2351 396 2416 τὸ
419 2351 495 2430 ἱερὸν
517 2345 587 2414 εἶτα
611 2348 758 2429 κατέχειν
781 2350 826 2426 μὴ
849 2347 1032 2428 δυναμένους
1055 2347 1152 2413 πάλιν
1176 2348 1326 2416 ἐκλιπεῖν.

142 2452 210 2521 Ηοο
226 2453 328 2540 igitur
348 2454 515 2520 occasione
529 2452 683 2520 utendum
705 2472 775 2520 esse
797 2452 972 2539 Xenophon
988 2451 1200 2520 Athenienses
1219 2454 1326 2521 admo·

141 2567 216 2627 aet:
240 2558 554 2627 uuncdecommuni
574 2559 768 2626 Graecorum
789 2560 949 2625 sententia
967 2557 1123 2645 templum
1136 2557 1327 2647 Delphicum

141 2663 176 2731 iu
198 2663 380 2732 libertatem
404 2664 561 2732 vindicari
588 2685 680 2753 posse
700 2673 733 2731 et
762 2665 814 2731 sui
837 2665 919 2730 iuris
942 2663 1012 2729 ficri
1038 2672 1074 2730 ut
1096 2665 1172 2731 olim
1200 2662 1326 2734 luisset.

141 2767 197 2839 ste
218 2769 412 2839 Graecorum
431 2771 577 2836 omnium
602 2789 760 2837 consensu
787 2771 857 2837 sine
882 2768 964 2835 bello
992 2768 1146 2855 templum
1172 2769 1326 2837 inhianti-

140 2874 202 2943 bus
237 2875 397 2943 Thebanis
431 2895 524 2962 posse
554 2877 636 2963 eripi
668 2877 818 2942 restituta
848 2875 986 2963 pristina
1020 2876 1209 2958 αῖτνννμῖα,
1244 2896 1327 2962 quae

139 2980 216 3048 olim
238 3001 324 3047 anno
341 2986 417 3047 tut.
441 2979 569 3048 loedere
590 2981 915 3048 lacedaemoniorum
934 2986 967 3046 et
987 2978 1230 3046 Atheniensium
1251 3001 1325 3047 con-

140 3087 258 3154 stituta
280 3093 385 3162 esset,
410 3085 494 3172 quod
519 3094 568 3152 est
591 3087 676 3173 apud
701 3085 847 3172 Thucyd.
868 3085 906 3150 V.
935 3089 993 3151 ta:
1018 3087 1052 3151 τὸ
1072 3086 1103 3152 ol
1130 3086 1206 3168 ῖερδν
1230 3090 1265 3154 τὸ
1293 3090 1325 3155 ἐν

140 3198 281 3274 Δελφοῖς
320 3190 387 3278 [τοῦ
422 3192 634 3278 Ἀπόλλωνος]
669 3192 720 3257 καῖ
757 3193 905 3273 Δελφοὺς
938 3193 1123 3271 αὐτονόμους
1158 3187 1235 3258 εἶναι
1270 3196 1323 3260 καὶ

139 3300 321 3369 αὐτοτελεῖς
353 3296 405 3362 καὶ
439 3298 615 3370 αὐτοδῖκους
645 3298 697 3364 καῖ
731 3298 833 3363 αὑτῶν
859 3297 912 3363 καὶ
942 3303 998 3371 τῆς
1029 3305 1090 3375 γῆς
1121 3305 1177 3373 τῆς
1210 3299 1325 3366 ἑαυτῶν

138 3403 226 3471 κατὰ
254 3402 460 3482 adtondemur,
484 3400 693 3488 exqunloco
717 3408 770 3467 τοῦ
794 3403 1008 3479 Ἀπόλλωνος,
1041 3401 1125 3488 quod
1154 3402 1326 3490 alitigitis

139 3505 283 3575 abundat
306 3516 339 3573 et
360 3507 429 3573 loco
452 3528 516 3573 non
539 3528 598 3574 suo
618 3507 809 3575 collocatum
829 3517 895 3584 est,
921 3507 1019 3574 sciolo
1040 3508 1096 3596 qui
1110 3507 1235 3576 addidit
1256 3511 1326 3577 red-

139 3611 284 3681 dendum
313 3632 382 3679 esse
412 3632 537 3680 censeo.
586 3613 652 3679 Hoc
679 3622 726 3679 est
756 3612 835 3679 illud
867 3613 972 3700 ipsum
1003 3612 1088 3700 quod
1123 3616 1324 3701 Xenophonti

139 3718 299 3807 oplimum
324 3717 412 3784 lactu
436 3737 506 3785 esse
530 3717 718 3785 videbatur:
751 3715 832 3793 ὅπως
855 3719 890 3785 τὸ
912 3720 943 3784 ἐν
967 3724 1108 3803 Δελφοῖς
1131 3720 1206 3801 ἱερὸν
1230 3724 1324 3789 αὐτό-

138 3847 229 3905 νομον
261 3821 361 3905 ὥσπερ
396 3823 523 3906 τρόνῖεν
554 3826 691 3903 γένοιτο,
731 3823 827 3912 idque
861 3843 962 3910 quum
994 3824 1073 3891 haec
1106 3824 1326 3894 scriberentur

140 3927 341 4018 Olympiadis
361 3928 438 3995 cvl.
464 3950 547 3995 anno
569 3931 691 4017 primo,
716 3931 744 3994 si
767 3928 977 3996 Athenienses
993 3929 1193 4017 temporibus
1216 3931 1325 3999 soller-

139 4044 191 4105 ter
216 4045 405 4114 uterentur,
431 4036 653 4122 percommode
678 4037 749 4104 lieri
771 4056 863 4123 posse
886 4034 1019 4102 debebat
1043 4033 1155 4101 rideri.

197 4143 339 4210 Transeo
369 4161 454 4209 nunc
478 4141 518 4208 ad
546 4141 644 4208 libelli
676 4141 955 4219 emendationem,
987 4138 1114 4227 siquid
1144 4139 1225 4207 lorte
1255 4141 1324 4227 opis

138 4247 223 4315 lerre
249 4250 368 4336 possirn
392 4247 470 4314 locis
495 4248 658 4336 impeditis
689 4257 747 4314 aut
781 4249 891 4315 vitiose
922 4247 1074 4333 scriptis,
1105 4266 1243 4332 quorum
1267 4245 1321 4312 ad·

137 4353 203 4422 buc
228 4363 298 4441 post
318 4355 511 4423 criticorum
544 4375 639 4424 curas
663 4365 712 4424 sat
736 4374 851 4441 magna
883 4354 973 4442 copia
996 4359 1151 4440 superest.
1199 4352 1322 4419 Prodiit
