2940 5010
681 272 742 335 281

154 444 306 531 iilprrrlv
325 444 477 531 χρησμόν.
523 443 613 527 Quod
637 452 744 512 autern
774 442 944 511 utnsteius
967 456 989 511 P
1012 454 1047 513 et
1069 456 1099 511 Δ
1131 441 1302 533 aliquoties

155 560 304 641 mutata
323 572 395 619 csse
411 551 503 619 docet
526 550 567 618 ad
590 570 636 617 rs.
657 555 723 627 58,
749 570 811 616 non
835 557 884 617 est
909 570 946 617 ea
981 551 1070 618 utilis
1095 549 1299 626 observatio,

122 617 125 737 l
155 659 272 745 ιινιίιιι
296 658 319 725 ii
343 676 470 726 errores
488 676 551 723 non
575 656 636 723 orti
666 663 743 723 sunt
775 677 813 723 cx
838 655 1049 724 similitudine
1082 656 1203 723 lormae
1225 674 1300 722 ocu·

122 742 125 839 Ϊ
154 758 368 831 heritarum
392 760 534 841 fallente,
557 761 613 829 scd
634 781 673 828 ex
690 780 778 829 mera
792 762 961 828 oscitantia
985 782 1115 841 corum,
1139 760 1195 850 qui
1213 758 1303 829 aliud

152 872 256 957 quus
276 866 404 956 quidvis
427 886 485 954 pro
505 866 618 953 quovis
641 865 873 935 describebant.
919 866 1006 934 Fieri
1030 875 1134 954 potest
1157 874 1193 934 ut
1219 888 1243 933 a
1267 866 1301 933 in

153 972 336 1055 d-trmsicrit
358 980 392 1039 ct
414 972 446 1037 iu
464 996 489 1051 ρ
510 982 543 1039 et
566 973 599 1039 in
623 998 654 1050 ε,
677 971 733 1039 scd
763 971 843 1039 nihil
864 970 992 1059 prodest
1019 971 1050 1038 id
1075 990 1169 1061 saepe
1193 979 1304 1039 notare

153 1086 257 1147 emat
273 1076 334 1147 lac
353 1076 589 1145 observationes
611 1077 749 1147 steriles.
796 1078 913 1144 Contra
940 1074 1116 1145 foecundae
1143 1083 1221 1145 sunt
1248 1096 1303 1164 pa·

153 1180 364 1271 hupraplricae
400 1182 713 1262 animadversiones,
748 1183 866 1269 quibus
906 1182 1095 1250 mendorum
1128 1183 1218 1269 origo
1257 1183 1304 1248 ita

154 1290 339 1379 perspiciatur
362 1295 400 1354 ut
421 1308 440 1355 o
462 1288 575 1354 vitiosa
602 1287 763 1375 scriptura
788 1287 890 1354 oculis
909 1286 1011 1355 doctis
1033 1296 1065 1356 ct
1095 1288 1201 1355 acutis
1225 1304 1305 1355 sana

122 1405 125 1429 '
155 1390 224 1463 tero
245 1393 413 1483 polluceat.
460 1392 592 1461 Prodest
617 1392 873 1460 animadvertere
896 1412 992 1479 quam
1022 1414 1116 1482 saepe
1138 1404 1192 1473 A,
1218 1403 1247 1461 Δ
1271 1401 1305 1461 et

155 1498 319 1569 dridicule
346 1496 478 1565 confusa
504 1497 636 1565 luerint.
682 1497 791 1565 Scatet
816 1497 971 1584 exemplis
996 1498 1194 1589 Hesychius,
1227 1518 1305 1587 quo·

156 1620 207 1673 ιιι
223 1603 321 1673 multa
356 1604 419 1671 iam
441 1600 518 1669 alibi
541 1601 775 1669 indicavimus:
801 1602 892 1688 longe
916 1601 1054 1690 plurima
1079 1602 1140 1669 sibi
1169 1604 1307 1691 quisque

157 1710 243 1795 peterit
270 1709 441 1795 colligere,
470 1707 649 1795 inquibus
683 1709 816 1795 antiqua
851 1726 967 1774 manus
1000 1707 1164 1795 perlucet,
1203 1706 1305 1775 veluti

158 1832 229 1901 μιν
249 1810 345 1883 Airai
364 1836 472 1903 preces
492 1832 561 1881 esse
585 1812 756 1891 dicuntur,
779 1822 812 1881 ct
831 1822 936 1890 Λῆπννι
959 1814 1060 1893 ocuti,
1084 1820 1227 1895 εῑΛῶριρ
1247 1813 1305 1879 im·

157 1930 250 1989 mira
266 1942 342 1989 neec
355 1930 480 2008 ruptus,
499 1927 532 1986 et
554 1916 699 1997 Λαγεννά
712 1918 834 1997 tristia,
853 1928 882 1986 et
897 1928 1059 1987 Σκιιιεϊιν
1070 1917 1307 1996 umbraculum,

157 2025 208 2111 pir
225 2044 287 2093 non
311 2033 449 2093 veterem
470 2024 665 2110 scripturam
687 2033 809 2090 ΛΙΤΑΙ
832 2033 865 2091 et
889 2034 1022 2091 ΑΗΤΑΙ
1043 2033 1074 2091 et
1099 2034 1250 2092 AnPOt:
1274 2030 1308 2092 et

157 2136 314 2201 tumtun
337 2140 370 2199 et
393 2136 630 2197 ΣΚΙΑΔΕΙΟΝ
654 2136 818 2215 tamquam
844 2129 945 2195 oculis
975 2131 1045 2196 suis
1070 2130 1199 2197 ccrnitl
1245 2130 1305 2199 Ea·

158 2230 209 2303 ltu
229 2244 276 2305 est
308 2234 452 2319 ἐνάργεια
481 2236 514 2300 in
546 2233 732 2312 erroribus,
764 2236 820 2319 qui
844 2235 911 2299 nati
939 2242 1015 2300 sunt
1051 2254 1089 2301 cx
1120 2234 1306 2303 confusione

122 2350 125 2357 '
159 2336 359 2411 lltmrumz
392 2340 557 2429 (anitiquae
585 2336 731 2427 formae),
764 2349 817 2416 T,
843 2347 911 2405 let
938 2351 971 2405 Ρ.
1001 2350 1026 2405 z
1054 2349 1086 2406 et
1105 2348 1135 2407 T
1158 2342 1190 2407 ln
1220 2340 1308 2408 anti·

159 2446 211 2531 qur
231 2445 419 2525 (lodicibus,
456 2446 487 2510 in
519 2444 656 2511 vetustis
690 2444 975 2531 inscriptionibus,
1010 2446 1043 2511 in
1079 2448 1223 2513 nummis
1252 2447 1308 2513 rix

159 2562 260 2635 munt
288 2550 391 2619 oculis
422 2550 583 2617 discerni:
619 2548 694 2615 hinc
728 2558 893 2615 natusest
923 2551 993 2615 Τάν
1022 2552 1220 2632 Κρηπάγενάς
1249 2570 1308 2638 pro

159 2654 220 2737 tir,
238 2666 274 2727 ut
296 2656 373 2725 alilri
396 2654 617 2735 ostendimus,
650 2664 683 2721 et
709 2658 851 2731 Ζνπάννν,
876 2658 1011 2736 Tanta,
1045 2657 1149 2735 πάννι,
1171 2656 1286 2740 ἒπιζάξ
1298 2707 1307 2735 ,

160 2756 304 2851 liquibus
324 2782 427 2849 nuper
449 2759 600 2826 diximus.
647 2758 728 2825 llale
751 2759 835 2845 apud
865 2760 1062 2852 llcspolrium
1086 2761 1206 2848 legitur
1229 2765 1308 2843 Ἐμ-

159 2866 288 2937 nlrrrrm
309 2888 367 2957 pro
384 2864 600 2947 Ἐμπνιίζονιι
648 2863 923 2945 Quemadmodum
949 2868 1051 2953 igitur
1069 2878 1093 2933 z
1116 2868 1149 2934 in
1168 2878 1199 2934 T
1221 2867 1308 2943 alrit,

160 2968 437 3061 tirnonnumquam
470 2970 572 3037 solum
605 2981 811 3056 lsupcressc
842 2970 985 3047 videtur,
1019 2983 1054 3039 ut
1084 2974 1116 3039 in
1142 2970 1308 3060 Euripidis

160 3070 212 3147 he
233 3086 331 3151 1247.
364 3077 514 3145 Codicum
547 3082 731 3162 corruptam
757 3075 950 3160 scripturam
983 3076 1145 3159 δράκοντεσ
1175 3077 1309 3161 άρχαῒάν

160 3186 300 3273 noptina
329 3182 511 3251 emendavit
540 3180 723 3247 Badlrautus
747 3181 778 3246 iu
811 3178 954 3260 δράκοντε
987 3182 1185 3265 σαρκάζννπε.
1234 3180 1309 3249 Sae-

160 3284 260 3371 ffima
287 3302 311 3357 Ρ
342 3287 426 3355 male
454 3288 586 3373 irrepsit
618 3307 674 3373 pro
697 3298 739 3363 1,
770 3285 869 3351 veluti
901 3285 986 3373 apud
1015 3285 1212 3376 Hesychium
1233 3289 1308 3353 Ἀν·

160 3386 252 3477 ltmca
269 3394 425 3463 scribitur
447 3412 504 3478 pro
527 3390 704 3471 άνδειγμά,
735 3391 949 3473 Ἑρκάζεινε
974 3394 1125 3459 σκώπτειν
1146 3411 1205 3479 pro
1224 3390 1308 3459 εἷκά·

159 3490 218 3577 lm,
250 3502 409 3583 Μερῶνι
446 3497 585 3563 ἐλάσσων
620 3518 678 3584 pro
712 3500 826 3577 μείων,
857 3500 1009 3578 ”operte
1047 3498 1214 3580 προβάτοις
1250 3518 1308 3586 pro

157 3600 235 3675 dun.
277 3606 408 3691 insigne
440 3601 538 3668 liuius
573 3603 617 3668 rei
642 3602 822 3689 cxcnrplum
854 3612 903 3669 est
934 3600 1017 3689 apud
1049 3601 1246 3691 Hesychium
1277 3624 1307 3670 v.

152 3712 362 3795 Ῥιρπιάάω·
394 3708 430 3775 πὸ
462 3713 520 3790 πῦρ
555 3706 736 3773 iuueniorem.
792 3708 1027 3793 Perspcxeruut
1066 3708 1238 3775 Piersonus
1272 3709 1306 3773 lu

153 3812 264 3887 Pnelat
287 3816 328 3885 ad
351 3812 523 3881 llocridem
548 3834 578 3898 p.
599 3834 661 3878 xm.
686 3822 718 3878 ct
742 3812 861 3878 dllrcrti
893 3811 931 3878 ad
959 3812 978 3877 l.
1012 3814 1150 3879 ‘recorda
1178 3818 1309 3898 propter

146 3920 255 4011 tngrn
275 3920 416 3989 vocalem
443 3939 499 4006 pro
518 3920 622 4003 ρ’νπίδπ
646 3919 802 4004 scriptum
826 3915 885 3984 lroc
909 3927 1090 3985 morrstruur
1119 3915 1309 4004 produxisse

140 4048 191 4121 μ
210 4030 384 4104 Tirida,
408 4021 484 4109 ᾦπὸ
507 4030 568 4107 πῦρ
588 4024 768 4090 ἐκκαίννσιν.
818 4022 912 4089 Plura
935 4022 1080 4110 exempla
1106 4020 1228 4089 allecti
1250 4021 1308 4088 ilri-

137 4134 203 4207 dtur
235 4132 400 4203 indicarit.
450 4131 568 4197 Contra
597 4141 611 4196 1
645 4149 701 4215 pro
731 4139 753 4193 Ρ
787 4128 917 4214 irrepsit
945 4130 976 4193 in
1012 4129 1153 4193 iocosum
1184 4126 1307 4195 dictum

128 4240 301 4313 &morici
324 4236 409 4327 apud
432 4234 548 4303 Athen.
574 4256 603 4322 p.
626 4240 703 4302 551.

1079 4452 1106 4490 aa
1374 4440 1428 4722 f

399 4344 496 4411 ”Ardor
520 4367 568 4416 τις
592 4339 625 4415 ἣν
648 4338 757 4416 traca
781 4340 871 4415 εἰδείη
895 4340 1030 4424 τέχνην,
