2940 5010
624 328 687 391 485

59 508 267 595 praepostere
288 501 371 569 οὐδὲν
395 502 468 582 πρὸς
497 500 569 574 ἔπος
599 500 758 567 adiiciunt
790 497 830 565 do
857 518 916 565 suo
940 508 972 567 et
997 510 1132 589 utroquo
1157 505 1249 573 modo

20 668 23 673 .
58 609 256 677 coutentium
288 605 462 674 ioculanem
486 606 519 671 in
549 604 679 671 modum
704 613 914 693 pervertunt,
945 606 1090 675 voculam
1113 613 1147 677 οὐ
1180 632 1248 699 pes·

60 716 147 781 simo
169 715 378 781 inseruerunt
401 711 454 777 Vl.
481 732 509 778 v.
537 716 588 777 15.
624 712 713 791 λέγει
738 711 927 793 Σοφαίνετος
950 705 996 775 ὅτι
1020 714 1137 792 βουλῆς
1165 717 1247 809 [οὐκ]

60 818 149 899 ἄξιον
176 818 224 895 είη
247 820 274 885 εί
305 817 541 895 διαβατέον-
563 818 598 882 τδ
622 815 729 891 νιίπος.
777 814 885 898 Quid?
922 815 1037 891 ίςηοαν
1067 820 1250 899 ἀγνοοῦντες

62 928 91 995 εί
111 923 279 1005 διαβατέον
300 922 346 998 είη
367 924 402 989 τδ
424 922 520 997 υοίποο
546 923 576 1013 (§
603 920 668 1010 io).
714 920 960 1006 Ambigentibus
983 922 1061 1009 quid
1090 927 1133 992 sit
1162 926 1251 996 tuctu

60 1030 223 1119 optimum
257 1027 432 1115 Xenophon
461 1047 536 1094 oum
568 1026 641 1093 aliis
672 1028 867 1112 supervenit.
914 1026 1089 1095 Conferant
1118 1033 1252 1101 consilio

59 1134 143 1225 quid
165 1135 211 1203 uit
231 1132 404 1221 agendum.
451 1132 530 1215 Quis
552 1131 664 1198 credat
684 1131 792 1198 dicere
820 1132 963 1218 potuisse
997 1132 1251 1220 Sophncnctum:

59 1262 127 1307 ιισιι
148 1262 214 1307 osso
244 1260 356 1325 oporoc
381 1240 518 1325 protinam
548 1236 588 1303 ‹lc
611 1256 648 1303 ea
673 1255 708 1302 nc
734 1235 935 1302 deliberare?
983 1236 1051 1304 lmo
1074 1260 1148 1307 vcro
1170 1241 1252 1312 dixit

60 1344 114 1415 ὅτι
141 1347 297 1427 βουλῆς
327 1342 377 1421 ιἰξ
385 1368 441 1410 ιον
474 1344 539 1421 εἴη,
572 1344 598 1409 εί
621 1343 787 1422 διαβατέον
818 1343 853 1407 τὸ
886 1341 1003 1419 νοίπος,
1038 1346 1130 1411 ctiam
1161 1360 1254 1436 atquc

62 1452 160 1519 ctiam
183 1472 250 1519 οιιο
271 1450 457 1528 videndum,
480 1468 521 1513 nn
546 1458 611 1515 tam
635 1446 876 1513 formidolosum
899 1445 1025 1515 iaoinos
1045 1459 1128 1517 esset
1153 1456 1254 1521 susci·

63 1554 232 1647 picotum.
255 1554 480 1623 Dissuadentis
500 1553 578 1621 haec
600 1554 702 1619 oratio
722 1561 820 1618 estet
837 1562 931 1619 cnuto
952 1552 1171 1624 dehortantis:
1196 1561 1254 1627 ita·

62 1681 131 1751 quc
161 1680 289 1729 summo
321 1680 379 1745 ope
414 1659 587 1746 Xenophon
627 1666 739 1724 contra
771 1659 911 1735 nititur,
945 1659 1015 1725 sinc
1048 1666 1254 1733 cunctatione

61 1765 342 1857 prorumpendum
360 1785 430 1831 csso
449 1765 687 1840 demonstrans,
712 1764 743 1828 in
763 1782 827 1848 qua
847 1764 990 1830 oratione
1010 1767 1128 1833 eximio
1148 1788 1254 1835 emcn-

62 1870 157 1940 dttvit
178 1869 323 1939 Naberus
351 1870 455 1936 locum
488 1871 522 1934 in
547 1872 563 1955 3
588 1875 640 1935 17.
672 1870 735 1947 ἐγὼ
756 1873 832 1946 γοῦν
855 1866 933 1944 ηδιον
967 1868 1005 1933 tv
1034 1874 1089 1938 σὺν
1113 1876 1254 1953 ἡμίσεσιν

63 1979 243 2057 ίποίμην
274 1976 293 2053 ἢ
321 1976 377 2042 σὺν
407 1975 581 2047 διπλασίοις
610 1975 814 2057 ἀποχωροίην.
867 1975 969 2039 Acme
1000 1977 1086 2043 enim
1115 1978 1196 2047 vidit
1220 1983 1254 2049 in

63 2092 269 2153 Enomffln
293 2081 394 2148 latore
420 2090 620 2157 EsstolHN,
652 2080 730 2159 ἣδιον
757 2077 796 2144 ἂν
819 2079 875 2144 σὺν
903 2080 1044 2157 ἡμίσεσιν
1075 2084 1254 2167 ε’πιοίην,

64 2196 106 2257 ut
128 2188 240 2255 statim
261 2188 348 2254 intel·
370 2207 405 2253 se
424 2192 631 2273 opponuntur
654 2184 837 2252 ἐπιόντων
860 2184 918 2263 μὲν
941 2187 1024 2265 ἡμῶν
1041 2226 1085 2237 --
1102 2190 1255 2261 απιίντων

64 2294 110 2363 δί.
154 2292 309 2363 Ἕτεείαι
334 2302 366 2359 ct
394 2293 570 2360 ἀκολουθεῖν
600 2297 663 2365 τοῖς
696 2291 855 2369 πολεμίους
888 2310 951 2356 non
981 2301 1029 2359 ost
1053 2297 1200 2383 persequi
1223 2307 1255 2364 et

63 2399 183 2475 ίαιιανο
206 2396 353 2464 hostibus
386 2397 600 2483 facientibus,
636 2396 691 2462 scd
715 2395 801 2483 coqui
830 2402 862 2462 ot
886 2395 970 2463 idem
995 2397 1058 2464 iter
1080 2420 1118 2466 cx
1147 2400 1255 2487 utiquo

65 2502 236 2571 interuallo
255 2503 393 2570 emetiri.

108 2610 280 2677 Praeterea
312 2609 345 2674 in
378 2606 483 2674 verbis
513 2606 566 2672 καί
601 2608 725 2681 τούτους
749 2603 805 2674 οἷδ’
829 2604 875 2674 ίίτι
907 2607 1051 2674 ἐπιόντων
1079 2611 1137 2687 μὲν
1169 2614 1254 2690 ἡμῶν

66 2714 126 2789 οὔδ’
151 2714 240 2795 ὑμεῖς
262 2714 409 2795 ἐλπίζετε
435 2711 576 2799 [αὐτοὺς]
603 2711 795 2790 δέξασθαι
820 2716 904 2793 ἡμεῖς
917 2760 926 2789 ,
948 2713 1100 2781 ιίπιίντων
1123 2717 1155 2783 δὲ
1179 2717 1257 2784 ποίν·

65 2842 116 2897 τις
149 2818 329 2899 ίτιςιίμεία
359 2816 405 2885 ὅτι
436 2820 643 2896 τολμήσουσιν
677 2818 871 2902 ε’φίπεσίαι,
905 2828 938 2885 et
968 2818 1107 2896 δέξεσθαι
1141 2824 1255 2889 rosori-

64 2920 207 2993 bendum
238 2934 289 2991 est
317 2933 349 2990 et
373 2924 485 2998 αὐτούς
514 2921 774 3008 expungendum.
830 2923 888 2990 Est
920 2925 1006 2990 enim
1040 2928 1164 3002 τούτους
1190 2947 1254 2995 non

63 3048 142 3099 oum
164 3024 223 3097 οἷδ’
249 3026 297 3096 ίτι
321 3026 602 3114 coniungendum,
634 3048 716 3115 quac
739 3028 790 3095 διὰ
812 3028 909 3107 μέσου
932 3038 1009 3096 sunt
1039 3034 1164 3119 posita,
1200 3034 1255 3101 scd

57 3154 142 3205 oum
163 3132 309 3217 ἐλπίζετε
334 3142 369 3200 ct
385 3133 573 3212 ε’πιςοίμεία.

107 3239 149 3309 ln
178 3242 274 3327 §2ss
306 3240 361 3316 ἡδύ
387 3264 433 3306 τοι
458 3238 592 3320 οίνδρεῖίν
612 3264 643 3304 τι
668 3279 712 3291 —-
734 3243 908 3318 ποιήσαντα
929 3242 1054 3320 μνιίμην
1077 3242 1109 3308 ἕν
1128 3240 1171 3318 οίς
1194 3246 1256 3312 tot·

50 3358 112 3417 λει
137 3344 290 3428 παρέχειν
313 3346 424 3413 ἑαυτοῦ
448 3346 562 3411 vitiose
585 3342 731 3410 additum
758 3366 827 3412 csse
861 3347 892 3411 ἐν
919 3347 1064 3413 nonnulii
1085 3347 1255 3429 viderunt,

48 3450 122 3523 scd
146 3450 335 3517 conminus
359 3450 473 3516 vitiose
484 3475 532 3523 τις
551 3449 658 3529 abest,
682 3451 767 3536 quod
788 3471 921 3538 prorsus
944 3462 994 3519 est
1015 3456 1256 3533 necessarium,

46 3566 96 3627 ot
129 3558 178 3623 oio
207 3564 258 3623 est
291 3554 483 3641 legendum:
518 3557 643 3636 μνήμην
674 3551 716 3630 οίς
750 3582 797 3631 τις
821 3558 917 3623 cotun
951 3557 1102 3640 παρέχειν
1135 3562 1256 3627 ἑαυτοῦ.

49 3662 179 3751 nonu
194 3661 281 3730 onim
302 3662 398 3727 ἐθέλει
419 3661 565 3727 subiecto
585 3680 696 3727 canore
718 3669 821 3748 potest
843 3682 946 3749 neqoc
964 3662 1053 3727 atiud
1073 3663 1256 3733 subiectum

51 3768 213 3837 admittit
240 3785 336 3854 quam
368 3791 438 3843 τις,
472 3764 604 3843 ἕκαςος,
639 3764 749 3841 ἕκαςίς
774 3792 843 3844 τις,
876 3763 920 3841 είς
943 3764 1078 3845 icccc,
1112 3779 1148 3835 ut
1172 3771 1258 3859 opud

56 3880 214 3965 witam:

250 3974 349 4053 ι’ίδιςον
372 3976 404 4042 δὲ
426 3987 556 4059 τυχεῖν,
580 3974 616 4043 οὖ
639 4001 686 4050 τις
711 3975 820 4054 ἔνατος
845 3981 908 4063 ε’ρᾷ.

62 4082 221 4151 facillimo
245 4092 355 4149 autem
377 4107 425 4158 τις
452 4082 600 4149 cxciderc
631 4085 761 4168 potuit,
794 4084 945 4171 quonium
980 4085 1013 4149 in
1045 4084 1137 4150 tibris
1162 4094 1256 4163 ΟΙΣ,

75 4200 147 4259 etz
171 4196 205 4255 et
225 4198 302 4257 ΤΙΣ
323 4189 442 4275 possim
475 4186 718 4256 contunduntur
741 4196 773 4254 et
798 4189 926 4275 saepius
957 4184 1000 4263 είς
1026 4207 1083 4276 pro
1105 4214 1152 4265 τις
1178 4190 1257 4256 irro-

68 4294 134 4383 μὴ,
167 4312 409 4380 nonnumquam
434 4319 481 4369 τις
514 4302 647 4382 opponet
679 4291 733 4359 obi
756 4292 799 4370 είς
824 4296 1012 4382 requiritur.
1061 4293 1144 4359 Hinc
1169 4304 1257 4362 corto

69 4398 294 4469 omondntionc
328 4399 458 4468 costitui
493 4402 612 4487 potent
645 4400 734 4467 iocus
770 4402 881 4469 Bionis
915 4399 1133 4488 Chrysostomi
1169 4397 1257 4469 Orat.
