2940 5010
619 330 683 393 865

69 498 170 583 φάβον
194 503 352 581 ἐμποιεῖν,
377 522 440 568 11011
464 510 559 568 ποιεῖν
585 508 661 569 417.

66 609 316 691 φοινινελάκτνς,
339 610 562 690 ἱμονπελῖιιπνς
587 617 619 676 et
643 609 715 676 sim.
740 612 818 676 506.

67 719 236 797 φορεῖν-
258 716 360 799 φέρειν
387 718 463 783 156.

68 826 173 904 φορεῖν
197 821 343 901 ἱμάτιον,
366 842 428 887 non
451 821 598 904 φέρεοάοιι
624 825 700 888 789.

70 930 178 1008 φρονεῖ
197 928 350 1006 μέχιςον,
376 947 438 992 non
462 926 583 1006 μέγιςιι
607 930 686 993 645.

67 1037 201 1115 φρονεῖν.
225 1030 260 1099 εὖ
284 1038 403 1115 φρονεῖν
427 1040 458 1099 et
481 1037 600 1115 φρονεῖν
624 1031 703 1118 quid
727 1032 953 1125 6199140190.

66 1142 188 1220 φρονεῖν
211 1138 320 1217 μέρος,
344 1135 469 1220 σμικράν
493 1145 525 1203 et
549 1138 623 1205 sim.
650 1141 739 1215 268,
764 1142 840 1204 645.

68 1246 163 1327 φρονῇ
180 1278 227 1293 -
243 1247 330 1326 φωνῇ
355 1246 432 1310 228.

69 1348 186 1432 φρονρά
205 1373 252 1414 =
272 1350 403 1431 ςροιπεῖοι
424 1349 579 1416 Laconice
604 1353 681 1419 799.

66 1453 185 1538 φρονρά
198 1506 207 1535 ,
232 1454 419 1539 ἔμφρουρος,
442 1455 609 1540 άφρονρος,
634 1457 683 1523 ἐπὶ
708 1461 841 1541 φρουράς
867 1460 942 1523 722.

67 1559 269 1644 φρουράρχων
294 1558 523 1647 interpolatum
549 1567 624 1628 574.

65 1671 207 1750 φρουρεῖν
226 1703 272 1717 -
292 1671 395 1748 φορεῖν
419 1670 496 1733 545.

65 1771 188 1856 φρονροῖ
211 1779 243 1837 et
269 1770 414 1854 φύοιοιιιες
438 1768 592 1837 differunt
617 1776 693 1838 574.

66 1878 149 1961 φάν·
168 1879 199 1952 ἐς
223 1876 352 1957 ἔσχοντο
368 1914 415 1926 -
432 1878 531 1960 φεῦγ’
555 1875 683 1960 ἔσχοντο
708 1881 786 1945 444.

67 1983 174 2066 φύνν,
199 1982 305 2066 φύνς,
327 1982 393 2064 φάν
418 1983 580 2068 optativus
604 1986 658 2049 49.

67 2088 153 2172 φύς,
177 2088 278 2171 φόνιοι
297 2124 343 2138 -
362 2092 450 2171 φοῦ,
473 2093 573 2171 φνῶοι
599 2092 678 2156 560.

66 2198 202 2278 φνιῖνοιι,
225 2192 315 2275 φνεῖς
339 2192 455 2259 vitiose
478 2213 536 2281 pro
559 2198 676 2278 φῦνοιι,
701 2193 766 2277 φάς
791 2197 845 2260 49.

68 2297 220 2383 φνλοικάς
241 2335 287 2346 -
307 2297 458 2380 φύλοικοις
483 2301 559 2365 575.

65 2402 205 2488 φυλάξει
221 2440 267 2451 -
285 2400 440 2487 φυλάξεις
466 2407 542 2470 256.

66 2511 210 2594 φύομοιι,
233 2507 333 2591 ἔφυν,
357 2508 487 2593 πάφνιιοι
514 2515 589 2576 787.

66 2617 149 2699 φάο.
181 2614 274 2699 φύει,
301 2614 404 2698 φύρς,
434 2613 517 2698 φάς,
548 2615 669 2697 φόνιοι,
704 2633 768 2682 non
798 2619 904 2700 φνῦς,
927 2621 1016 2701 φνρῖ,
1049 2621 1150 2701 φνιῖοι
1175 2623 1250 2687 560.

203 2718 311 2802 ἐμφάρ
330 2757 376 2769 -
398 2721 505 2804 ἕροφνρῖ
531 2723 608 2787 560.

67 2825 147 2908 φάο.
173 2825 263 2908 φάειν
288 2825 434 2900 dmm,
459 2826 573 2908 πρῖχοος
598 2832 629 2892 et
653 2826 725 2892 sim.
751 2830 827 2893 654.

64 2935 152 3014 φωνῇ
178 2927 243 3017 (τῇ)
267 2928 455 3011 ἑλληνίζειν.
480 2930 673 3015 βοιωτιάζειν
697 2939 729 2998 et
752 2932 825 2997 sim.
853 2936 929 3001 100.

656 3122 693 3177 Χ.

63 3270 91 3327 χ
115 3252 147 3310 et
170 3245 213 3326 χῖ
237 3242 370 3325 confusa
395 3247 472 3311 600.

64 3351 165 3434 χοιίνον
192 3349 307 3416 vitiose
329 3369 387 3436 pro
408 3348 522 3433 χάσκει
547 3353 600 3416 98.

64 3456 198 3539 χοιλκῖον
219 3493 264 3504 -
282 3463 432 3538 χαλκεῖον
457 3458 535 3521 655.

63 3566 206 3645 χοιλκοῦς
226 3600 272 3614 -
289 3561 429 3646 χάλκεος
455 3565 532 3628 497.

62 3669 233 3750 χοιροάάεν,
257 3688 320 3735 non
343 3667 485 3752 χοιμάάεν
515 3671 590 3737 149.

63 3773 223 3856 χάριν-
241 3771 347 3855 χοιράν
372 3776 448 3839 565.

62 3878 232 3960 χοιρίοεποιι
255 3879 370 3944 vitiose
386 3899 452 3966 ·pro
474 3878 638 3962 χοιριεῖπάι
658 3884 736 3947 497.

63 3983 201 4066 χάριτος
225 3983 416 4060 άποδοῦνιιι,
443 4004 505 4051 non
526 3984 648 4069 χάριπιο
671 3989 748 4054 559.

63 4096 232 4171 χεῖρον-
252 4087 347 4170 χείρω
373 4092 450 4158 269.

61 4202 165 4278 χεῖρον
188 4193 274 4275 ἔχειν
297 4194 342 4260 πά
366 4195 523 4276 πάμοοπιο,
549 4197 727 4280 11011χε4ροι
752 4204 785 4264 et
808 4196 882 4264 sim.
910 4201 988 4266 796.

60 4302 137 4384 χέον.
163 4301 293 4381 ὑποχεῖν
312 4337 358 4351 -
377 4301 500 4384 ἐπιχεῖν
524 4305 600 4369 601.

62 4415 199 4474 Χῖον-
219 4405 312 4489 χιάνοι
337 4409 412 4474 704.

1001 4522 1027 4559 65
