2940 5010
728 278 790 339 497

161 456 253 532 σῦκν,
289 454 483 534 ἐγελίσίκν,
519 452 693 531 denudatum
723 461 756 517 ct
782 450 854 516 aliis
883 446 1042 513 sexcentis
1072 444 1209 514 obviam.
1264 448 1351 535 Ergo

121 618 125 623 .
161 561 241 629 ltine
272 558 466 627 factumest
496 566 531 624 ut
555 558 650 625 toties
673 559 705 622 in
731 555 826 622 Codd.
852 552 1020 629 οὶτηλοίσίν
1042 561 1202 619 occurrat.
1258 554 1349 636 Quod

161 664 315 733 dicebant
345 666 406 752 ipsi
438 664 569 750 proclivi
603 683 712 729 errore
740 665 771 728 in
806 659 904 726 libros
937 656 1182 724 transiereltanl.
1237 658 1350 746 ltaque

160 770 268 839 sicubi
290 769 477 846 ἀσνλοίσίνν
503 770 661 855 scriptum
686 777 736 834 est
758 765 981 833 revocabimus
1004 764 1171 849 antiquam
1195 762 1350 845 formam,

160 894 246 963 quac
268 896 332 963 quo
357 884 449 962 pacto
473 876 516 940 sit
540 872 711 961 depravata
734 872 831 939 veluti
857 870 959 937 oculis
982 870 1157 935 cernimus.
1204 871 1348 937 Ἀιδίν·

159 1004 240 1047 τοιν
270 983 441 1058 Ἀττικῶς,
467 979 584 1045 Moeris
612 979 734 1065 inquil,
770 978 975 1064 qlde'nuoecv
1006 977 1203 1049 Ἑλληνικῶς.
1263 975 1349 1042 Nihil

160 1086 239 1153 novi
262 1084 479 1163 addiscimus,
503 1083 558 1151 sed
582 1104 668 1150 nunc
696 1084 903 1171 perspicuum
931 1080 983 1158 lit,
1015 1099 1074 1144 cnr
1096 1079 1199 1146 lonma
1223 1082 1349 1148 novicia

158 1200 230 1259 tam
253 1210 347 1277 saepe
373 1190 499 1275 legatur
529 1189 615 1277 apud
642 1210 714 1266 eos,
741 1209 822 1276 quos
846 1209 883 1255 ea
908 1204 1084 1273 numquam
1109 1206 1184 1253 usos
1207 1206 1278 1254 esse
1309 1187 1348 1254 li·

158 1294 262 1385 quido
282 1304 417 1363 constet.
464 1301 608 1381 Ἀκροᾷ
638 1299 807 1374 Ἀττικῶς,
832 1295 958 1382 inquil,
983 1295 1184 1372 ἀκροᾶται
1207 1299 1350 1369 Ἐλληνι-

158 1408 240 1481 κῶς,
263 1421 327 1467 non
348 1420 478 1467 eramus
497 1400 632 1468 docendi
652 1404 740 1486 αἰτιᾷ
762 1409 794 1467 et
811 1402 937 1485 ἁμιλλᾷ
960 1408 993 1464 et
1012 1405 1103 1481 σειρᾷ
1121 1406 1154 1462 ot
1173 1398 1245 1463 sim.
1266 1399 1349 1478 dici,

159 1504 220 1575 nod
243 1526 331 1573 nunc
352 1506 565 1592 intelligimus
583 1526 643 1573 cnr
666 1506 848 1574 istiusmodi
869 1505 990 1571 iormae
1011 1505 1155 1588 ineptae,
1180 1503 1284 1589 qualis
1300 1514 1350 1571 est

157 1614 333 1695 δαροῦσαι,
355 1612 390 1677 in
409 1611 505 1678 Codd.
523 1612 688 1697 legantur,
712 1610 751 1677 de
765 1631 827 1698 qua
841 1632 875 1678 re
893 1611 934 1677 ad
952 1608 1178 1695 Alciphronem
1196 1609 1350 1676 nonnulla

158 1715 316 1784 diximus,
364 1716 518 1804 Sequitur
544 1720 730 1783 ’Άτεισιν
755 1756 798 1769 -
821 1716 1053 1789 ἀπελεύσεται,
1076 1717 1182 1788 Ἀλεῑς
1206 1754 1251 1765 -
1273 1718 1349 1782 οὶλέ·

159 1848 242 1901 σεις,
262 1832 296 1890 et
316 1832 508 1911 postpauca
528 1822 771 1906 Ἀχίέσεται
797 1862 840 1874 -
863 1822 1112 1907 ἀχθεσθήσεται,
1136 1839 1234 1907 quam
1256 1826 1350 1907 saepe

160 1926 305 1995 vidimus
331 1928 409 1996 haec
439 1926 525 1993 inter
548 1946 582 1994 sc
606 1927 688 1993 niele
713 1928 920 2014 permisceri,
946 1936 978 1992 ct
998 1925 1143 1992 Ἀπόδυθι
1167 1963 1212 1977 -
1234 1928 1349 1992 ασίδυ·

160 2056 235 2113 σαι,
253 2036 373 2117 Ἄχρι
395 2070 442 2084 -—
463 2030 568 2116 ἄχρις.
615 2032 731 2098 idoeris
751 2033 947 2113 ’Λτέδραν
967 2040 1000 2098 et
1016 2032 1153 2113 οῦτέδοοιν
1175 2035 1348 2118 componit.

159 2136 229 2205 lion
262 2139 395 2205 memini
424 2159 475 2205 me
500 2138 605 2224 legere
628 2139 783 2221 οὶτέδροιν,
816 2137 928 2205 sedin
954 2136 1045 2203 lilnis
1069 2139 1189 2223 passim
1215 2137 1349 2204 conlun-

161 2240 288 2310 dunlut·
312 2245 448 2325 οῦσέδραν
479 2253 512 2310 el
536 2245 718 2325 ατίδρασα,
746 2245 917 2326 ἀποδοῦναι
946 2250 978 2309 cl
1007 2244 1199 2323 ἀποδοῦσαι,
1230 2245 1349 2330 saepis-

162 2346 244 2415 sime
266 2348 404 2431 discipule
427 2358 459 2415 el
482 2348 682 2429 ἀποδράσας,
707 2368 948 2435 nonnumquam
972 2349 1121 2431 οὶσοδοαίκ
1146 2356 1179 2414 ct
1196 2349 1347 2433 οξτοδρςίν.

161 2450 284 2542 Nempe
308 2454 456 2522 Graeculi
479 2455 641 2536 ατίδρασα
666 2454 825 2521 dicebant.
881 2454 1002 2520 Deinde
1028 2456 1180 2532 ’Άισομαι
1208 2455 1348 2523 ostendit

163 2556 498 2647 iudcodepravalum
520 2579 607 2637 esse,
627 2568 659 2625 et
679 2564 878 2641 Βοήσομαι
903 2600 947 2609 -
969 2562 1091 2640 βοήσει,
1115 2567 1147 2626 cl
1168 2562 1346 2641 Δοίνμεν

160 2698 204 2717 -
223 2663 368 2748 δοίημεν,
387 2673 419 2731 el
441 2667 615 2739 Δέκετες
639 2702 684 2715 -
707 2667 870 2744 δεκαετές,
891 2665 1029 2742 'Enisa
1052 2668 1261 2751 fidendum,
1286 2670 1346 2735 Ei·

159 2764 282 2847 iam
317 2810 362 2823 --
393 2772 542 2847 iolcum,
564 2770 692 2845 Είκώς
728 2810 773 2822 -
807 2772 925 2847 ἐοικώς,
950 2772 1099 2842 Ἰτοίναι
1134 2808 1179 2823 -
1214 2773 1345 2855 ι’ςοίνειν,

155 2880 276 2943 Καλοῦ
300 2912 345 2925 -
367 2876 506 2952 καλέσω,
531 2877 769 2951 Κατεκαύίκ
790 2915 834 2929 ·-
856 2879 1069 2955 κατεκαύσίκ,
1097 2882 1346 2963 Κατοοοίρνκ-

154 3002 298 3047 ται-
319 2983 529 3064 κατώονκται,
558 2990 679 3061 Λῆμα
708 3019 755 3032 -
782 2991 916 3062 λῆμμα,
944 2988 1101 3049 Λοῦται
1130 3024 1175 3037 -
1202 2987 1346 3066 λούεται,

146 3092 381 3165 Λογιεῦται
399 3087 636 3165 -λογίσεται,
660 3089 851 3155 Ξενοδοκῦ
876 3128 919 3141 -
942 3087 1107 3169 ξενοδοχῦ,
1131 3091 1345 3173 Ὀσφρίμε-

144 3210 216 3267 τος
239 3230 288 3241 -
309 3191 558 3273 ίσΦρνσοίμενος,
582 3194 801 3274 Πετραγώς
825 3232 870 3246 -
892 3194 1079 3276 πεπραχώς,
1099 3194 1279 3273 nircum
1301 3237 1346 3247 —-

139 3296 322 3377 πέταμαι,
345 3303 572 3374 Ποῖ-τοῦ,
596 3299 851 3380 Πεντετηρίς,
876 3301 1141 3366 Πεντέκλινον
1163 3308 1196 3367 el
1214 3301 1278 3368 alia
1301 3343 1346 3354 -

139 3404 378 3485 πενταετηρίς,
411 3403 632 3480 τεντοίκλινον,
656 3407 802 3484 Πίομαι
828 3446 873 3458 -
895 3410 1042 3484 τιοῦμαι,
1071 3410 1277 3483 Ῥιγῶντος
1300 3446 1347 3461 —-

139 3512 315 3589 ῥιγοῦντας
346 3516 380 3575 cl
409 3517 541 3588 Ῥιγῶν
565 3517 753 3593 -ῥιγοῦν,
784 3515 841 3579 Σοῦ
864 3548 911 3561 --
933 3518 1019 3589 σῦα,
1050 3514 1276 3590 Τιμήσεται
1300 3554 1346 3567 -

138 3614 383 3693 τιμηθήσεται,
406 3620 522 3694 ‘Tylo
545 3654 590 3665 -—
614 3620 707 3697 ὑγιῆ,
732 3621 888 3698 ’Τγίεια
910 3654 955 3667 -
979 3617 1087 3695 ὑγεία,
1110 3626 1282 3695 Χαλκοῦς
1305 3660 1347 3674 ·-

140 3718 317 3803 χάλκεος,
341 3723 584 3799 Χαμῖοίεν-
595 3725 753 3804 χαμόθεν,
778 3731 959 3807 Ψνχῆναι
983 3760 1028 3772 —-
1050 3726 1347 3813 qloysivm,aliaque

146 3823 340 3911 permulta,
364 3844 446 3911 quac
464 3827 496 3891 in
510 3828 659 3893 omnibus
674 3828 768 3895 Cndd.
784 3830 870 3896 intct·
881 3850 914 3894 sc
927 3827 1079 3893 conlundi
1094 3832 1346 3917 permiscerique

147 3927 420 4009 antoninianas,
449 3940 481 3997 et
508 3933 539 3997 in
566 3934 676 3999 multis
698 3936 759 4021 ipsi
789 3954 882 4021 saepe
906 3933 1215 4012 demonstravimus,
1247 3936 1346 4002 veluti

150 4032 192 4097 itt
212 4032 413 4115 ὶχίίσομαι,
436 4039 574 4114 δέκετες,
598 4045 703 4115 καλῶ,
723 4045 853 4117 λοῦται,
873 4038 1032 4115 ξενοδοκῦ,
1059 4049 1126 4115 ποῖ,
1152 4042 1344 4123 σεντετκρίς,

151 4140 323 4219 ῥιγοῦντας,
349 4142 472 4219 ὑγίεια,
497 4150 661 4226 χαλκοῦς,
685 4146 844 4225 χαμῦίεν.
893 4143 995 4225 Quam
1017 4164 1111 4231 saepe
1135 4147 1167 4211 in
1190 4146 1284 4212 Godd.
1303 4146 1345 4213 lc·

155 4252 282 4329 guntur
307 4242 445 4327 formae,
470 4249 575 4335 qualis
599 4258 648 4315 cst
670 4252 853 4328 λογίσεται,
884 4248 1197 4334 multimodaque,
1218 4253 1345 4336 χαρίσε-

156 4372 229 4433 ται,
260 4370 342 4437 quas
370 4362 476 4421 tamon
507 4358 690 4441 scqnimunn
725 4355 834 4422 sordes
863 4375 933 4422 csse
961 4364 1086 4423 constal
1115 4359 1344 4425 interamnis.
