2940 5010
641 278 705 340 tut

81 452 187 521 eiecta
219 458 268 517 est
291 450 495 517 restituatur.
553 449 686 517 Praeter
711 448 905 515 Lohecltium
930 446 970 514 dc
995 468 1033 515 ca
1065 469 1100 514 rc
1131 451 1271 536 prudeu-

12 626 15 631 ,
80 558 211 625 tissime
239 556 456 621 Buttmannus
490 555 644 641 scripsit,
678 554 971 622 Grammaticorum
1007 554 1179 640 princeps,
1215 558 1270 624 sod

82 662 162 729 huic
185 680 313 748 quoque
336 658 484 726 Editores
504 678 568 724 nou
601 668 677 725 suut
704 660 784 725 satis
814 657 901 725 dicto
930 656 1110 725 audientes.
1158 660 1272 729 Adhuc

82 766 243 855 sergium
271 766 306 831 in
332 765 595 852 Epigrammute,
629 764 715 850 quod
747 763 903 830 Simonidi
942 762 1097 829 tribuitur
1129 765 1271 853 (Anthol.

83 870 186 939 Putat.
206 870 262 938 tx.
288 869 385 958 rut),
409 878 504 955 turpe
526 867 680 935 mendum
704 869 842 936 retinuit
870 870 903 934 in
929 870 1017 935 Poct.
1040 868 1116 957 hyr.
1141 891 1171 958 p.
1195 877 1272 938 797.

215 973 272 1043 Ὠ
294 974 343 1042 irs
366 977 530 1057 Διομντρδς
553 975 626 1055 πρὸς
649 974 833 1056 οἱνιέιινορον,
858 972 881 1039 ὦ
904 974 970 1053 irs,
992 974 1111 1053 μύςοοι,

312 1081 385 1161 μηδ’
409 1080 519 1152 ὕδατος
544 1078 682 1161 προχοὰς
706 1080 864 1146 δείδιτε
887 1081 1081 1162 χειμερίους,

81 1206 187 1275 quum
210 1185 286 1253 oiim
305 1186 522 1252 Buttmaunus
544 1185 654 1250 δείδιτε
677 1185 882 1251 correxisset.
930 1184 1165 1251 Foedissimum
1188 1185 1273 1255 idem

83 1290 240 1359 mendum
264 1312 282 1359 e
305 1292 459 1379 dionysio
489 1290 591 1357 Halic.
616 1288 697 1355 cluit
719 1290 827 1376 Autiq.
860 1290 951 1355 Rom.
977 1290 1029 1356 Vl.
1055 1294 1118 1369 52,
1142 1291 1197 1358 uui
1220 1293 1274 1360 srd-

80 1412 182 1478 λεμον
203 1397 231 1463 δ’
250 1399 284 1463 οὐ
308 1397 497 1475 δείδιμεν
531 1395 650 1480 iegitur
674 1392 731 1460 sed
753 1394 873 1473 δέδιμεν
895 1405 944 1462 est
968 1395 1039 1461 sinc
1061 1396 1125 1462 uita
1150 1406 1275 1465 coutro-

82 1504 210 1581 versis,
234 1503 430 1569 Buttmanno
454 1498 811 1585 auctora,legendun1.
844 1500 1024 1567 Prudenter
1047 1500 1131 1567 idom
1154 1502 1276 1569 iudicat

82 1606 129 1675 dc
151 1606 293 1674 Platonis
316 1606 385 1673 icco
407 1607 439 1670 in
472 1605 616 1672 Phaedro
638 1624 669 1691 p.
695 1609 757 1670 aot
785 1606 821 1670 Α.
856 1604 908 1672 ubi
941 1604 1114 1673 ridiculam
1139 1606 1274 1674 formam

84 1722 123 1783 at
144 1732 277 1801 prorsus
301 1712 471 1777 barbaram
501 1711 610 1786 δεδιεῖν
643 1710 808 1777 Bcklterus
841 1712 972 1796 recepit.
1021 1712 1188 1779 Sententia
1215 1712 1276 1779 ioci

83 1817 227 1907 pustulat
251 1819 277 1883 οῖ
298 1818 344 1896 μὴ
366 1818 515 1901 ἐφοβεῖτο
549 1817 624 1905 (non
648 1812 818 1901 φοβοῖτο),
844 1814 953 1902 itaquo
977 1817 1183 1883 scribendum
1207 1828 1275 1885 est:

82 1926 114 1991 si
138 1926 183 2005 pt
206 1923 346 1991 ἐδεδίει
378 1924 434 1997 τὴν
463 1930 519 1998 τῆς
548 1921 668 2004 compe
692 1920 809 2000 μοινίιος
832 1917 924 1997 δόξαν
952 1921 1012 1988 θύοι
1036 1921 1075 1987 διν
1099 1925 1138 1995 ὥς
1169 1923 1275 2002 tyda-

82 2050 168 2111 μανι
196 2028 250 2095 sui
273 2031 329 2111 θεῷ
350 2036 415 2100 τοῖς
447 2028 610 2099 παιδικοῖς.
659 2024 721 2093 Sed
748 2024 896 2092 desidero
925 2026 1114 2093 Buttmanni
1139 2028 1276 2114 pruden-

83 2136 168 2203 tiam
192 2133 226 2199 in
249 2132 375 2199 duobus
406 2130 479 2199 aliis
509 2131 597 2197 iocis.
645 2130 745 2197 Miror
768 2131 909 2217 primum
934 2132 1093 2218 quomodo
1115 2132 1200 2200 icrre
1223 2155 1276 2220 po·

83 2238 191 2309 tuerit
213 2240 245 2305 in
271 2237 411 2325 Pompeii
432 2236 612 2322 iragnicnto
633 2234 718 2322 apud
743 2234 915 2302 Stobacum
937 2236 1045 2303 utorit.
1060 2237 1197 2305 LXXIX.
1222 2245 1275 2307 ou.

82 2350 153 2421 mie
171 2348 208 2423 δδι
231 2344 295 2413 νόον
318 2343 400 2425 ἔχων
419 2342 544 2421 cenrico
565 2342 617 2407 κοιδ
638 2341 759 2420 reddire
779 2341 832 2406 sat
857 2343 1017 2408 δεδιέοιο
1040 2345 1151 2423 γονέων
1174 2346 1276 2429 εὐχὰς

84 2450 293 2533 imisue,
317 2450 470 2535 quoniam
507 2447 587 2511 satis
609 2447 815 2533 perspicuum
838 2454 888 2513 est
910 2446 1030 2514 δεδιέτο
1056 2470 1178 2517 moram
1207 2470 1277 2517 csse

84 2554 269 2624 barbaricus
304 2574 361 2641 pro
393 2555 520 2627 δεδῖτω,
552 2560 584 2617 et
605 2551 747 2617 eiusdem
774 2551 896 2619 iariuae
921 2572 991 2619 csse
1014 2563 1112 2640 atquc
1135 2557 1274 2632 εῖοιέοιι,

86 2660 208 2733 rirrdru
231 2660 325 2736 sim,
349 2658 388 2727 de
410 2658 529 2745 quihus
549 2656 755 2745 Phrynichus
775 2659 942 2725 annotavit
967 2668 998 2726 et
1026 2658 1161 2727 Lobeck.
1186 2681 1218 2748 p.
1236 2666 1276 2727 15

86 2786 137 2856 sq.
183 2766 274 2835 diter
295 2765 384 2831 iocus
407 2771 456 2830 est
480 2760 638 2848 Apollonii
663 2760 779 2829 Rhodii
802 2762 858 2829 111.
885 2768 960 2830 755.

271 2869 464 2951 πολλὰγὰρ
488 2868 648 2934 atrocum
674 2867 753 2950 πόνῳ
776 2869 972 2948 μελεδήματ’
997 2868 1098 2950 ἔγειρε

270 2977 439 3042 δειδυῖαν
463 2978 581 3054 τοιύριον
603 2976 746 3055 κροιτερδν
769 2975 870 3052 μένος.

91 3080 145 3149 uiti
168 3079 273 3147 muita
293 3079 449 3146 laboriose
476 3078 609 3144 molitur
628 3078 845 3144 Buttmannus
878 3088 913 3143 ut
941 3079 1074 3145 δειδνῖιον
1103 3089 1189 3145 recte
1221 3080 1278 3147 ha·

88 3186 164 3255 iero
188 3186 357 3262 uideatur,
381 3204 578 3272 quamquam
603 3191 636 3249 et
659 3184 728 3270 ipse
751 3203 827 3248 rnox
848 3182 1003 3249 barbarae
1029 3182 1150 3251 formae
1173 3186 1277 3253 taedio

89 3300 198 3359 nctus
227 3292 342 3359 εἰδνῖοιν
375 3292 523 3357 coniecit.
572 3287 634 3355 Scd
659 3308 763 3375 nequo
793 3291 992 3357 correctione
1024 3310 1127 3377 neque
1158 3294 1278 3358 tenuis-

88 3398 172 3465 n'uts
195 3394 459 3484 philosophorum
480 3393 661 3461 subtilitate
681 3392 722 3459 ad
751 3394 921 3481 caliginem
946 3394 1172 3463 offundendsm
1199 3416 1279 3484 opus

87 3510 148 3571 usi.
203 3500 390 3588 Apoitouius
422 3500 490 3585 ipse
526 3504 666 3587 turpiter
705 3500 862 3586 impegit,
895 3500 1166 3587 quemadmodum
1202 3501 1280 3567 stibi

86 3626 185 3695 sscps
207 3606 243 3673 in
270 3605 481 3693 gravissimos
512 3625 641 3673 errores
665 3604 831 3692 implicare
854 3626 888 3671 se
914 3606 994 3672 suict
1023 3614 1056 3674 ct
1087 3608 1279 3675 Graecitatis

83 3720 214 3781 curtum
239 3712 397 3777 rationem
420 3719 452 3777 et
477 3712 573 3777 metri
598 3730 816 3798 corrumpere.
864 3711 946 3794 Quid
968 3731 1005 3778 cc
1030 3710 1159 3778 hominu
1183 3712 1280 3780 iacias

82 3816 208 3907 quill.
233 3820 288 3883 titt.
312 3817 394 3899 ᾔδειν
417 3814 500 3882 dixit
522 3836 580 3902 pto
603 3816 760 3882 sciebam:

226 3923 270 4003 τῷ
292 3921 318 3985 δ’
341 3917 413 3988 οὔτ’
433 3922 567 4001 Ἄρητός
591 3947 627 3988 τε
651 3922 704 3988 uoti
723 3925 895 4003 Ὄρνυτος,
919 3924 986 3989 οὐδέ
1007 3947 1038 3988 τι
1063 3923 1176 4006 ᾔδειν

227 4027 325 4104 νήπιοι
349 4024 453 4096 ficara
477 4035 564 4093 κεῖνοι
588 4037 669 4110 κοινῇ
693 4028 842 4106 δήσαντες
866 4029 898 4093 ἕν
923 4028 1005 4111 stirp.

83 4142 121 4201 et
142 4132 186 4205 ΙΙ.
212 4134 289 4199 520.
313 4132 478 4213 ἕννὶρειντοιι
499 4131 649 4198 formavit
673 4131 713 4198 ab
734 4134 885 4214 ἐνερεῖδοοι

227 4240 259 4305 οὐ
283 4236 346 4317 γάρ
369 4262 404 4303 τε
428 4238 538 4323 ρ’ίζροιν
564 4239 727 4321 ἕννὶρειντοιι
751 4240 903 4321 νεάτροιν.
