2940 5010
714 265 779 325 659

156 434 253 521 begg.
277 453 308 521 p.
330 440 406 503 895.
431 435 469 503 lt.
495 440 537 519 τῷ
557 436 832 516 τεροκολίνδεσίαι,
858 455 920 501 non
943 438 1223 517 περικυλινδεῖσθαι.
1258 450 1330 520 Ilpa·

154 540 337 621 κυλίνδοιοαι
360 549 392 608 et
413 542 670 623 τοοκαλινδοῦμοιι
694 541 741 607 sio
765 540 936 619 differunt,
968 551 1003 607 ut
1032 541 1093 609 boo
1112 542 1270 609 adulantis
1289 546 1332 610 sit

153 656 188 714 et
211 647 391 724 adornatis,
415 645 493 713 iilud
519 647 679 734 supplicis.
726 646 761 711 ln
788 655 961 733 utrumque
983 646 1089 714 locum
1122 647 1266 736 subrepit
1298 649 1331 714 in

153 748 250 819 tibris
269 751 384 819 vitiosa
399 751 500 819 torma
521 754 792 834 προκυλινδεῖσθαι.
829 752 941 838 ltaque
960 752 1165 819 Demostheni
1188 753 1228 821 de
1245 754 1281 819 lt.
1295 754 1329 818 b.

153 878 187 945 p.
207 862 293 935 499,
318 862 350 925 5.
381 856 478 925 redde
494 854 580 932 οὗτος
602 859 627 923 δ’
647 859 748 940 ἐκείνῳ
773 857 960 947 (Aeschines
979 858 1138 947 Philippo)
1162 861 1331 940 σοούκα·

154 964 326 1031 λινδεΐτο
347 964 400 1029 καὶ
423 962 494 1037 τοὺς
514 967 651 1040 ταιοῐνας
675 963 764 1045 ᾖδεν,
788 972 820 1029 et
847 962 956 1029 eadem
980 984 1074 1050 opera
1095 963 1192 1031 redde
1211 964 1332 1031 Aristo·

153 1066 253 1155 pbani
276 1070 307 1134 in
332 1068 452 1134 Avibus
472 1072 548 1134 tot.
580 1071 920 1150 τοοκαλινδεῖσύαι
946 1077 1010 1143 τοῖς
1034 1071 1177 1148 ἰκτίνοις,
1200 1079 1231 1137 et
1255 1074 1330 1136 999.

154 1174 435 1253 ἰκαλινδούμκν
456 1173 566 1239 ἰκτινον
586 1174 671 1251 ἰδύν,
695 1174 750 1240 ubi
771 1175 939 1241 Ravennas
954 1174 1211 1257 προκυλινδεῖσθαι
1225 1184 1332 1241 servat

152 1286 186 1345 et
218 1286 333 1345 eontra
356 1288 499 1347 metrum
527 1278 735 1358 ἐκνλινδύμκν.
782 1280 984 1347 Ἐπικαλίνδω
1007 1299 1105 1366 supra
1129 1278 1329 1366 Xenophonti

152 1380 377 1462 reddidimus,
407 1394 440 1453 et
474 1384 617 1451 nondum
650 1384 792 1471 poenitet
834 1386 868 1451 in
904 1385 1017 1471 vespis
1056 1404 1105 1453 vs.
1130 1388 1206 1451 aot.
1241 1403 1331 1471 repo

151 1488 273 1557 ruisse:

333 1593 452 1669 οἰνύσας
475 1620 505 1662 τι
529 1594 806 1677 προσκύλισονε
831 1596 908 1676 οἰμοι
937 1596 1079 1670 δείλαιος.

151 1699 589 1787 praenuntiatarum:
615 1719 709 1766 nemo
731 1702 818 1766 enim
848 1700 1008 1768 dubitabit
1041 1700 1118 1787 quin
1152 1699 1256 1766 torma
1281 1724 1332 1765 κο·

149 1806 207 1873 λίσ
231 1802 455 1890 Aristophanis
478 1813 581 1871 aetate
605 1804 698 1889 piane
717 1803 815 1871 inerit
837 1804 999 1883 inaudita,
1022 1816 1055 1873 at
1079 1804 1156 1893 quid
1177 1804 1238 1871 sibi
1264 1804 1333 1871 vuit
1389 1862 1391 1866 .

149 1908 327 1977 ridieuium
350 1908 412 1988 γεί
460 1907 522 1975 Sed
545 1930 563 1975 o
583 1908 774 1975 diverticulo
795 1910 827 1975 in
852 1912 948 1977 viam.

194 2014 235 2083 ln
264 2034 335 2102 dap.
358 2013 442 2080 Vlll.
468 2018 520 2081 55.
551 2015 703 2094 ύαιιμαςοί
733 2015 834 2094 λέγων
865 2013 894 2079 εἰ
926 2040 966 2094 γε
992 2017 1018 2081 οἰ
1042 2051 1087 2065 -
1110 2017 1331 2096 ἀναισχυντεῖν

148 2120 225 2206 πρὸς
256 2120 416 2197 ύλλύλους
445 2117 606 2200 ε’ύιζύμενοι
629 2117 709 2186 οιίτοι
738 2122 865 2200 μοίλιςα
898 2120 1168 2201 αἰσχύνονται
1201 2122 1331 2203 αἰσχρόν

146 2250 180 2293 σι
203 2233 323 2303 ποιεῖν,
345 2226 446 2291 miror
470 2226 630 2290 nennnem
656 2227 796 2293 sensisse
819 2226 933 2291 vitium
953 2227 984 2290 in
1002 2226 1221 2306 αἰσχύνονται,
1245 2224 1331 2311 quod

146 2336 259 2397 tamen
292 2328 464 2399 admodum
499 2332 705 2416 perspicuum
736 2339 796 2396 est.
850 2330 892 2397 Et
921 2330 1169 2412 Valckenaerius
1199 2331 1330 2417 quidem

146 2436 270 2516 aeusit,
299 2436 395 2501 euius
417 2435 451 2499 in
475 2433 609 2502 Schedia
640 2434 718 2502 haee
742 2444 791 2502 est
818 2435 926 2503 brevis
957 2438 1139 2503 annotatio:
1177 2438 1331 2503 »σοοίύοα-

146 2540 226 2607 ιίιικσ
247 2560 319 2607 σοον
347 2542 568 2622 αἰσχυνοῦνται
580 2541 612 2617 ,”
644 2541 831 2607 verissime:
862 2540 1008 2607 futurum
1034 2541 1180 2607 enimin
1212 2540 1331 2609 tatibus

146 2646 283 2735 ponitur
302 2644 342 2711 ad
372 2646 618 2731 significandum
644 2645 765 2713 iactum
790 2666 852 2711 non
874 2665 944 2713 esse
972 2667 1126 2733 umquam
1149 2666 1252 2733 neque
1276 2646 1330 2713 fie-

146 2750 291 2839 riposse
313 2751 397 2837 quod
420 2754 494 2838 quis
516 2750 652 2829 dixerit,
685 2760 718 2818 et
748 2752 879 2819 omnino
907 2754 1065 2833 δαομαςδν
1089 2753 1134 2831 εἰ,
1165 2752 1257 2820 δεινὸν
1281 2754 1332 2829 εἰ,

144 2864 181 2925 at
198 2856 320 2924 aimitia
348 2858 455 2923 omnia
487 2876 562 2923 oum
586 2855 695 2922 tuturo
724 2859 967 2942 coniunguntur
996 2857 1051 2923 ubi
1082 2857 1328 2925 admirationem

144 2970 204 3029 aut
234 2960 487 3047 indignationem
521 2970 577 3028 aut
609 2962 794 3028 huiusmodi
826 2961 902 3048 quid
930 2970 1054 3040 movet,
1087 2982 1149 3028 non
1184 2961 1216 3027 id
1243 2960 1329 3049 quod

144 3068 223 3157 quis
246 3064 322 3135 tecit
346 3074 402 3134 aut
433 3067 528 3145 tacit,
564 3066 618 3133 sed
649 3066 680 3132 id
705 3066 790 3152 quod
819 3065 965 3133 iactrrrus
984 3087 1054 3133 esse
1082 3066 1222 3134 ridetur.
1270 3067 1328 3135 ue-

144 3278 276 3361 λιίμεκος
306 3288 446 3360 κρικεί;
479 3286 511 3345 et
540 3279 572 3343 ἰιι
605 3276 694 3344 Orat.
718 3276 831 3345 XXIV.
863 3280 916 3343 99.
948 3282 1012 3349 τῶς
1047 3279 1080 3344 ού
1111 3278 1203 3343 δεινὸν
1234 3279 1259 3343 εἰ
1285 3316 1328 3329 -

144 3382 262 3463 Ισαι,
281 3392 315 3453 et
342 3384 375 3449 in
409 3382 497 3450 Orat.
521 3383 604 3449 xxi.
630 3387 706 3450 ata.
729 3384 814 3465 εἰπερ
841 3383 898 3448 εἰσί
922 3382 1010 3464 Φίλοι
1032 3381 1085 3447 καί
1108 3383 1202 3449 δεινδν
1224 3384 1251 3449 εἰ
1274 3386 1327 3465 μὴ

144 3491 357 3568 πλουτήσει
380 3489 512 3562 Μειδίαν
534 3492 700 3568 οἰκοῦνται,
721 3498 753 3555 et
772 3488 826 3553 ubi
846 3506 997 3574 praesens
1016 3507 1093 3554 curn
1113 3486 1222 3555 tuturo
1242 3508 1327 3557 oom-

144 3595 278 3683 panitur
307 3596 340 3660 iu
372 3593 461 3661 Orat.
485 3594 553 3661 XX.
579 3600 632 3660 71.
662 3596 766 3661 ούκοιιν
797 3595 925 3675 αἰσχρὸν
951 3595 977 3659 εἰ
1006 3595 1040 3659 αἰ
1063 3592 1121 3673 μὲν
1150 3595 1238 3676 παρὰ
1261 3603 1325 3669 τοῖς

142 3698 256 3774 ἅλλοις
277 3699 384 3782 δαρεαί
408 3700 534 3779 βέβαιοι
564 3700 744 3779 μένουσιν
768 3700 871 3781 αὐτῷ,
896 3707 951 3773 τῆς
978 3699 1009 3764 δὲ
1030 3700 1104 3780 παρ’
1126 3700 1208 3778 ὑμῶν
1231 3700 1326 3780 [adone

140 3808 229 3873 τοῦτ’
251 3807 603 3889 &perpetientem
634 3814 667 3871 et
698 3804 783 3891 apud
813 3802 1053 3889 benopbontem
1085 3804 1118 3869 iu
1150 3804 1264 3893 Cyrop.
1286 3803 1325 3870 V.

141 3930 191 3979 ιιι.
214 3916 271 3979 tt.
294 3908 378 3977 τοίνν
401 3912 465 3993 γὰρ
488 3914 572 3993 αύτῷ
595 3910 690 3977 ἐδόκει
716 3912 874 3990 ύαυματδν
898 3904 974 3973 εἰναι
999 3908 1026 3973 εἰ
1049 3910 1075 3974 οἰ
1094 3909 1151 3989 μὲν
1173 3910 1326 3987 nasama

141 4006 261 4085 ἰσατι
292 4024 348 4093 τῆς
376 4018 487 4084 ἑαυτοῦ
510 4018 624 4099 τέχνης
647 4014 756 4090 ἕκατος
777 4022 836 4082 τῶν
859 4014 1026 4095 ἔργαλείον
1049 4014 1093 4080 τοί
1121 4014 1259 4095 ἰνύματα
1280 4047 1327 4064 -

141 4124 212 4191 δδί
242 4123 397 4205 aaaron
421 4120 514 4196 ούτιος
538 4125 648 4198 ἡλίύιος
678 4121 815 4188 ἔσοιτο
837 4118 895 4189 diss
926 4122 978 4187 ούκ
1006 4117 1163 4186 εἰσοιτο
1186 4121 1246 4186 τῶν
1269 4120 1325 4203 ὑφ’

138 4230 242 4311 ἑαυτῷ
269 4228 429 4309 ἡγεμόνων
449 4230 493 4295 τιί
516 4228 675 4307 ὀνόματα,
701 4246 738 4294 ex
764 4247 827 4313 quo
860 4226 928 4292 ioco
958 4225 1038 4291 satis
1062 4223 1226 4311 colligitur
1257 4226 1328 4295 tao·

139 4336 245 4417 uasta
267 4336 294 4403 εἰ
318 4334 518 4418 αἰσχύνονται
543 4333 582 4401 ab
609 4354 646 4402 oo
668 4332 730 4401 dici
756 4334 811 4419 qui
836 4350 904 4401 rom
930 4328 1109 4397 trtirabitorn
1134 4328 1189 4397 sed
1218 4338 1325 4397 tamen
