2940 5010
180 106 265 189 apud
291 105 545 177 Grammatloum
571 104 706 173 Belleri
730 104 823 170 nihili
848 104 1037 172 vocobulum
1066 108 1304 189 ακοιιαεόματα
1330 113 1361 178 iu

180 210 437 295 οὶκοιιιςόοματα
459 210 652 289 emendans,
684 212 865 279 rectissimo
897 214 1024 287 omnia.
1059 222 1095 278 ut
1126 212 1225 281 vides.
1272 215 1361 284 Gmti

181 310 353 387 abeodem
388 318 544 403 magistro
567 315 722 383 doeemur
744 315 789 384 ότι
813 319 838 383 οἱ
862 317 1058 398 Ἐπικούρειοι
1088 320 1265 404 κατακόροις
1297 321 1363 389 ἔλε-
1412 364 1415 369 ·

178 440 239 497 γον
270 424 607 503 rauracorum,
641 421 727 511 quod
766 423 796 488 iu
834 421 897 488 illis
927 442 1021 489 neruo
1051 424 1233 493 mirabitur.
1281 428 1363 493 lline

177 524 281 615 igitur
301 529 476 618 Aloiphrou
499 550 557 596 sua
581 536 751 595 mutuatus
774 535 832 593 est.
881 526 1035 594 Videmus
1055 537 1163 596 aulem
1183 532 1363 602 ακολόςασ·

170 654 241 713 ιιι,
266 653 368 723 quum
387 632 463 701 olim
485 634 661 702 multorum
680 653 741 699 usu
765 633 878 699 tritum
905 632 1093 699 vocabulum
1119 632 1250 715 luisset,
1275 656 1362 705 nune

170 754 340 829 uuquam
362 740 525 827 integrum
557 738 702 805 inlibris
725 745 871 815 exstare,
896 758 960 824 quo
986 739 1088 825 magis
1112 739 1193 805 mihi
1222 750 1300 808 sunt
1323 740 1362 810 de

165 846 294 913 nendo
321 846 464 934 suspecti
493 844 577 923 loei,
602 844 656 910 uhi
680 863 768 909 nunu
791 846 1027 923 ακολαςιὶματα
1050 842 1170 929 legitur
1190 853 1223 913 et
1245 849 1362 914 όκοαα-

161 950 294 1023 nrm.
339 951 440 1019 Nemo
462 950 547 1017 enim
581 950 775 1017 Graecorum
797 951 965 1019 οὶκοοιατεῑι
988 947 1071 1014 dixit
1096 969 1273 1038 umquam,
1306 952 1362 1020 sod
1433 950 1438 963 '

159 1070 190 1119 οι
230 1058 393 1132 Maeror
415 1055 597 1123 formarunt
625 1056 842 1132 όκοοιαςαίνα,
872 1053 1142 1141 quemadmodum
1173 1076 1213 1123 ex
1241 1059 1324 1140 μοιρό
1352 1109 1361 1135 ,

158 1154 301 1242 haere,
321 1162 491 1247 χαλεπός,
513 1161 681 1237 δύσκολος,
714 1161 886 1242 δυσχερής,
910 1160 1060 1239 δυσμενής
1085 1157 1275 1230 derivarunt
1296 1189 1361 1244 μοι·

156 1262 289 1345 μόνον,
312 1267 485 1351 dyptitios,
508 1268 715 1350 χαλεπαίνω,
737 1266 946 1343 δυσκολαίνοι,
979 1266 1167 1348 δυσχεραίνοι
1192 1276 1224 1333 el
1246 1271 1361 1349 δνσμε·

156 1366 288 1452 στόνοι,
310 1392 394 1463 quae
416 1373 543 1452 omnia,
567 1380 601 1438 ut
634 1369 743 1446 rides.
769 1369 887 1436 hahent
915 1370 1195 1458 reprehensionem
1221 1382 1291 1440 eta
1316 1378 1361 1441 vi·

158 1468 220 1539 lii·
260 1476 356 1547 dueta
379 1486 465 1547 sunt.
514 1477 689 1564 Aminnias
720 1484 767 1542 est
796 1476 937 1559 όφραίνοι
968 1474 1054 1562 apud
1075 1475 1272 1555 Homerum,
1309 1501 1362 1548 so-

157 1578 326 1661 lidiorum
358 1583 492 1652 verbum
527 1591 577 1651 est
606 1582 797 1659 οὶιοιοταόνοι,
830 1580 992 1648 veteribus
1023 1580 1217 1648 inauditum.
1273 1589 1359 1652 Ἀκο-

159 1692 335 1758 Matreu
370 1688 455 1778 apud
491 1686 738 1775 Aristophanem
766 1687 830 1753 iam
863 1686 1005 1753 occurrit
1043 1687 1075 1752 in
1106 1688 1210 1754 iocoso
1242 1691 1358 1758 Avium

161 1782 249 1859 loeo
270 1815 315 1863 rs.
338 1800 436 1863 1225.

359 1900 524 1969 δεινότατοι
547 1898 610 1981 γόρ
633 1923 677 1966 τοι
702 1897 900 1979 πεισόμεσό,
924 1899 991 1979 ἐμοὶ
1014 1900 1115 1974 δοκεῖ,

356 2010 383 2075 ri
406 2014 465 2074 σῶν
488 2006 545 2086 μὲν
567 2004 673 2072 ἄλλων
696 2002 858 2087 ἄρχομεν,
883 2005 971 2083 ὑμεῖς
994 2006 1020 2071 δ’
1043 2006 1069 2070 οἱ
1093 2002 1153 2069 όεοό

356 2114 605 2187 ἆκολαςανεῑτε,
629 2110 764 2176 κούδέπω
788 2111 936 2188 praefer
960 2106 1006 2175 ότι

354 2216 518 2301 ἆκροασόον
542 2218 614 2295 ὑμῖν
636 2217 668 2282 ἐν
690 2215 774 2297 μέρει
798 2222 857 2282 τῶν
882 2213 1067 2296 κρειττόνων.

163 2304 329 2411 adscripsi
352 2321 459 2390 lorum
483 2320 668 2407 integrum,
693 2330 729 2387 ut
748 2319 852 2386 obiter
868 2319 931 2386 duro
954 2320 1032 2385 vitia
1058 2340 1096 2386 ex
1115 2340 1152 2387 eo
1173 2321 1357 2391 eximerem

165 2412 363 2513 hauritur
384 2427 470 2494 euim
503 2424 650 2493 laturum
674 2424 805 2507 ἄρξομεν
825 2435 857 2492 el
876 2427 1018 2506 οἱκροατέ·
1043 2427 1123 2505 ὑμῖν.
1170 2425 1358 2495 Memorabi-

166 2514 205 2583 ΙῙ·
237 2532 340 2601 dorma
366 2536 435 2600 uisa
456 2541 505 2599 est
528 2531 746 2599 Grammatico
770 2532 868 2598 Bekk.
894 2530 1012 2599 Aneod.
1038 2552 1067 2617 p.
1090 2535 1172 2607 568,
1200 2536 1253 2599 26.
1302 2540 1356 2601 'A-

165 2642 450 2712 ”Msaveire
476 2639 681 2723 Ἀριςοφοέννς
708 2633 793 2703 εἶπεν
815 2637 922 2716 όμοόοις
946 2639 988 2719 τῷ
1011 2644 1253 2715 σκμανεῖτε,
1278 2659 1355 2725 qua·

164 2722 188 2789 'i
215 2754 299 2811 varo
317 2765 356 2814 ea
374 2764 425 2813 res
446 2744 621 2833 quidquam
650 2742 780 2809 haberet
801 2740 1040 2818 admirationis,
1064 2740 1118 2807 sed
1140 2741 1242 2808 solent
1260 2743 1355 2811 Grae·

164 2832 237 2909 ruli
260 2849 421 2937 permulta
452 2870 526 2916 oum
559 2868 676 2937 magna
700 2849 858 2935 gravitate
887 2854 1057 2922 annotare,
1087 2866 1169 2933 quae
1194 2846 1355 2918 levissima

162 2938 190 3051 ἦ
233 2954 373 3041 puerilia
403 2963 490 3021 suut.
539 2954 626 3021 idem
658 2954 750 3019 docet
781 2950 946 3018 Platonem
981 2971 1107 3038 quoque
1136 2955 1355 3024 οὶκοιαςαόνειν

163 3028 298 3127 ΙΙΧίοιο.
345 3058 444 3127 llooet
474 3059 559 3128 idem
588 3059 796 3126 Autattieista
828 3077 860 3143 p.
879 3060 941 3136 80,
966 3062 1020 3123 51.
1067 3058 1108 3125 Et
1126 3060 1254 3147 saepius
1284 3063 1355 3149 qui·

162 3134 243 3231 ¹⁰¹1!
271 3162 356 3253 apud
388 3164 551 3232 Platonem
586 3165 727 3232 recurrit
757 3163 921 3249 aliosque,
952 3160 1006 3229 sed
1033 3165 1201 3235 οὶκολατεῑν
1227 3166 1353 3235 nullum

161 3246 285 3337 itatem
317 3268 413 3337 hahet
444 3278 476 3337 et
508 3268 611 3336 iorma
642 3278 692 3336 est
723 3268 837 3347 nihili,
876 3267 1083 3356 quamohrem
1119 3272 1152 3335 in
1188 3270 1353 3340 Plutarchi

158 3342 283 3443 crum
310 3393 381 3461 cup.
407 3374 535 3443 xxxii.
567 3375 765 3463 reposuerim
796 3376 855 3441 τῶν
886 3383 1087 3450 Μιλησιακῶν
1125 3379 1352 3449 οὶκολαςασ-

153 3466 308 3549 “irus
338 3500 397 3569 pro
432 3480 702 3561 ακοοιαςνμότον,
734 3481 935 3567 eaeterisque
959 3480 1054 3560 locis,
1090 3501 1169 3566 qum
1198 3482 1351 3569 Stephani

148 3546 318 3653 R‘litoreo
341 3584 587 3663 iudicaverunt,
611 3594 643 3652 et
669 3584 754 3673 apud
777 3585 970 3651 Clementem
1005 3585 1174 3652 Alexandr.
1208 3589 1240 3653 in
1275 3589 1352 3656 Pae-

191 3698 238 3769 8.
260 3690 303 3759 ll.
329 3712 359 3778 p.
382 3696 445 3759 194
470 3692 508 3759 D.
540 3692 754 3758 correxerim:
778 3694 810 3758 οὐ
836 3693 897 3770 μὴν
916 3691 977 3757 οὐδ’
1000 3694 1039 3764 ὡς
1063 3693 1093 3755 ἐν
1116 3693 1214 3774 σκότῳ
1237 3692 1351 3778 νύκτωρ

138 3758 441 3867 ἆῐοοιαςαςόον
476 3818 535 3885 pro
558 3797 713 3864 librorum
743 3798 903 3883 scriptura
929 3798 1139 3871 οὶκολαςκτέον
1163 3796 1212 3863 rel
1234 3799 1352 3866 όκολα-

137 3886 300 3969 ἦθ’-σόον.
348 3900 410 3969 Sed
433 3902 472 3971 ad
497 3902 659 3971 Anabasin
680 3902 918 3970 revertendum.

198 3996 247 4075 lu
286 4007 424 4077 Anatosi
445 4008 484 4076 ll.
510 4031 539 4077 v.
568 4014 619 4076 14.
653 4011 678 4075 εἷ
703 4009 734 4075 δέ
764 4010 812 4083 σός
841 4034 876 4074 σε
900 4009 1011 4084 humeln
1041 4012 1080 4083 ὠς
1104 4009 1254 4085 δεσπότης
1275 4014 1352 4078 alra-
