2940 5010
652 284 714 347 28²5

141 454 199 521 list
224 456 257 520 in
284 452 461 521 Heraclidis
484 454 595 533 loeus,
619 458 675 542 qui
697 476 774 521 eunr
798 456 1025 543 Xenophonteo
1044 459 1077 522 in
1105 455 1277 523 llellenieis

77 562 296 649 compositus
315 562 525 627 inveteratam
544 560 699 627 librorum
720 561 865 631 lranrlern
885 561 1025 648 deteget.
1073 562 1192 629 Ponam
1212 563 1277 649 pri·

69 682 186 731 muru
217 664 440 751 Xenophontis
475 666 571 732 verba
604 686 643 733 es
674 666 794 733 Hellen.
816 665 852 732 V.
877 688 910 732 n.
936 673 967 733 ὅ.
1013 667 1277 735 blantinensosa

65 766 266 855 Spartanis
289 770 435 846 obsessi,
459 772 537 857 quia
565 773 692 837 moenia
719 771 857 839 deiicere
889 771 1061 851 nolebant,
1094 773 1276 839 atliueitas

59 872 217 943 reducti
246 878 405 951 δείοοιντες
426 880 472 957 uir
493 877 665 959 δοριάλωτοι
695 878 828 956 γένοιντο
857 877 1034 957 ὡμολόγουν
1062 880 1275 960 περιαιρήσειν.

54 980 92 1043 οἰ
127 980 170 1047 δὲ
196 982 438 1061 Λοικεδοοιμιίνιοι
465 986 519 1049 οιίκ
550 982 674 1067 ἔφατον
704 984 883 1050 οτείοεοίοοι
914 985 940 1048 εἰ
963 986 1007 1063 ab
1039 984 1092 1050 κοιί
1121 985 1293 1051 διοικοίντο·

54 1086 176 1153 κατὰ
202 1088 323 1167 κώμοις.
370 1085 577 1155 hlanilestunr
611 1090 645 1154 in
674 1088 725 1154 his
756 1090 872 1153 vitium
908 1108 970 1155 non
1003 1108 1066 1154 uno
1102 1088 1195 1154 ruodo
1222 1086 1281 1153 de·.

52 1188 317 1273 prehenditur.
372 1192 414 1258 Et
444 1194 587 1279 primurn
619 1193 748 1279 quidem
784 1196 901 1260 διοικεῖν
938 1202 970 1259 et
1004 1194 1176 1260 διοικεῖσίοοι
1211 1213 1274 1257 non

52 1307 229 1375 pomum
252 1296 437 1383 significare
461 1298 492 1363 iol
528 1298 612 1384 quotl
644 1297 695 1365 hie
719 1300 808 1366 loeus
839 1299 990 1385 postulat.
1037 1298 1105 1364 Viri
1130 1297 1217 1364 (loeti
1240 1306 1278 1363 nt

52 1392 356 1469 demonstrarent
378 1405 497 1471 διοικεῖν
526 1423 598 1469 esse
623 1406 752 1470 seorsim
775 1405 916 1471 habitere
948 1412 1155 1490 (quamquam
1181 1401 1214 1467 id
1237 1421 1276 1467 ex

53 1516 101 1563 ae
129 1516 332 1593 spectatum
358 1507 450 1595 plane
468 1509 644 1575 absurdum
665 1520 716 1577 est
739 1518 775 1576 nt
796 1510 891 1592 χορίς
916 1511 1024 1586 οἰκεῖν,
1049 1508 1133 1595 qnorl
1163 1508 1277 1575 Graeei

53 1618 104 1667 ⁰⁰
136 1628 255 1680 sensu
279 1613 388 1680 dicere
407 1614 564 1689 assolent,
590 1615 707 1681 διοικεῖν
727 1615 890 1681 diceretur
913 1622 970 1679 aut
989 1634 1123 1700 prorsus
1141 1613 1278 1679 barbare

52 1704 284 1809 Mentoreo)
320 1718 460 1785 afferunt
491 1718 597 1785 loeunr
633 1719 774 1786 Platonis
805 1721 838 1784 in
870 1720 1001 1785 Timaeo
1029 1741 1060 1805 p.
1084 1725 1126 1785 19
1148 1720 1186 1785 Ε.
1223 1718 1277 1783 uhi

53 1808 109 1875 ⁰53-
133 1828 214 1889 τῶν
235 1824 479 1907 ramesberiam
500 1823 622 1890 tlieitur
644 1844 722 1891 esse.
737 1824 853 1907 οἰκ-οχον
873 1823 945 1903 aaa
963 1826 1143 1907 φιλοσόφον
1166 1825 1278 1904 aaaron

54 1918 126 1985 ἥδ
154 1936 336 1995 -πολιτικιίν
360 1926 419 1995 ἅτε
440 1932 596 2005 τλοονντὸν
620 1930 650 1995 ὃν
673 1931 759 1996 κοιτίο
781 1931 888 2004 πόλεις
916 1932 1047 2007 οἰκήσεις
1066 1954 1102 1995 τε
1128 1929 1207 2002 ἰδίοις
1230 1931 1277 1995 orl·

56 2018 184 2115 '²5⁶5
203 2036 367 2119 διρκκκίο,
390 2032 446 2101 setl
471 2040 524 2123 (ne
543 2034 648 2100 dicam
673 2034 843 2100 rirlienlanr
868 2054 937 2101 esse
961 2034 1044 2100 hane
1067 2035 1280 2109 sententiani,

59 2134 183 2213 quod
214 2140 383 2227 Sophistae
414 2138 584 2219 dieantur,
619 2141 695 2225 quia
722 2159 899 2225 nonunquam
931 2141 1085 2225 proprias¹
1108 2138 1199 2205 series
1231 2138 1280 2204 rel

62 2226 261 2311 domiuus
284 2244 457 2311 habuerint
485 2253 651 2331 propterea
675 2246 704 2310 ei
729 2248 776 2311 rei
805 2245 909 2311 idonei
942 2265 1003 2311 nou
1036 2265 1129 2319 esse,
1165 2253 1198 2310 et
1232 2246 1279 2311 sie

65 2336 219 2419 διοικεῖν
242 2350 335 2438 plane
364 2349 449 2415 idern
478 2370 549 2417 esso
580 2358 675 2435 atque
699 2350 811 2439 οἰκεῖν.)
844 2349 917 2416 luce
941 2350 1060 2416 clarius
1085 2358 1135 2415 est
1163 2350 1280 2417 διοικεῖν

71 2442 179 2527 ἰδίας
209 2458 338 2533 οἰκιίσειο
368 2454 428 2520 hoe
460 2475 586 2542 quoque
613 2454 682 2519 loeo
712 2455 796 2521 itlern
828 2456 912 2541 quod
939 2475 1066 2540 setnper
1096 2454 1281 2539 significare

80 2550 341 2637 mosomo,
376 2560 541 2636 ordinere,
576 2580 700 2644 repere,
735 2570 771 2625 ut
807 2563 840 2626 in
871 2561 987 2646 Gorgia
1024 2579 1054 2645 p.
1077 2563 1142 2625 aaa
1164 2560 1201 2625 a.
1224 2562 1280 2636 τίιν

85 2652 213 2731 laurei
230 2666 327 2733 οἰκίον
350 2667 490 2741 διοικεῖν,
521 2673 553 2730 et
576 2663 651 2730 alibi
676 2668 807 2752 passini.
856 2666 951 2732 Peius
983 2665 1080 2731 etiarn
1113 2672 1163 2729 est
1195 2663 1281 2749 quml

89 2756 271 2837 διιιοεεῖοῖοι
299 2769 410 2837 eodem
444 2789 542 2836 sensu
572 2790 631 2856 pro
662 2772 779 2838 διοικεῖν
808 2778 924 2857 putant
956 2769 1019 2836 tliei
1044 2789 1158 2854 posse,
1193 2768 1282 2837 hune

98 2860 210 2951 illum
225 2874 331 2943 laeum
356 2873 575 2962 Xenophontis
594 2873 785 2952 afferentes,
809 2876 892 2962 quod
916 2895 1016 2961 quurn
1042 2874 1077 2941 G.
1095 2872 1280 2941 llimlortius

105 2962 222 3046 Ῑῑῦθοοῑ
251 2982 283 3047 iu
317 2980 471 3069 Stephani
500 2980 686 3058 Thesauro,
721 3001 759 3046 ex
790 2982 899 3047 neseio
927 3000 990 3066 qno
1018 2978 1127 3045 lrenes
1159 2980 1281 3067 Typioo

10 3110 12 3120 ·
109 3066 209 3147 iteum
228 3085 354 3154 addidit
372 3107 469 3174 quern
488 3085 618 3153 tlillioile
633 3094 683 3153 est
704 3087 775 3151 sine
798 3087 867 3151 risu
885 3085 1000 3170 legere.
1048 3081 1127 3165 ouis
1152 3084 1281 3151 tandem

116 3186 252 3285 rimabit
274 3194 427 3279 antiquae
453 3190 642 3278 philologiae
666 3189 772 3257 studia
798 3192 870 3255 istis
894 3188 1045 3255 sordibus
1075 3196 1108 3254 et
1138 3189 1282 3275 quisqui-

10 3276 16 3402 q
115 3268 395 3386 &desipientium
417 3296 668 3365 Graeculorum?
692 3298 757 3361 tlur
779 3296 994 3381 hntiquorunr
1016 3293 1186 3359 sanitatem
1206 3294 1281 3359 isto·

10 3406 15 3506 L
111 3386 169 3449 ἸΨ
188 3394 344 3490 ineptiis,
367 3403 484 3489 quibus
508 3401 588 3468 nihil
612 3422 764 3487 umquam
789 3402 946 3487 scripturn
970 3406 1020 3465 est
1039 3394 1182 3473 foedius,
1208 3419 1281 3464 eou-

105 3476 296 3575 “mlflamus
330 3518 363 3575 et
389 3507 580 3595 peruinms?
628 3506 689 3573 Sed
712 3507 751 3573 ιιι
777 3506 834 3572 ίιοο
866 3510 1057 3590 argumento
1079 3502 1158 3571 alias
1187 3524 1281 3573 aeeu·

97 3586 321 3697 Quicum,
344 3634 431 3679 nune
461 3612 596 3679 barbare
627 3612 750 3678 dietum
774 3613 945 3677 beorariolam
970 3610 1110 3694 reposita
1136 3630 1212 3675 rera
1241 3610 1283 3677 le·

90 3684 191 3771 “⁰³0-
228 3718 419 3794 euolutabo,
450 3738 548 3804 «quarn
573 3719 621 3783 sie
650 3719 873 3803 rinusqnisqne
901 3714 1054 3800 indagare
1083 3715 1222 3800 poterit,
1246 3726 1283 3782 ut

155 3822 337 3892 advertat
358 3822 461 3890 lntnri
490 3824 642 3909 temporis
670 3822 805 3889 forman]
837 3821 977 3907 requiri:
1009 3820 1035 3884 εἰ
1058 3822 1103 3899 μή
1134 3819 1220 3884 enirn
1249 3820 1283 3885 iu

76 3872 287 4021 ΙΠΙ’Ῥῑῐιιιιίἰ
315 3930 492 3997 sententiae
511 3926 761 3995 eonlormatione
785 3926 926 4014 postulat
955 3924 1090 4011 optativi
1119 3921 1282 3991 loturum:

72 3984 226 4111 Qua
238 4034 458 4121 exemplorum
478 4044 527 4100 est
547 4033 596 4099 rel
613 4035 645 4098 in
666 4033 724 4099 hoo
740 4036 809 4120 ipso
822 4030 1043 4116 Xenophontis
1064 4027 1158 4095 libro.
1192 4029 1284 4095 Prae·

70 4100 235 4221 ..mant
262 4160 364 4208 unum
395 4140 435 4207 ab
465 4140 533 4227 ipso
563 4138 726 4205 llinrlorrio
759 4146 844 4205 recte
879 4132 1286 4201 restituentibus.

69 4214 117 4271 τω
142 4238 334 4329 Sauum
356 4250 383 4313 οἰ
413 4253 580 4328 τροεςῶτεο
604 4246 775 4327 ἐλογίζοντο
800 4246 838 4317 ὡς
868 4244 893 4307 εί
915 4242 960 4319 μίν
987 4238 1183 4320 μοίχοιντο
1211 4239 1288 4305 οἰοιο-

72 4308 246 4419 ”imvm
268 4354 326 4433 μὲν
354 4352 388 4417 ai
413 4354 586 4432 περιοικίδες
611 4355 711 4421 atrae
743 4351 869 4425 πόλεις,
905 4347 992 4413 aurei
1017 4346 1047 4412 δὲ
1072 4345 1291 4423 πολιορκήσοιν-
