2940 5010
710 264 773 323 nte

143 434 249 501 οἴκαδε
273 430 363 499 άπνυν
391 435 516 512 λαβεῖν.
565 434 678 519 itaque
698 454 798 520 ιμιιιιιι
831 438 885 501 οὐκ
921 436 1004 502 ἑάτει
1038 443 1090 504 τὸν
1117 438 1269 519 άνάρνιπυν
1305 440 1334 507 ν’·

146 540 420 617 reconcedere
445 537 615 604 manifesto
639 540 682 605 sit
701 540 892 607 mendosum
906 551 938 607 et
961 545 1122 609 sententia
1146 544 1208 611 ioci
1227 555 1336 632 postu·

147 644 194 713 iet
225 666 367 711 somnum
398 665 527 729 cepere,
559 647 706 730 sequitur
736 644 817 711 nihii
846 646 934 712 ahud.
963 669 1060 733 quam
1097 648 1190 715 ὕπνου
1219 660 1335 734 λαχεῖν

147 771 167 818 a
189 748 409 837 Theophrasto
434 748 533 815 scrihi
558 752 712 836 potuisse.
753 751 909 817 Dicebant
933 754 1020 819 enim
1047 753 1258 823 Athenienses
1281 777 1336 823 an·

149 856 307 943 tiquiores
323 850 417 921 ὕπνον
439 855 619 937 λαγχάνειν
644 855 755 922 eodem
778 876 895 935 sensu,
919 878 982 943 quo
1004 858 1096 925 ὕπνου
1109 861 1284 942 τυγχάνειν
1304 873 1336 929 et

147 962 279 1029 elimet
304 968 415 1047 postca
437 979 548 1026 omnes
571 960 742 1040 dicebant,
767 962 821 1027 scd
844 964 1023 1047 λαγχάνειν
1052 963 1144 1032 ὕπνου
1169 969 1336 1055 antiquius

148 1070 248 1135 etiarn
276 1064 405 1133 dicendi
434 1085 537 1149 genus
563 1076 612 1133 est
640 1069 781 1153 adeoque
814 1071 1015 1155 exquisitius.
1063 1071 1243 1140 Herodotus
1271 1076 1335 1141 iam

147 1174 233 1239 dixit
254 1171 307 1239 ΙΙΙ.
335 1176 410 1239 180.
437 1168 530 1238 ὅπνυιι
552 1174 588 1238 τὲ
619 1198 672 1253 μιν
699 1174 878 1257 λαγχάνειν
903 1176 1022 1253 ε’πυίεε,
1058 1186 1089 1242 et
1118 1177 1268 1245 Cratinus
1301 1182 1333 1246 in

148 1278 247 1345 Bekis.
273 1276 394 1345 tnecd.
420 1296 449 1363 p.
474 1282 558 1355 558,
583 1284 614 1343 2.

329 1386 362 1450 οὗ
386 1390 470 1448 σῖτον
494 1380 623 1465 άρατά,
645 1385 706 1466 οὐχ
730 1383 824 1451 droco
848 1394 964 1467 λαχεῖν
986 1388 1086 1468 μέρος.

146 1500 179 1557 et
211 1487 385 1575 Xenophon
419 1488 453 1553 in
486 1488 626 1553 Anahasi
647 1488 700 1555 ΙΙΙ.
726 1512 747 1555 1.
783 1496 813 1556 9.
845 1495 950 1574 μικρὸν
983 1492 1077 1559 ὕπνον
1113 1495 1223 1576 λαχὼν
1255 1491 1334 1561 εἶδεν

145 1594 227 1677 ὄναρ.
274 1594 522 1679 Nonnumquam
553 1602 662 1660 autern
688 1597 719 1659 in
743 1596 839 1664 Codd.
867 1595 960 1664 ὕπνυυ
984 1598 1163 1680 λαγχάνειν
1192 1609 1225 1665 et
1253 1625 1333 1680 τυγ-

145 1700 258 1783 χάνειν
281 1700 366 1765 inter
389 1718 423 1765 se
446 1707 693 1785 permutantur,
719 1711 754 1766 ut
776 1710 930 1788 appareat
954 1702 1085 1769 nentium
1115 1707 1334 1788 ’λττικάτενιν

145 1818 179 1875 et
213 1805 408 1891 exquisitius
437 1804 616 1887 λαγχάνειν
641 1814 803 1872 mutatum
836 1828 905 1874 esse
929 1828 947 1872 a
971 1807 1086 1873 scrihis
1112 1810 1143 1873 in
1172 1811 1335 1893 κυινάτερυν

145 1922 179 1982 et
216 1912 374 1977 usitatum
407 1909 558 1976 omnihus
590 1912 787 1993 τυγχάνειν,
822 1912 1093 1999 quomadmodum
1130 1916 1164 1980 in
1196 1916 1334 1984 Hierone

146 2017 242 2087 ὕπνον
262 2014 474 2097 λαγχάνυμεν
497 2017 638 2101 genuina
661 2019 914 2102 scriptumest,
938 2016 1032 2085 ὕπνου
1054 2019 1259 2101 τυγχάνομεν
1284 2022 1334 2086 in-

146 2121 319 2210 terpolata..
371 2120 469 2187 Plane
504 2119 616 2187 eodem
648 2122 741 2186 modu
776 2124 810 2188 iu
841 2122 1015 2211 Cynopaed.
1040 2124 1096 2191 111.
1122 2146 1142 2191 ι.
1169 2130 1224 2193 24.
1260 2128 1331 2193 οὔτε

144 2230 233 2299 σάτον
265 2226 337 2295 οὔτε
368 2225 462 2293 ὕπνον
493 2226 639 2292 δύνανται
663 2226 843 2310 λαγχάνειν
879 2238 955 2293 nata
990 2238 1039 2295 est
1076 2232 1173 2296 unius
1205 2230 1333 2299 Codicis

144 2337 311 2423 scriptura
332 2331 516 2413 τυγχάνειν.
563 2332 600 2398 ln
625 2331 849 2418 Aristophanis
868 2332 1008 2401 dcharn.
1030 2340 1117 2401 715:

282 2441 359 2506 άλλ’
382 2438 486 2513 ἐπειδὴ
510 2439 581 2513 τοὺς
603 2439 750 2521 γέροντας
771 2442 825 2504 οὐκ
847 2441 912 2504 tar
937 2438 1029 2506 ὕπνου
1049 2450 1179 2524 τυχεῖν,

145 2548 294 2635 suspicor
323 2547 377 2610 οὐκ
412 2545 477 2609 ἐᾶθ’
508 2541 602 2611 ὕπνυν
633 2553 750 2626 λαχεῖν
782 2543 822 2609 ah
850 2546 919 2631 ipso
947 2554 1039 2633 poeta
1070 2549 1228 2634 scriptum
1257 2550 1334 2617 oiim

144 2652 257 2723 tonse.
305 2650 441 2736 Legitur
471 2646 564 2714 ὕπνου
591 2650 764 2733 τυγχάνειν
797 2649 882 2736 apud
915 2649 1171 2739 Theophrastum
1197 2655 1231 2721 in
1255 2656 1333 2723 Cha·

144 2766 226 2827 ract.
258 2776 328 2843 ουρ.
353 2760 405 2823 18.
437 2755 489 2821 καὶ
519 2751 595 2821 οὕτω
626 2757 718 2835 μόλις
746 2754 839 2823 ὕπνου
868 2757 1064 2839 τυγχάνειν,
1097 2767 1129 2825 et
1154 2762 1186 2825 in
1210 2764 1333 2829 suavis·

143 2866 229 2933 simo
264 2860 445 2949 fragmento
477 2861 593 2926 incerti
627 2861 769 2940 Gonnoi,
801 2882 897 2947 quem
928 2863 1078 2948 equidem
1118 2866 1331 2934 Menandrum

143 2990 215 3039 use
237 2968 408 3056 suspicor,
439 2964 525 3052 apud
553 2966 764 3033 Plutarchum
785 2967 825 3032 de
847 2967 1020 3032 Audicndis
1050 2968 1153 3037 Poetis
1176 2993 1206 3058 p.
1230 2979 1271 3039 18
1295 2974 1331 3040 Β.

326 3072 485 3139 τάλαντον
510 3074 527 3149 ἦ
552 3070 649 3154 προίξ.
673 3074 718 3151 μὴ
742 3072 856 3153 λάβιη
881 3072 935 3154 ζῆν
957 3075 983 3137 δ’
1009 3074 1053 3143 ἔτι
1077 3099 1128 3154 μοι

325 3177 483 3246 τάλαντον
507 3177 696 3259 ὑπεριδόντι,
720 3176 927 3257 τεύξομαι
948 3178 975 3242 δ’
1000 3176 1122 3247 ὕπνου

324 3284 508 3365 πριέμενιςς
533 3287 566 3351 οὐ
590 3285 672 3351 δώσω
697 3284 728 3348 δὲ
752 3286 810 3349 κάν
834 3284 909 3367 dhon
933 3284 1018 3359 δίκην

324 3394 364 3466 ὥς
388 3392 547 3469 ἠσεβηκὼς
570 3391 613 3463 εἷς
635 3389 792 3456 τάλαντον
812 3390 966 3472 άγγύριυς

142 3496 208 3581 Qui
230 3503 342 3585 postea
365 3497 400 3561 in
424 3494 593 3563 scribendo
616 3497 761 3561 Atticum
783 3493 912 3561 dicendi
933 3515 1036 3581 genus
1065 3497 1185 3566 referre
1207 3510 1331 3589 satage-

140 3604 223 3671 bant
253 3598 364 3667 eodem
397 3598 491 3665 modo
523 3618 586 3685 quo
620 3603 820 3689 antiquiores
852 3597 946 3668 ὕπνου
980 3602 1162 3684 λαγχάνειν
1195 3625 1331 3695 usurpa·

142 3706 244 3786 hant,
267 3713 306 3773 ut
325 3703 488 3771 Lucianus
513 3705 545 3771 in
573 3705 692 3793 Cynico
723 3727 793 3793 cap.
812 3711 844 3772 9.
878 3704 971 3773 ὕπνου
1005 3717 1121 3790 λαχεῖν
1143 3712 1176 3776 od
1200 3712 1330 3793 δυναμέ-

141 3837 221 3887 νους.
267 3810 380 3896 ltaque
413 3807 514 3876 tacitis
546 3821 657 3897 parata
682 3820 730 3878 cst
762 3812 922 3878 medicina
955 3813 1118 3879 Chunituni
1153 3836 1224 3903 pag.
1243 3823 1305 3883 451

1321 3870 1332 3898 7

143 3922 199 3985 46.
232 3918 266 3983 in
290 3914 467 4002 Hirsohigii
498 3917 659 3994 Eroticis,
697 3917 749 3982 uhi
783 3917 910 3983 editur:
944 3920 1010 3985 ἐπεὶ
1035 3922 1066 3985 δὲ
1097 3922 1264 4003 πρυὲκυπτε
1287 3924 1331 3989 τά

138 4032 199 4101 τῆς
222 4023 330 4097 νυκτὸς
362 4020 455 4088 ὕπνου
485 4024 542 4101 μὲν
575 4026 628 4088 cdx
659 4022 879 4102 ἐλάμβανε
904 4026 968 4090 ari.
995 4046 1133 4111 iramque
1157 4025 1329 4110 legendum

141 4148 214 4197 esse
242 4135 331 4216 patet
363 4125 456 4194 ὕπνου
486 4130 542 4205 μὲν
567 4131 620 4194 οὐκ
644 4127 829 4210 ἐλάγχανε,
854 4128 938 4215 quud
962 4128 1072 4195 cadom
1102 4128 1229 4195 indocta
1253 4130 1329 4197 ieri·

141 4243 212 4303 tate
233 4241 398 4307 mutatum
427 4243 476 4300 est
508 4236 539 4298 in
566 4232 752 4313 ἐλάμβανε,
778 4254 841 4322 qua
866 4232 958 4301 ὕπνου
990 4238 1104 4315 λαβεῖν
1127 4237 1331 4323 suppositum

139 4350 192 4411 est
221 4358 318 4407 veruo
353 4340 480 4407 lectioni
515 4338 607 4405 ὕπυνυ
641 4350 756 4422 λαχεῖν
782 4340 865 4427 apud
897 4341 1166 4427 Theophrastum.
1213 4343 1329 4409 “Turno
