2940 5010
694 281 760 345 686

87 431 89 434 ’
140 456 219 530 νεός,
246 451 429 539 siquiden
452 473 500 517 ma
516 461 643 538 quaeret
661 453 854 534 adolescere,
881 462 913 521 et
936 458 1024 539 §52
1048 454 1221 540 φυλάττου
1240 454 1311 531 ότοις

138 562 183 639 μίν
208 601 250 612 -
274 559 481 634 ποιήσεις,
507 578 563 644 pro
587 559 723 642 ποιιίσςς.

183 665 220 731 ln
248 668 265 749 §
291 669 345 731 m.
382 662 509 730 tandem
533 662 729 730 intellectum
752 674 802 731 est
822 685 898 733 vere
918 666 1087 734 Reishium
1112 669 1246 748 νομίσαν
1263 686 1314 755 pre

139 772 282 851 ε’νόμισαν
303 770 489 837 emendasse
509 771 540 836 in
566 770 687 837 verbis:
711 772 836 852 adrepto
857 774 888 839 δὲ
907 773 1040 851 τάγαόά
1064 774 1240 853 νομίσαν
1261 776 1314 841 aso

139 886 235 944 ποιεῖν
259 878 276 954 ἢ
299 877 342 943 τά
366 877 451 942 κακά
477 875 523 964 (τό
548 878 661 953 πλῆθος
684 879 753 951 τοὺς
775 877 883 957 νόμους
906 877 1079 967 ίγραφεν);

183 984 220 1050 16
246 987 264 1069 §
285 989 340 1050 44.
365 981 460 1049 verba
483 981 571 1047 άλλόι
589 981 782 1062 βιασάμενος
805 990 869 1048 tam
893 983 1062 1069 pueriliter
1083 992 1118 1051 et
1136 982 1251 1055 ieiune
1269 1002 1315 1072 ap·

138 1090 242 1177 posita
265 1089 398 1155 suntin
422 1083 627 1153 6ἰετότανό
651 1087 794 1170 κρείττων
825 1087 921 1157 τόν”
902 1114 983 1165 narn
1005 1092 1051 1169 μὴ
1033 1089 1193 1166 ὴτείσας
1222 1088 1317 1178 [mut
1358 1118 1360 1123 ·

137 1196 389 1280 βιασάμενοςΓ
369 1192 538 1275 αναγκάορ
560 1200 654 1259 ποιεῖν
671 1191 690 1259 ό
705 1218 736 1259 τι
757 1191 796 1259 όν
819 1197 903 1278 etro
886 1197 1011 1279 ”,δοκ6
1036 1202 1073 1261 nt
1094 1193 1138 1261 ab
1156 1195 1225 1262 alio
1247 1214 1360 1282 666-
1357 1212 1360 1229 ³

138 1303 215 1369 libet
238 1301 461 1387 potiusquam
486 1298 558 1364 ab
550 1318 619 1385 ipso
641 1298 849 1386 Xenophonte
873 1298 981 1366 addita
1005 1320 1077 1368 esse
1099 1301 1296 1369 existimem.
1356 1302 1360 1369 l

184 1408 325 1473 Atticam
351 1402 498 1489 loquendi
522 1403 656 1470 formam
677 1403 893 1471 obscurarunt
916 1404 1094 1472 Graeculi
1083 1425 1119 1471 m
1142 1408 1161 1492 ς
1183 1408 1243 1471 46.
1264 1384 1360 1473 είίιΙ
1357 1438 1360 1481 ι

140 1537 207 1589 σοι,
236 1538 257 1577 υ
242 1508 461 1590 Περίκλεις,
495 1509 567 1575 τότε
595 1505 843 1590 συνεγενόμκν“
824 1534 877 1575 οτε
903 1511 1147 1586 δεινότατος
1181 1514 1316 1579 σαυτοῦ

138 1623 244 1686 ταῦτα
268 1612 355 1690 ἦσθα.
402 1613 582 1679 Alcibiades
615 1612 830 1681 cruciantes
854 1615 1026 1691 δεινότατος
1050 1618 1177 1690 αὐτός
1201 1618 1316 1683 αὑτοῦ
1358 1666 1360 1673 -

138 1729 244 1792 ταῦτα
268 1717 366 1797 iudx,
399 1727 434 1785 ut
459 1718 627 1805 populares
656 1718 817 1792 solebant.
845 1728 878 1787 et
906 1722 1097 1808 omnesqui
1125 1724 1316 1809 exquisitior

136 1828 362 1917 loquebantur.
409 1826 510 1899 Αὐτὸς
542 1827 637 1891 αὑτοῦ
661 1833 694 1891 et
714 1825 802 1891 αὐτοὶ
826 1827 941 1892 ἑαυτῶν
966 1827 1000 1891 in
1031 1824 1088 1891 tali
1109 1847 1147 1894 re
1174 1836 1317 1893 constan·
1358 1842 1360 1855 ·

139 1944 190 2002 ter
213 1933 332 1999 dicitur
356 1950 416 1997 nec
438 1933 546 1997 minus
576 1932 610 1996 in
638 1933 742 2017 prima
774 1932 978 2018 secundaque
1003 1952 1140 2018 persona
1170 1952 1268 2020 quam
1287 1934 1315 1997 tn

139 2039 246 2107 tertia.
295 2035 488 2103 simillimus
515 2036 604 2102 locus
627 2043 675 2101 est
699 2034 896 2122 Euripidis
887 2057 919 2102 m
946 2036 1088 2104 Platonis
1113 2038 1234 2125 Gorgia
1257 2037 1360 2104 lau·

140 2146 236 2213 datus
267 2164 296 2230 p
317 2147 393 2209 464.
417 2141 462 2209 ll.
489 2148 521 2207 et
553 2141 628 2208 hinc
660 2142 779 2227 passim
803 2141 843 2208 ab
875 2141 969 2209 aliis:
1002 2144 1174 2224 συμβαίνει
1202 2136 1360 2233 γάρτίξ

140 2256 193 2319 τοῦ
218 2253 280 2331 Ειίρ
282 2249 398 2314 ιπιδου·
420 2246 565 2327 λαμπρός
591 2252 621 2312 τ’
645 2245 748 2318 test
733 2270 842 2320 εκαςος
865 2247 917 2311 ἐπὶ
938 2248 1036 2331 τούτῳ
1357 2280 1360 2353 p

640 2353 719 2418 κάπδ
742 2354 827 2418 τοῦτ’
850 2353 1014 2431 ἐπείγεται

319 2460 415 2537 νόμιον
438 2461 473 2524 τό
497 2464 622 2526 πλεῑςον
646 2458 763 2540 ἡμέρας
787 2459 884 2541 τοιίτιρ
907 2460 996 2540 μέρος

319 2565 354 2630 ἵν’
377 2565 471 2635 αὐτὸς
495 2564 588 2629 αὑτοῦ
613 2562 769 2644 τυγχάνει
793 2563 935 2644 κράτιςος
956 2566 1005 2629 ὤν.

139 2671 195 2738 ubi
216 2670 329 2735 vitiose
356 2668 506 2751 τυγχάνῃ
529 2670 562 2733 in
594 2668 684 2733 libris
714 2669 831 2754 tegitur
858 2679 890 2735 et
913 2668 1055 2734 Platonis
1078 2676 1111 2735 et
1138 2669 1314 2737 Aristotelia

138 2785 170 2844 et
201 2773 366 2842 Plutarchi
399 2783 431 2838 et
462 2783 682 2851 caeterorum,
715 2776 770 2860 qui
805 2774 882 2840 haec
915 2773 1105 2840 attulerunt.
1153 2776 1259 2849 Αὐτός
1287 2776 1315 2839 in

138 2883 236 2948 simili
258 2880 327 2944 loco
356 2877 521 2943 intercidit
545 2879 628 2964 apud
658 2879 866 2946 Plutarchum
898 2881 932 2945 in
961 2879 1130 2945 Cleomene
1166 2900 1238 2968 cap.
1259 2885 1315 2948 55:

139 2989 232 3054 ὁπότε
255 2988 343 3066 νείφει
367 2984 493 3061 μάλιςα
516 2984 568 3049 καί
592 2984 914 3059 σπουδαιότατος
937 2986 1065 3051 αὑτοῦ
1089 2984 1235 3064 γένοιτο,
1259 2987 1316 3053 inm

139 3112 218 3160 vern
241 3090 483 3162 σπουδαιότατος
507 3091 631 3163 αὐτὸς
656 3093 793 3156 αὑτοῦ.

186 3197 221 3264 16
248 3198 340 3263 llem.
358 3196 383 3261 l.
409 3216 441 3261 11.
467 3199 520 3261 48.
552 3199 604 3260 καί
630 3196 838 3276 Χαιρεκράτης
862 3196 914 3263 καί
939 3196 1169 3279 Ἑρμοκράτης,
1195 3198 1316 3264 Hermo·

139 3305 218 3370 croti
241 3300 484 3368 substituendus
508 3308 558 3365 est
581 3302 789 3381 Ἑρμογένης,
817 3309 853 3367 ut
876 3304 1001 3388 primos
1025 3303 1171 3369 omnium
1199 3302 1317 3370 monuit

139 3410 243 3476 Groen
271 3427 330 3472 van
352 3407 533 3471 Prinsterer
560 3406 750 3492 Prosopogr.
775 3407 854 3474 Plat.
879 3428 912 3495 p.
933 3412 1009 3474 666.
1057 3406 1140 3491 Quid
1162 3408 1317 3496 pepererit

140 3533 281 3581 errorem
304 3510 410 3589 vides,
435 3509 483 3576 rel
506 3511 614 3595 potius
636 3510 739 3578 aridis.

184 3618 221 3684 ln
255 3620 349 3702 §bn
381 3615 440 3686 όίςε
470 3617 615 3695 μηδαμοῦ
640 3621 712 3698 παρ’
742 3621 849 3692 αὐτοῖς
883 3619 953 3692 τοὺς
985 3616 1102 3692 άλλους
1136 3614 1216 3687 είναι
1249 3622 1316 3703 πρός

141 3725 270 3803 ἑαυτόν,
303 3722 336 3789 id
363 3730 412 3788 est
438 3722 606 3801 μηδενός
635 3721 771 3798 άξίους
809 3727 914 3797 αὐτοῖς
949 3721 1050 3790 εἶναι
1081 3725 1219 3792 δοκεῖν
1249 3728 1316 3808 πρός

141 3831 258 3918 ἑαυτόν.
308 3831 456 3907 Οόδαμοῦ
485 3823 563 3894 εἶναι
595 3836 626 3893 et
651 3830 785 3906 οὐδαμοῦ
812 3832 975 3911 Φαίνεσίαι
1003 3850 1040 3895 66
1073 3850 1171 3896 66666
1203 3833 1318 3918 passim

140 3936 352 4002 Athenienses
378 3932 489 4000 audies
521 3931 681 3999 dicentes:
714 3935 858 4020 exempta
883 3934 956 4000 vide
978 3933 1061 4019 apud
1087 3934 1317 4023 Wyttenhacb.

139 4042 180 4108 ad
204 4039 362 4107 Phaedon.
389 4060 418 4125 p.
447 4044 520 4105 186.
568 4037 686 4105 Eodem
706 4038 799 4105 modo
818 4039 899 4105 dixit
921 4038 1151 4107 Demosthenes
1175 4044 1209 4107 in
1234 4040 1318 4109 Orat.

141 4148 234 4213 LVll.
262 4150 315 4216 16.
351 4147 405 4211 cdx
437 4144 539 4222 ἠγνόει
570 4139 616 4210 ότι
647 4149 672 4211 εί
705 4145 800 4223 λόγος
835 4147 1049 4224 άπσδοίιίσοιτο
1073 4181 1120 4197 -
1142 4149 1319 4229 οὐδαμοῦ

140 4256 390 4331 γενήσονται
413 4253 438 4317 oi
462 4251 547 4333 μετά
568 4250 676 4319 τούτου
697 4252 915 4330 συνεςκκότες,
941 4251 998 4321 ubi
1021 4252 1198 4330 γενήσοιντο
1216 4263 1319 4342 postu·
