2940 5010
700 254 761 317 164

146 424 225 492 bont
248 425 356 514 inepte
379 445 449 500 ens,
476 425 509 490 in
532 424 649 512 quibus
669 450 690 491 σ
711 445 773 492 non
797 423 958 492 elidebant
987 423 1219 505 Athenienses,
1242 429 1322 498 euiu

148 533 222 598 sitii
248 531 429 618 exemplum
459 539 509 597 est
537 533 656 613 οὶρορῖιι
687 550 745 618 pro
772 530 939 613 οὶροριέσειν
961 528 1085 598 dietum
1110 551 1245 620 prorsus
1265 533 1322 605 bar

147 637 236 706 bare.
283 635 450 704 Eiusmodi
469 635 705 704 barbarismum
727 638 759 703 in
780 639 886 704 δοινειῶ
903 656 962 724 pro
972 636 1100 704 διινελσιι
1113 636 1235 705 videsis
1251 658 1322 726 epu.

147 741 298 809 Pbotiurn
322 761 353 807 v.
376 748 506 811 Δοινειῶ.
553 741 640 828 Ergo
659 743 876 809 certissimum
901 749 1031 809 estnon
1055 742 1264 824 οἱνοροέσιιι
1282 760 1322 815 λι

148 872 238 928 γουσι
270 845 326 914 sed
359 847 575 930 ἀγοράσοιν
605 848 733 927 λέγουσι
769 849 926 935 scriplum
960 867 979 914 a
1010 850 1226 935 grammatino
1258 849 1322 919 din

148 953 257 1021 luisse.
304 951 390 1020 Nihil
410 962 459 1019 est
480 954 512 1019 in
540 952 632 1019 libris
655 955 764 1021 tritius
786 972 882 1040 quum
907 960 944 1020 ut
966 951 1087 1019 luturis
1111 954 1263 1021 infinitivi
1281 975 1322 1023 ao

148 1060 221 1126 risti
247 1057 488 1125 substituantur
515 1077 711 1145 quamquem
739 1058 884 1146 plerique
910 1076 1022 1138 ornnes
1049 1057 1213 1127 Editores.
1230 1063 1322 1129 neseio

150 1162 309 1250 quomodo
335 1162 476 1229 librariis
501 1163 627 1229 malunt
660 1163 791 1231 eredere
814 1183 910 1251 quam
934 1162 1055 1230 iudioio
1074 1165 1141 1243 uti,
1165 1164 1251 1233 unde
1269 1164 1322 1233 lao-

149 1279 220 1334 tum
245 1275 353 1334 estut
376 1287 551 1354 permagna
581 1288 728 1336 errorum
752 1269 785 1335 id
809 1288 912 1356 genus
941 1270 1034 1355 copie
1062 1288 1121 1355 per
1146 1271 1320 1337 norissimus

148 1373 305 1442 editiones
326 1374 371 1440 sit
394 1381 567 1460 propagata
591 1382 712 1441 temere
731 1376 859 1442 reieotis
879 1375 999 1462 passim
1019 1374 1211 1442 eritioorum
1230 1394 1319 1443 emm

149 1479 334 1547 dationibus
354 1477 457 1545 luturi
480 1480 633 1566 temporis
653 1477 773 1547 lormas
789 1481 1030 1568 reponentium,
1053 1480 1150 1549 euius
1168 1481 1217 1549 rei
1233 1478 1318 1547 multa

148 1584 295 1671 exemplo
311 1582 395 1671 apud
413 1581 532 1649 multos
550 1584 614 1649 inm
634 1583 710 1650 alibi
730 1586 939 1672 protulimus,
962 1585 1057 1673 plura
1073 1585 1174 1652 etiam
1193 1585 1319 1673 eliquer-

149 1690 190 1756 do
214 1688 430 1776 proferemus,
453 1687 508 1754 ubi
533 1687 573 1755 ad
603 1688 779 1757 Historioos
800 1699 833 1758 et
856 1689 1008 1758 Oratores
1037 1689 1253 1759 emendandos
1277 1708 1317 1759 m

149 1794 264 1863 cedere
287 1793 429 1862 dabitur.
476 1791 569 1861 Nune
600 1793 738 1880 paueula
767 1804 895 1863 tantum
926 1815 944 1864 e
973 1797 1071 1886 Lysia
1102 1795 1318 1871 indicabimus.

149 1920 233 1988 quse
268 1902 302 1966 in
335 1897 608 1967 emendatissimis
640 1899 835 1967 editionibus
871 1901 1004 1989 probata
1042 1900 1319 1971 circumferuntur

150 2007 219 2075 XII.
244 2010 262 2093 §
283 2009 324 2073 19
350 2003 475 2087 ἔχοντες
497 2043 542 2057 -
562 2002 621 2072 ὅσοι
643 2006 837 2074 οὐδεπώποτε
860 2007 950 2090 ᾤοντο
980 2008 1217 2084 ιιπιὶσιισθιιι.
1246 2002 1319 2076 Xlll.

150 2117 169 2200 §
187 2117 208 2180 6
229 2111 400 2194 νομίζοντες
416 2111 460 2177 τοὶ
479 2108 661 2194 πράγματα
677 2113 717 2185 ὥς
736 2112 826 2179 αὐτοὶ
846 2114 1014 2194 ἠβούλοντο
1036 2112 1319 2191 ιιοιτοιςήσοοσλσι

149 2227 183 2285 et
207 2224 225 2307 §
251 2224 291 2285 15
324 2220 377 2283 οὖν
408 2216 534 2298 ἔφυσοον
561 2216 784 2299 ἐπιτρέψοι
811 2224 919 2286 τοῦτον
947 2218 1092 2298 γενέσθαι
1116 2227 1149 2285 et
1170 2225 1189 2307 ς
1211 2223 1251 2285 ll
1275 2216 1321 2283 dr

151 2323 277 2405 ἔφυσαν
306 2323 530 2404 ἐπιτρέψοι
560 2322 615 2396 τὴν
642 2321 758 2402 εἰρήνην
785 2325 981 2400 ποιήσασθαι.
1027 2322 1148 2412 Nempe
1169 2322 1319 2391 dicebaut

148 2430 203 2495 οὐκ
224 2426 428 2509 ἐπιτρέψομεν
444 2430 551 2491 ταῦτα
570 2424 729 2505 γενέσθαι,
752 2448 816 2493 nou
833 2432 886 2495 οὐκ
898 2427 1134 2511 interpelletur,
1159 2438 1194 2496 ul
1211 2429 1319 2516 opinor·

150 2532 263 2617 ltaque
281 2531 313 2595 in
335 2529 492 2597 indirecta
511 2531 655 2598 oratioue
675 2529 846 2598 dicendum
869 2552 939 2600 esse
960 2542 1110 2621 apparet:
1136 2533 1320 2617 odelonem

148 2636 339 2719 ἐπιτρέψειν,
362 2633 633 2721 quemadmodum
656 2644 781 2723 poterat
803 2636 883 2705 diei:
915 2639 1042 2723 ἔφσσοιν
1064 2637 1110 2706 ὅτι
1133 2643 1189 2707 οὐκ
1217 2629 1320 2717 ἐπιτρί-

148 2752 269 2826 ψουσιν.
316 2740 507 2807 Rectissime
528 2739 649 2807 dieitur
671 2743 839 2810 ἐκέλευσαν
863 2748 1027 2824 ἀπελθεῖν,
1051 2745 1155 2822 ἐδεήθη
1179 2742 1321 2812 beornd

149 2847 269 2916 similia
289 2847 412 2924 omnia,
434 2846 585 2933 quoniam
605 2848 619 2913 i
643 2850 776 2915 κολούων
800 2848 919 2916 Graece
939 2849 1019 2916 dicit
1044 2847 1165 2916 dorsale
1184 2860 1219 2918 et
1239 2838 1321 2917 ttd

148 2978 238 3034 μενος
261 2951 341 3019 solet
360 2951 408 3026 ote
434 2975 486 3030 μοι
493 2999 504 3032 ,
530 2951 665 3035 χάρισοιί
689 2977 758 3033 μοι,
789 2954 947 3034 σύγγνωθί
972 2979 1024 3035 μοι
1051 2953 1172 3023 dicere.
1218 2954 1322 3023 dnum

148 3062 164 3126 d
185 3059 278 3140 ὀμνύς
296 3057 422 3125 dicebat
442 3058 565 3137 ἐμμενῶ
584 3059 702 3133 τούτοις
728 3079 789 3125 non
810 3059 949 3139 ἐμμένοι,
972 3061 987 3127 ὁ
1007 3060 1252 3142 ὑπισχνούμενος
1269 3070 1322 3127 Μ

148 3166 255 3245 δίδωμι
285 3163 365 3229 dieit
395 3161 451 3230 sed
482 3164 585 3241 δώσω,
615 3164 699 3231 unde
729 3165 909 3251 Antigonus
930 3170 947 3232 d
970 3168 1153 3250 Ἐπλπροποο
1181 3158 1322 3255 apnprlt

148 3290 208 3358 per
229 3271 334 3336 ionum
355 3269 370 3334 l
391 3268 490 3334 δώσων
511 3269 740 3355 appellabatur.
787 3269 985 3337 Gonturbant
1007 3269 1087 3339 bueo
1108 3271 1218 3339 omnis
1240 3270 1322 3339 (lnt-

150 3375 235 3450 nuli,
259 3373 314 3440 sed
337 3371 416 3458 quid
439 3373 471 3438 in
496 3393 531 3440 re
554 3383 642 3441 certa
666 3374 896 3442 Graeculorum
927 3396 1054 3445 errores
1076 3376 1262 3445 moramur?
1291 3370 1322 3443 b

149 3479 294 3546 oratione
317 3476 461 3557 lunebri,
485 3480 619 3565 quaein
640 3480 792 3569 Lysinoas
813 3482 958 3568 irrepsit,
983 3486 1001 3569 §
1019 3486 1059 3550 21
1081 3481 1219 3571 legitur:
1240 3484 1256 3551 l
1276 3486 1322 3558 tlt

146 3585 261 3658 ἈσΙοος
284 3584 437 3664 βασιλεὺς
459 3586 514 3651 οὐκ
536 3586 672 3663 ἀροτῶν
695 3595 760 3660 τοῖς
781 3586 972 3670 ὑπάρχουσιν
995 3590 1127 3668 ἀγαθοῖς
1147 3591 1228 3667 ἀλλ’Ι
1248 3583 1322 3657 til-rb

149 3690 208 3774 ζοιν
227 3690 280 3757 sel
303 3691 359 3764 τὴν
378 3690 525 3770 Εὐρώπην
547 3691 824 3758 δουλώσασθαι
848 3691 948 3762 ἔςειλε
969 3695 1161 3772 πεντήκοντα
1181 3693 1322 3778 μυριιῆυλ

148 3794 289 3878 ςροισιοὶν.
336 3792 404 3860 Νοιι
429 3792 489 3861 boe
508 3794 629 3861 Xerxes
646 3796 680 3862 in
700 3797 847 3863 animum
867 3797 1038 3866 induxerat
1061 3797 1107 3867 ὅτι
1131 3800 1322 3879 ἐδουλώσατο,

149 3901 205 3970 sed
223 3899 269 3969 iro
293 3899 495 3977 δουλῶσιτιιι,
520 3908 558 3966 ut
579 3899 661 3966 nibil
688 3902 730 3967 sit
761 3903 884 3970 certius
907 3924 1003 3990 quam
1031 3904 1238 3974 δουλῶοισλοιι
1267 3922 1322 3975 ont

148 4005 383 4095 reponendum.
427 4007 465 4074 ln
489 4005 599 4075 endem
623 4008 766 4075 oratione
788 4010 903 4076 vitium
924 4009 1010 4077 idem
1031 4017 1065 4077 et
1087 4010 1121 4077 in
1146 4011 1322 4102 Aristopba·

150 4114 202 4180 nis
224 4111 361 4200 quodam
380 4111 450 4180 loeo
470 4112 678 4179 commissum
706 4113 761 4180 ubi
785 4114 888 4183 obiter
919 4113 1131 4184 emendavero
1158 4124 1273 4204 sponte
1294 4114 1322 4185 σι’

149 4217 269 4285 Cnnriei
293 4217 473 4306 fragmenta
496 4226 650 4287 reverter.
697 4219 832 4307 Legitur
855 4225 873 4308 §
895 4226 937 4289 28
962 4221 1029 4299 ἐξὸν
1050 4223 1115 4304 γὰρ
1140 4225 1227 4305 edroi
1251 4222 1322 4308 xml

148 4347 199 4398 ους
228 4325 315 4391 ravel
347 4325 537 4407 διιοβιβοέσοιι
566 4325 651 4395 κοντοὶ
680 4327 715 4392 τὸ
746 4329 916 4397 ςενώτοιτον
942 4334 996 4398 τοῦ
1024 4327 1260 4403 Ἑλλησπόντου
1279 4331 1322 4407 rin
