2940 5010
1227 99 1247 135 ,4

1136 128 1205 224 tn..
1233 127 1348 216 ppon-

83 488 161 576 quid
184 490 228 557 sit
252 491 285 556 in
316 488 426 556 eodem
458 486 571 578 tdyttio
604 507 650 554 νε.
671 492 702 553 4.
734 483 756 552 ὦ
787 491 846 561 τοῖς
876 484 1029 567 obtenebres
1065 488 1199 569 ψυχᾶς,
1232 493 1265 553 et

84 629 130 676 νε.
144 615 174 677 7.
197 610 236 677 οὺ
258 611 283 677 δ’
307 609 457 693 ἑκοοςέροι,
480 607 501 675 ὦ
524 608 618 690 μέλ’,
642 610 800 687 οὲοοοιιιεῖς,
825 605 874 674 vel
894 610 933 674 τὺ
957 609 988 674 δὲ
1011 607 1190 690 personne
1214 603 1264 685 ἔρι’
1319 612 1324 671 t

81 728 239 813 οξοιῷκεις,
271 738 304 797 et
331 751 379 798 νε.
403 736 434 797 8.
466 732 554 797 τοῦθ’
579 730 593 795 ὃ
617 729 749 811 ποὶροιρος
771 735 870 805 τῆνος.
905 735 937 794 et
970 748 1017 794 vs.
1041 729 1093 794 15.
1126 725 1265 806 λέγομες
1320 684 1328 827 ¹

81 851 113 917 δὲ
136 853 283 933 προοιορῆο
303 849 427 928 πάντα,
452 858 485 917 et
509 870 554 918 νε.
571 854 625 917 nn.
656 848 695 916 ὧν
718 850 779 924 ἴδες
803 847 841 916 ὧν
865 850 968 924 εἴποις
992 873 1062 928 κιο,
1088 856 1120 914 et
1143 866 1191 914 νε.
1209 849 1264 912 77.
1326 830 1335 939 31

84 966 150 1054 οἶρε
176 972 212 1038 rd
235 974 333 1053 βᾶροοι
356 973 409 1039 aa}
436 974 468 1048 ἐς
490 972 584 1053 μέσον
613 971 793 1055 οἱοιόδρυοιτε
816 970 888 1052 θές,
923 977 955 1038 et
984 990 1031 1035 νε.
1055 974 1108 1038 30.
1141 977 1205 1049 operi
1228 968 1265 1045 δή
1331 944 1336 1055 ξ

82 1095 173 1170 ποκ’,
203 1090 352 1174 ἄπλοοι,
386 1102 419 1161 et
452 1114 499 1160 νε.
524 1098 577 1162 no.
613 1095 698 1161 ιιοιιιδι
733 1093 868 1171 οιοιίγοιοι
900 1091 993 1159 πάντ’
1027 1092 1058 1167 ἐς
1087 1090 1198 1174 ἀρείω,
1233 1095 1266 1155 et
1330 1112 1334 1167 ι

84 1231 129 1278 νε.
154 1218 207 1279 73.
237 1213 333 1296 ὄχλος
355 1214 488 1297 οὶθοιρέιος
512 1214 628 1281 ddebvd'
651 1211 750 1296 ὥσπερ
775 1211 848 1291 ὕες,
878 1219 911 1279 et
934 1231 980 1278 νε.
1000 1215 1053 1278 88.
1086 1211 1121 1277 ἐκ
1145 1212 1265 1276 verrin
1332 1224 1337 1273 ἰ

82 1356 117 1397 τε
141 1331 399 1401 πλοτειοέοδοισοι
423 1333 554 1401 ἕποιντο
566 1384 576 1414 ,
606 1340 639 1401 et
668 1354 714 1400 vs.
736 1338 809 1400 144.
841 1333 875 1399 r!
904 1342 1015 1415 χρῆμοι
1043 1330 1213 1414 σοφώτερον
1245 1329 1264 1406 ἢ

82 1453 210 1530 trinam
242 1473 325 1540 quae
348 1455 455 1521 omnia
479 1453 519 1521 de
549 1454 700 1521 bieiuekii
723 1462 755 1520 et
779 1452 929 1520 Abrensii
953 1452 1148 1519 coniecturis
1177 1469 1266 1537 repo·

82 1574 145 1640 sita
177 1582 234 1641 aut
257 1576 434 1642 sententiae
464 1575 677 1642 adversantur
707 1583 764 1640 aut
798 1575 917 1642 Graece
947 1573 1148 1660 loquentium
1179 1570 1265 1636 usui.

73 1693 190 1775 ¹Facile
216 1704 265 1762 est
297 1706 329 1763 et
358 1696 436 1764 haee
468 1705 500 1765 et
529 1696 592 1763 alia
624 1697 732 1762 omnia
767 1704 944 1782 utcumque
983 1693 1203 1782 interpretari,
1235 1691 1266 1758 si

82 1815 168 1903 quod
198 1816 284 1883 noles
319 1814 440 1903 tingere
471 1815 581 1884 licebit
614 1825 647 1883 et
677 1816 869 1883 Graecitatis
907 1815 1063 1882 rationem
1097 1821 1130 1880 et
1171 1831 1266 1878 usum

81 1944 307 2015 contemnere,
330 1937 404 2016 sed,
429 1946 466 2004 ut
485 1937 649 2005 lenissime
673 1937 801 2017 dioam,
823 1935 902 2024 quid
922 1934 1053 2024 prodest
1076 1934 1182 2001 locum
1205 1931 1265 1999 dii·

81 2053 249 2123 boiliorem
272 2057 319 2123 sio
343 2057 572 2145 interpretari,
601 2057 771 2123 utstatim
795 2064 947 2142 appareat
977 2053 1143 2121 meliorem
1168 2054 1265 2119 inter·

80 2177 294 2265 pretationem
324 2183 381 2244 aut
404 2176 660 2244 emendationem
696 2195 766 2243 esse
801 2174 1043 2262 quaerendam?
1090 2174 1170 2256 Quis
1202 2193 1266 2239 non

80 2316 174 2386 saepe
196 2296 277 2363 vidit
300 2297 583 2385 interpretationes
606 2295 781 2374 mirificas,
805 2315 943 2382 quorum
963 2294 1151 2362 auctoribus
1175 2314 1265 2381 prae·

82 2425 132 2485 ter
154 2437 266 2484 sanam
300 2426 440 2485 mentem
472 2427 503 2485 et
529 2419 645 2486 Graeoi
676 2417 834 2485 sermonis
867 2416 1054 2483 interiorem
1087 2413 1266 2501 intelligen-

81 2541 161 2606 tiam
193 2538 273 2606 nihil
299 2560 432 2628 prorsus
459 2538 586 2607 detuit?
633 2539 679 2621 Ne
712 2539 818 2605 dinam
849 2538 889 2605 de
917 2536 1068 2626 Aeschyli
1099 2536 1200 2616 loeis,
1231 2537 1266 2602 in

80 2660 199 2747 quibus
230 2660 283 2727 illo
313 2660 408 2728 modo
433 2660 685 2748 interpretandis
716 2659 812 2726 multi
847 2658 968 2726 iudicio
999 2678 1058 2725 suo
1090 2659 1156 2724 vim
1190 2655 1265 2724 ade·

78 2788 178 2861 runt,
201 2779 362 2868 pmieram
386 2800 488 2848 unum
512 2780 736 2869 Aristophanis
759 2781 884 2860 looum,
907 2781 964 2867 qui
985 2779 1106 2866 iegitur
1129 2779 1163 2844 in
1187 2776 1265 2844 Ves-

79 2902 131 2989 pis
154 2921 201 2967 νε.
224 2905 301 2968 312.

79 3031 253 3088 ΠΛΙΔΕΣ.
295 3023 329 3089 τί
350 3047 392 3103 με
414 3023 499 3102 δῆτ’,
523 3020 544 3089 ὦ
567 3023 671 3104 posttea
695 3030 811 3104 μῆτερ,
834 3019 976 3098 ἔτικτες,

295 3138 334 3209 ἵν’
355 3143 422 3224 ἐμοὶ
447 3141 629 3225 πράγματα
651 3142 777 3223 βόσκειν
800 3140 963 3224 ιιιιρέχρςς

80 3260 284 3343 Quaerebant
312 3261 434 3329 eruditi
457 3262 535 3350 quid
567 3269 652 3329 esset
684 3261 809 3341 βοσκειι
837 3259 1028 3343 πράγματα.
1074 3258 1193 3326 Eodem
1214 3258 1266 3327 die

78 3383 261 3468 reperietur
293 3382 371 3469 quid
406 3383 450 3448 sit
479 3383 511 3447 in
548 3380 714 3448 Strabonis
746 3380 815 3447 looo
845 3381 902 3463 ὄρει
932 3382 1090 3457 brorium.
1145 3380 1265 3468 Nempe

79 3499 134 3566 illa
157 3501 275 3579 rerba,
307 3509 343 3566 ut
366 3510 516 3568 accurate
540 3501 764 3578 ostendimus,
798 3504 843 3568 ita
869 3510 946 3568 sunt
978 3500 1265 3568 constituendam

78 3620 172 3707 pueri
194 3619 344 3689 flebiliter
365 3631 563 3709 querantur:

260 3741 294 3807 rt
314 3767 355 3823 με
379 3743 465 3823 δῆτ’,
488 3740 510 3810 ὦ
533 3743 635 3826 penda
658 3750 780 3825 μῆτερ,
806 3743 948 3822 ἔτικτεςς

79 3881 161 3949 quae
183 3860 351 3949 Euripidis
382 3864 477 3930 verba
502 3872 579 3930 sunt
601 3862 799 3952 lepidissime
821 3883 841 3930 a
863 3863 991 3930 Gomieo
1021 3863 1055 3928 in
1078 3881 1171 3928 suam
1194 3880 1264 3928 rem

78 4002 251 4062 conversa,
275 3991 313 4048 ut
335 3989 444 4069 patres
467 3980 697 4070 responderent
721 3984 971 4050 subsannantes:
1099 4021 1111 4064 ς

259 4102 296 4172 ἵν’
320 4104 407 4184 ἐμοὶ
431 4103 613 4188 πράγματα
635 4105 762 4184 βόσκειν
785 4105 936 4189 ποιρέχρς.

80 4223 287 4294 Ostendimus
320 4225 442 4291 idoneis
475 4225 629 4314 exemplis
663 4224 845 4307 πράγματα
868 4223 998 4306 παρέχω
1033 4221 1116 4311 apud
1138 4225 1264 4292 Atticos

79 4368 154 4417 oum
179 4348 337 4415 infinitivo
371 4347 547 4435 coniungi,
581 4356 618 4415 ut.
642 4347 737 4416 rerba
760 4347 880 4414 Comini
911 4354 977 4413 tam
1007 4346 1175 4434 perspicua
1199 4347 1265 4412 sint
