2940 5010
713 281 778 343 699

152 457 284 536 Θέογνις
305 452 385 539 ἔφη·
418 455 552 519 Ἑσάλιῖιν
584 452 640 531 μὲν
671 452 735 533 γάρ
766 450 824 516 ἅτ’
847 452 944 517 ἐσθλά
975 450 1112 530 διδάξεαι
1136 455 1200 518 xri.
1234 473 1338 540 neque

152 562 242 629 enim
265 560 324 641 μέν
344 578 406 626 cur
426 557 570 624 additum
586 560 630 624 sit
651 566 801 643 apparet,
829 565 861 621 et
881 557 942 640 ἔφη
966 558 1069 643 inquit
1091 557 1278 643 significans
1300 559 1339 625 ad

153 664 320 735 Socratem
354 683 416 730 non
449 662 489 728 ad
523 662 739 749 Tlreoguidem
772 660 885 728 relerri
918 661 1023 730 debet.
1071 662 1237 731 Excidisse
1261 685 1339 731 non·

153 770 244 839 nulla
264 768 426 835 ridentur.

200 876 237 943 ln
263 877 282 960 §
307 879 339 941 6.
365 874 379 939 ὃ
403 874 435 939 δι’
458 899 506 947 τις
532 870 662 961 (εἶπεν),
695 877 734 948 ὠς
763 875 846 939 οὐδὲ
875 872 1016 939 διδακτὸν
1045 878 1135 940 τοῦτο
1163 876 1227 952 εἴη,
1260 877 1338 962 quid

154 980 214 1049 sibi
236 980 307 1047 vult
330 980 418 1058 οὐδέ,
448 980 481 1044 in
506 978 612 1044 verbis
635 978 700 1044 οὐδὲ
724 978 884 1044 διδακτόν.9
917 977 1145 1063 [teponendum
1168 991 1216 1046 est
1238 986 1271 1048 οὐ
1298 985 1337 1049 δι-

151 1086 278 1155 δοιιιτάν.
310 1083 485 1154 Ostendam
505 1104 577 1148 mox
597 1102 693 1168 quam
714 1104 807 1171 saepe
826 1088 859 1150 οὐ
872 1122 914 1133 -
927 1083 994 1149 οὐδὲ
1007 1121 1049 1133 -
1062 1087 1144 1151 οὐδέν
1165 1087 1250 1153 iuter
1271 1106 1339 1155 sese

151 1191 335 1261 scribarum
358 1190 554 1275 negligentia
580 1186 698 1254 luerint
722 1197 915 1276 permutata.

196 1296 234 1364 ln
260 1300 279 1382 ς
302 1302 324 1363 9
345 1294 467 1362 laboral
495 1294 654 1360 sententia
684 1295 717 1359 in
745 1294 865 1360 verbis:
898 1298 1103 1374 ηγννιιιιιείιι
1131 1298 1225 1379 Φύσις
1256 1301 1338 1366 οὐδὲν

150 1404 263 1486 χείρων
285 1411 342 1478 τῆς
362 1406 416 1467 τοῦ
440 1401 545 1481 άνδρδς
568 1397 644 1465 οὗτοι
664 1400 839 1482 τυγχάνει,
864 1401 989 1480 γνώμης
1008 1402 1039 1466 δὲ
1061 1400 1113 1467 καὶ
1133 1404 1242 1485 ἷσχύος
1267 1405 1337 1471 δεῖ·

150 1532 228 1576 τινι.
275 1505 418 1572 Nimium
448 1514 496 1571 est
525 1507 642 1571 δεῖταιε
675 1526 737 1571 uon
769 1506 855 1572 enim
888 1506 1036 1572 foeminis
1059 1508 1155 1572 robur
1186 1517 1218 1573 et
1242 1514 1337 1576 coresi-

150 1612 231 1679 lium
253 1612 356 1689 deest,
381 1611 437 1677 sed
458 1632 518 1675 non
538 1613 614 1677 ιοιιί
633 1610 759 1677 consilii
784 1619 815 1677 et
841 1611 965 1678 roboris
990 1612 1022 1677 iu
1048 1612 1198 1680 muliebri
1221 1636 1338 1701 genere

149 1720 259 1785 inesse
281 1726 352 1784 erat
377 1716 561 1783 dicendum.
611 1716 722 1800 ltaque
747 1714 984 1781 emendandum
1009 1723 1057 1781 est
1081 1718 1207 1797 γνώμης
1231 1722 1338 1787 δὲκαὶ

149 1822 262 1905 ἰσχύος
296 1823 545 1903 προσδεῖται.
602 1819 655 1884 Sic
691 1821 777 1885 euim
808 1820 962 1886 differunt
993 1820 1078 1885 inter
1108 1841 1142 1888 se
1165 1823 1272 1904 δέομαι
1307 1837 1339 1894 et

147 1928 337 2012 προσδέομαι
361 1926 431 2016 (pro
450 1945 514 2013 quo
536 1945 778 2011 nonnumquam
803 1926 943 2007 ἕνδέομαι
965 1926 1153 2014 usurpant),
1179 1936 1214 1994 ut
1239 1930 1267 1994 is
1289 1934 1339 1997 cui

149 2034 229 2123 qnid
246 2032 343 2121 plone
365 2031 445 2097 desit
466 2032 584 2098 δεῖσθαι
610 2055 689 2104 τινος
717 2031 859 2110 dicatur,
891 2031 947 2097 sed
978 2032 1028 2096 eui
1055 2052 1116 2095 ιιοιι
1142 2034 1182 2097 sil
1204 2034 1338 2102 alicuius

148 2140 199 2207 σοι’
233 2139 310 2204 rotis
343 2139 537 2221 xpeeleison
562 2145 591 2203 et
616 2138 775 2202 ἐνδεῖσθαι.
830 2136 1020 2202 Rectissime
1050 2137 1151 2221 igitur
1181 2137 1338 2209 foeminae

145 2243 506 2333 proplerinfirmitntem
528 2241 651 2307 consilii
671 2241 720 2331 (ut
738 2241 882 2326 loquitur
904 2242 1014 2306 Cicero
1035 2261 1091 2328 pro
1114 2243 1248 2310 Murena
1268 2266 1335 2334 cap.

151 2348 292 2437 Xll.27)
314 2350 439 2429 γνώμης
461 2348 724 2429 προσδεῖσθαι
749 2346 812 2412 dici
834 2355 982 2432 possunl,
1006 2348 1120 2414 δεῖσθαι
1133 2350 1258 2429 γνώμης
1272 2372 1333 2419 tlon

148 2456 248 2533 ilem,
272 2454 335 2520 nisi
356 2455 382 2519 si
406 2474 469 2540 qua
490 2451 616 2519 consilii
638 2451 731 2538 plane
751 2474 862 2539 cepere
883 2472 951 2518 esse
971 2453 1109 2519 dicatur.
1158 2454 1336 2525 Senserunt

147 2560 211 2627 loci
236 2560 352 2626 vitium
378 2560 592 2645 lulerpretes‚
624 2558 678 2624 sed
701 2576 848 2644 perversa
871 2556 1041 2625 verborum
1070 2560 1335 2647 interpretatione

147 2684 247 2751 quam
267 2666 466 2731 correctione
485 2662 707 2729 difficultatem
732 2683 895 2729 remouere
915 2663 1110 2733 maluerunt.
1157 2667 1258 2735 Nemo
1277 2673 1335 2737 mi·

147 2771 278 2839 rabitur
307 2768 380 2851 τρδς
412 2769 584 2847 excidisse,
619 2767 704 2854 quod
736 2769 855 2855 passim
888 2768 956 2836 lieri
989 2769 1090 2838 solere
1124 2782 1235 2840 notum
1267 2787 1333 2856 est,

146 2876 244 2943 cuius
267 2876 315 2942 rei
336 2882 370 2941 et
391 2894 521 2939 causam
546 2874 657 2960 aperui
679 2875 712 2939 in
738 2875 843 2960 priore
866 2882 955 2959 parte
973 2883 1004 2940 et
1025 2878 1169 2965 exempla
1190 2880 1332 2969 complu·

146 3000 184 3049 ra
206 2980 321 3059 attuli,
348 2979 467 3066 quibus
498 2998 585 3044 ntrnc
612 2978 674 3045 alia
701 2978 859 3065 quaedam
889 2981 975 3045 iurat
1009 2980 1135 3048 addere.
1183 2985 1272 3065 Quod
1298 2988 1331 3053 iu

145 3085 314 3174 Euripidis
343 3084 503 3152 Alcestidc
535 3104 580 3149 rs.
610 3090 675 3151 405
706 3083 839 3149 allertur
870 3104 887 3150 c
919 3084 1104 3151 Florentino
1133 3088 1168 3153 Α.
1199 3099 1331 3157 στιτνῶν

146 3212 207 3281 pro
230 3192 438 3275 προσπίτνων,
463 3198 578 3256 nalum
599 3199 648 3256 est
671 3215 690 3256 ο
712 3209 729 3255 e
753 3188 940 3275 cotrtpcudio
965 3210 1071 3277 praep.
1095 3194 1167 3273 τράς
1197 3215 1259 3261 ενοι]
1280 3199 1330 3263 in.

145 3297 284 3367 tellecto.
332 3296 393 3364 Sed
421 3316 438 3363 e
469 3294 536 3361 solo
565 3294 776 3363 llemostlreue
806 3293 957 3360 nonnulla
989 3314 1184 3381 expromam.
1231 3302 1330 3369 Periit

144 3404 221 3489 τράς
247 3407 362 3490 pilli,
387 3407 424 3479 l,
449 3405 643 3486 eip635,
670 3409 706 3466 tt
744 3401 796 3466 ulii
823 3400 947 3482 γράψαι
980 3400 1011 3464 in
1039 3403 1170 3488 optimis
1201 3415 1249 3472 est
1274 3429 1331 3495 pro

144 3509 365 3591 προσγράψαι,
389 3515 421 3573 et
442 3527 470 3592 p.
486 3510 569 3580 75²2,
592 3511 612 3571 6
639 3507 690 3570 nui
713 3507 843 3587 γράψας
869 3505 963 3571 lralret
989 3505 1019 3570 S.
1035 3526 1092 3592 pro
1112 3512 1330 3595 προσγράψας.

146 3611 297 3683 Ridicule
317 3611 396 3678 adeo
420 3632 450 3699 p.
478 3615 582 3685 1066,
607 3615 637 3674 9.
660 3614 796 3678 ταλτίον
820 3620 869 3678 est
893 3612 926 3675 in
961 3610 1051 3677 libris
1081 3634 1138 3699 pro
1166 3628 1331 3697 Προσπαλ.

145 3721 224 3789 riou.
272 3715 519 3784 llestitueudum
545 3725 594 3782 est
615 3717 687 3798 σρές
713 3738 742 3803 p.
766 3721 850 3789 675,
879 3720 935 3781 te:
967 3718 1101 3797 διήγαγε
1125 3721 1223 3810 (πρὸς)
1249 3729 1332 3804 ἡμᾶς

142 3831 307 3905 πολεμῶν,
331 3831 364 3890 el
388 3844 417 3909 p.
431 3827 512 3900 977,
537 3827 596 3887 25:
621 3825 673 3888 σιὀιι
697 3819 774 3887 εἶναι
797 3821 895 3912 (πρὸς)
921 3822 1003 3896 δίκην
1024 3830 1219 3902 μεταλλικὴν
1243 3854 1333 3909 τροσ·

142 3930 313 4015 Φευκτέον,
352 3937 384 3996 et
423 3949 453 4016 p.
482 3934 584 4005 1052,
615 3932 678 3993 ⁶36:
709 3927 770 3992 οὐδ’
801 3928 1063 4004 άτολογάτοοσάοιί
1090 3954 1142 4010 μοι
1174 3930 1332 4010 ἐξεγένετο

139 4038 212 4105 οὐδὲ
244 4035 343 4125 (τρδς)
367 4037 519 4104 τολλοτὸν
542 4035 630 4115 μέρος
662 4032 699 4098 ὧν
723 4033 949 4114 κατεψεύδοντο
974 4036 1066 4112 ἡμῶν.
1114 4034 1266 4121 Elapsum
1291 4057 1331 4105 ex

140 4140 297 4210 omnihus
315 4139 407 4206 lilrris
431 4149 463 4205 et
485 4138 614 4205 uliuude
638 4146 814 4204 retractum
838 4137 959 4203 ridebis
981 4146 1014 4203 el
1032 4159 1062 4224 p.
1089 4143 1193 4217 1402,
1217 4146 1248 4207 9.

189 4244 371 4314 Subdultiio
400 4246 431 4310 iu
466 4244 578 4332 Symp.
609 4244 648 4311 ll.
679 4250 720 4310 10
750 4244 781 4307 in
813 4242 919 4309 verliis
946 4245 1134 4323 βουλόμενος
1166 4247 1329 4328 άνάρώτοις

135 4354 277 4439 χρῆσθαι
302 4352 354 4417 καὶ
378 4352 511 4431 ὁμιλεῖν,
536 4370 575 4415 au
598 4351 664 4438 ipse
682 4349 855 4436 Xenophon
876 4349 938 4414 dun
963 4350 1136 4417 novissima
1159 4351 1254 4418 verba
1276 4355 1330 4421 ad·
