2940 5010
706 272 772 336 486

143 469 165 514 e
193 440 310 512 eastris
340 467 376 516 se
405 445 649 532 surripuissent.
705 442 828 512 vitiose
862 452 970 512 autem
1004 444 1129 513 dietum
1161 454 1215 517 eat
1243 453 1333 536 παρ’

147 556 248 633 ἡμῶν
280 551 487 636 exossatum:
524 548 657 617 Veteres
683 547 853 618 dicebant:
883 552 911 618 oi
942 552 1042 632 ἡμᾶς
1070 553 1287 639 αποδρανπις,
1317 558 1333 624 t

145 669 222 736 παῖς
245 666 282 744 μ’
304 661 445 743 ἀπέδρα,
468 655 739 739 ἀποδιδράσκουσιν
767 656 862 724 αὖσδν
884 658 911 723 oi
942 656 1083 740 otnero,
1108 667 1143 727 et
1170 660 1249 731 eim.
1296 660 1333 729 ln

145 773 241 855 §hii
272 768 349 849 βίαν
372 775 484 849 χρῆναι
516 762 657 846 πάσχειν
680 759 774 828 αὐτόν
798 770 988 848 corruptum
1014 782 1086 832 esse
1117 763 1235 847 video,
1256 785 1333 836 nm

138 875 221 959 ,quis
244 893 364 962 quaeso
385 871 462 954 βίαν
485 868 603 951 παοχο
627 865 786 935 Graecum
805 866 917 935 eredat
937 867 1028 935 esset
1052 867 1109 937 md
1125 869 1207 957 quid
1224 890 1333 941 emen·

143 977 288 1047 dandum
322 979 366 1046 sit
399 996 461 1043 non
491 972 592 1040 video.
640 972 678 1040 ln
708 976 801 1059 534.
833 972 898 1052 ἐγὼ
923 973 992 1056 περὶ
1016 975 1101 1055 ὑμῶν
1122 975 1209 1043 ἰνίον
1228 978 1336 1057 ἤκουον

143 1086 183 1158 ὥς
205 1086 243 1152 πδ
265 1083 428 1167 ςραπενμα
458 1078 643 1162 ιδφίσασε
677 1079 742 1146 aee
771 1079 1042 1160 Λακεδαιμονίαν,
1064 1099 1142 1148 uera
1161 1080 1262 1150 teatio
1285 1091 1337 1153 eet

143 1191 319 1273 οὶφίςαιπε,
343 1207 418 1255 nam
441 1187 489 1252 sio
512 1193 545 1251 et
563 1183 640 1250 atihi
663 1185 784 1271 passim
805 1183 927 1251 videbis
946 1183 1192 1272 Xenophontem
1215 1187 1252 1255 in
1275 1188 1335 1257 tali

144 1315 180 1362 re
203 1295 344 1362 seribere
367 1291 486 1369 sotere,
520 1298 554 1356 et
577 1308 710 1377 prorsus
741 1290 945 1357 necessarius
973 1299 1025 1358 est
1051 1293 1240 1379 optativus.
1278 1294 1336 1364 uhi

40 1449 46 1464 .
144 1402 218 1488 quis
240 1421 280 1468 ex
307 1400 412 1467 aliena
443 1412 579 1486 persona
601 1413 640 1461 ea
662 1393 780 1472 refert,
803 1414 886 1483 quae
906 1394 968 1462 sihi
996 1394 1081 1483 [otoo
1104 1395 1212 1467 videri
1232 1399 1337 1489 signi·

146 1506 231 1572 tieat.
277 1502 432 1572 Cleander
463 1519 565 1590 quum
595 1498 676 1567 dioit
702 1501 807 1579 ἤκουον
839 1503 880 1576 de
909 1501 947 1570 πο
976 1501 1142 1584 eodemne
1174 1504 1336 1588 aotam

143 1611 249 1698 palam
272 1609 351 1677 iacit
371 1628 408 1676 se
430 1608 503 1674 istis
526 1607 591 1672 iam
618 1604 714 1672 fidem
738 1604 860 1672 nuttam
884 1604 1012 1674 habene.

187 1717 225 1783 ln
254 1716 345 1798 §sa
381 1712 481 1792 ἔδοξεν
501 1715 608 1787 αὐτοῖς
630 1711 810 1792 τοῦμπαλιν
833 1710 1072 1794 ὑποςρὲψανσας
1090 1713 1191 1781 ἐλθεῖν
1214 1721 1249 1783 et
1272 1714 1336 1784 hoe

142 1821 212 1888 loeo
241 1825 284 1897 etc
308 1821 488 1902 τοῦμπαλιν
516 1816 736 1904 reponendum
764 1836 835 1884 esse
857 1835 973 1884 censeo
996 1826 1029 1884 ot
1051 1816 1124 1885 aliie
1157 1819 1337 1909 eompluri·

142 1926 205 1994 hus
225 1926 311 2014 apud
335 1924 577 2013 Xenophontem
601 1923 691 1990 loeis.

189 2033 226 2100 ln
255 2032 336 2099 libro
358 2031 426 2098 Vll.
450 2049 519 2117 cap.
541 2029 565 2095 i.
591 2034 621 2095 4.
659 2033 796 2112 Ξενοφῶν
821 2028 853 2094 δὲ
876 2025 961 2095 εἶπεν
991 2031 1077 2112 αιἰπιῖι
1108 2025 1156 2097 ὄπι
1177 2032 1336 2101 irmb-

142 2136 223 2215 ξατο
246 2138 302 2214 ἤδη
333 2138 398 2204 ἀπὸ
427 2144 485 2211 πῆς
508 2139 659 2217 sparteis,
690 2131 918 2200 admonuimus
952 2134 1018 2201 iam
1049 2142 1146 2203 antea
1178 2139 1335 2206 ἆπαλλα·

142 2243 215 2321 keten
240 2241 460 2331 reponendum
489 2260 560 2308 esse
580 2236 705 2318 videri,
728 2257 792 2326 qno
814 2239 953 2326 reposito
978 2241 1174 2328 praepositio
1195 2243 1266 2311 set
1284 2243 1334 2311 iu·-

144 2346 291 2416 duoenda
314 2349 387 2414 erit.

201 2451 293 2534 Quod
327 2453 361 2519 in
392 2456 465 2539 9¹6.
501 2448 650 2518 meliores
685 2447 760 2515 iibri
795 2448 919 2515 addunt
952 2451 1121 2536 ἀσφαλές,
1155 2450 1333 2524 deteriores

144 2559 321 2636 omittunt,
344 2557 467 2624 iactum
491 2566 539 2622 est
565 2558 613 2645 (ut
637 2573 880 2641 nonnumquam
904 2554 1018 2643 alias),
1043 2564 1081 2623 ut
1108 2555 1271 2626 emblema
1298 2560 1331 2627 in

144 2661 227 2728 solos
248 2663 397 2729 meliores
423 2662 602 2747 irrepserit.
650 2660 816 2743 ’λσφαλές
839 2661 873 2724 in
897 2662 1045 2746 margine
1072 2669 1266 2732 annotatum
1285 2672 1331 2733 eet

144 2765 337 2853 abaliquo,
363 2767 571 2833 euieautum
600 2764 819 2853 Xenophontis
850 2784 1039 2853 responsum
1068 2766 1227 2854 piaoehat.
1275 2770 1331 2839 Ni·

144 2871 190 2939 hii
223 2881 292 2940 enat
326 2869 466 2938 Seuthae
495 2891 514 2936 a
541 2871 672 2938 Graecis
702 2868 931 2948 metuendum,
964 2891 1045 2960 quos
1074 2871 1179 2941 muita
1209 2873 1331 2962 poitioi·

145 2976 243 3045 tando
272 2979 306 3043 in
333 2978 522 3044 interiorem
553 2975 725 3044 Thraciam
749 2995 859 3042 seeum
894 2975 1054 3045 abducere
1084 2978 1222 3047 uolebat.
1269 2981 1340 3049 lta·

140 3103 208 3171 que
238 3087 277 3158 ὥς
303 3083 342 3151 ἂν
364 3085 450 3166 αὐτῷ
480 3085 552 3173 δοκῇ
576 3083 744 3166 συμφέρειν
767 3080 876 3148 dicere
900 3083 1076 3167 Xenophon
1107 3092 1252 3172 poterat,
1276 3083 1345 3153 setl

145 3191 303 3276 optimum
327 3189 418 3255 diotu
441 3198 512 3256 erat
535 3191 574 3263 ὡς
594 3189 634 3254 ἂν
656 3189 740 3270 αὐτῷ
764 3188 846 3270 δοκῇ.
893 3187 930 3252 in
962 3190 1028 3272 §a
1052 3192 1086 3256 οὐ
1109 3191 1200 3273 παχὺ
1229 3188 1379 3274 oet,-

144 3319 208 3361 πει
232 3296 267 3361 σδ
291 3293 476 3377 ςρσὶσευμα,
508 3293 660 3360 Doricum
690 3292 823 3360 verbum
848 3301 898 3359 est
924 3291 1022 3375 ἕρποι,
1053 3295 1210 3378 ὀφέρπιι,
1240 3320 1379 3381 προσ·-

144 3401 243 3481 toxo,
272 3398 405 3481 ἐξέρποι,
436 3420 494 3486 pro
522 3398 654 3482 ἔρχομαι
687 3406 744 3464 aut
771 3398 913 3481 βαδίζω,
947 3398 1129 3483 ἀπέρχομαι
1158 3406 1222 3469 eto.
1271 3401 1379 3490 igi-

143 3513 201 3572 tur
230 3507 300 3590 ipsa
331 3503 477 3570 Cleandri
511 3503 608 3571 verba
635 3522 781 3570 servasse
813 3502 989 3589 Xenophon
1019 3503 1160 3573 videtur.
1208 3505 1379 3576 vitios-

143 3609 316 3678 admodum
341 3608 541 3698 Hesychius:
575 3607 858 3691 Ἐξερπεπεῒνι
881 3606 995 3686 ἐξεῖναι
1017 3629 1077 3697 pro
1099 3610 1163 3689 Ἐξ
1172 3611 1317 3694 ἕρπειν

142 3716 266 3795 ἐξιέναι.
312 3712 389 3793 1n§
414 3720 466 3782 10.
498 3715 560 3793 ἐγώ
584 3739 628 3781 σοι
655 3713 859 3794 συμβουλεύω
886 3713 1019 3792 ἐξελθεῖν
1039 3717 1097 3796 μὲν
1123 3719 1163 3793 ὥς
1187 3718 1379 3799 sapaudi*

143 3847 233 3904 μενον
264 3819 449 3909 recipienda
479 3827 528 3887 est
556 3818 733 3906 Hirsohigii
765 3819 923 3885 eorrectio
956 3824 995 3895 ὡς
1024 3823 1313 3905 σομπορεοσομενον
1372 3882 1379 3889 .

143 3929 229 3996 etin
252 3930 343 4010 511.
367 3925 420 3992 ιιαδ
444 3935 658 4009 προσανειπεῖν
681 3924 811 3990 divisim
835 3924 1043 3994 scribendum
1063 3927 1117 3994 καὶ
1148 3929 1224 4012 πρὸς
1250 3932 1379 3998 duee*

143 4044 235 4112 πεῖν,
258 4033 438 4100 sexcenties
462 4034 494 4099 in
518 4031 639 4099 talibus
661 4038 825 4118 peooatun.

188 4139 225 4206 In
258 4143 352 4227 514.
383 4145 442 4205 σῶν
472 4143 622 4220 λοχαγῶν
656 4160 705 4211 τις
738 4136 985 4217 διαγγέλλει
1017 4138 1062 4213 εἰς
1084 4138 1121 4207 σδ
1142 4136 1366 4223 optineam,

142 4247 264 4314 mirum
297 4245 331 4310 ni
355 4242 532 4331 Xenophon
563 4241 754 4322 ἐξαγγέλλει
778 4241 925 4321 dederit,
958 4251 995 4309 ut
1023 4242 1103 4312 solet
1132 4242 1173 4312 de
1206 4245 1249 4312 iis
1280 4266 1362 4315 rea

141 4348 223 4427 bus‚·
246 4369 328 4438 quae
351 4348 546 4435 eootpootor.
584 4347 716 4431 Quoties
738 4349 765 4414 δι
785 4356 818 4414 et
840 4346 876 4426 εξ
898 4346 1101 4417 ostendimus
1124 4346 1351 4438 permutari?
