2940 5010
707 283 770 344 575

187 447 429 542 ltaque-iudex
456 455 511 539 qui
535 453 758 520 misericordia
788 461 896 520 motus
921 474 1012 521 reum
1041 454 1247 523 triunitcstnm
1279 458 1333 523 ab·

138 561 239 629 seivit
259 569 422 628 κατελεεῑν
439 559 577 637 dicitur,
602 559 699 646 idque
721 560 941 647 reponendum
961 569 1009 627 est
1028 562 1059 627 in
1080 563 1225 629 oratione
1246 567 1333 630 ιιιιτά

138 668 281 750 Νεαίρας
305 688 336 755 p.
351 671 457 744 1575,
480 670 511 732 6.
536 664 592 731 ubi
614 666 699 733 male
722 665 831 732 editur
851 664 924 746 άμα
946 668 1004 747 μὲν
1027 669 1095 734 καὶ
1121 669 1332 746 ἐλεήσασα

138 774 237 843 αὐτόν
261 776 279 850 ri
302 774 334 838 ἒν
358 771 464 855 Ἀρείῳ
487 770 583 853 πάγῳ
605 773 706 851 βουλή
728 791 786 858 pru
811 768 883 851 άμα
903 774 960 852 μὲν
986 776 1285 849 κατελεήσασα.

186 878 282 947 Κανά
305 876 416 945 eadem
449 878 578 943 notione
604 878 809 964 componitur
830 897 904 943 cnm
937 877 1044 945 verbis
1065 880 1257 958 βλακεύειν,
1280 886 1332 965 ρ’μ-

139 988 270 1067 θυμεῖν,
292 986 433 1059 δειλιάν,
458 983 647 1064 δωροδοκεῖν,
672 983 862 1064 προδιδόναι,
885 984 968 1050 aliis.
1017 984 1101 1050 Hinc
1128 982 1259 1052 demum
1285 988 1332 1052 in·

139 1091 302 1178 tetiigitur
326 1089 404 1176 quid
430 1089 474 1154 sit
497 1090 765 1170 κατακερδοιόνειν,
800 1109 913 1177 nempe
933 1093 959 1155 ct
979 1088 1129 1172 άρχοντει
1153 1092 1200 1156 sic
1220 1090 1332 1156 diorm-

141 1206 201 1265 tm·
221 1195 495 1277 κατακερδαόνειν,
519 1193 575 1258 ubi
597 1194 691 1261 ruatis
709 1192 837 1260 artibus
867 1215 935 1260 rem
966 1215 1057 1261 susm
1080 1205 1200 1281 augent
1218 1197 1331 1284 spotia·

139 1304 187 1371 tis
221 1303 285 1378 iis,
320 1302 352 1367 in
382 1320 463 1388 quos
495 1300 669 1385 imperium
694 1302 736 1366 iis
763 1308 820 1366 aut
847 1308 989 1386 potestas
1016 1321 1035 1367 a
1062 1301 1148 1386 ltege
1174 1300 1249 1368 data
1277 1304 1331 1368 sit.

140 1408 337 1477 Rectissime
358 1408 459 1492 igitur
483 1405 659 1494 Xenophon
683 1405 785 1471 dixit:
809 1403 859 1478 οὓς
883 1404 922 1471 άν
942 1403 1011 1489 cipp
1032 1410 1048 1483 ἢ
1071 1412 1332 1486 καταμελοῦντας

140 1513 507 1595 ἣκατακερδαόνονται,
535 1520 569 1577 et
592 1531 697 1597 neque
720 1511 780 1577 hoc
813 1509 945 1576 verbum
977 1531 1081 1597 neque
1110 1512 1187 1580 iuuet
1218 1515 1334 1599 geniti·

141 1638 219 1687 vum
243 1626 302 1685 τῶν
325 1616 526 1700 φρουράρχων
550 1617 725 1683 admittere
749 1617 957 1703 perspicuum
983 1627 1041 1683 cst.

188 1723 227 1791 Iu
255 1727 274 1811 §
301 1729 333 1790 8.
366 1722 479 1797 ότόσκν
509 1724 566 1804 μὲν
597 1732 654 1799 τῆς
683 1723 788 1804 χώρας
823 1723 989 1789 διελαύνων
1025 1725 1122 1808 ἐφορᾷ
1157 1727 1253 1801 αὐτὸς
1280 1727 1332 1792 καὶ

139 1830 302 1913 δοκιμάζει
328 1829 377 1895 bis
402 1830 561 1916 scriptum
585 1828 777 1894 vocabulum
801 1828 926 1894 scribae
952 1829 1050 1895 semel
1072 1828 1334 1918 descripserunt:

140 1938 214 2025 iege
236 1938 334 2022 ἐφορᾷ
362 1936 457 2009 αὐτὸς
483 1934 603 2025 (αὐτὸς)
627 1936 679 2001 καὶ
703 1935 872 2016 δοκιμάζει.

185 2044 226 2111 tn
251 2044 270 2129 §
295 2048 345 2108 lb.
370 2041 442 2114 τοὺς
465 2041 592 2123 πολέμῳ
615 2041 753 2119 άγαόοὺς
776 2039 950 2119 γεγονότας
975 2040 1202 2127 corrigendum
1225 2050 1334 2109 estex

140 2149 306 2217 eonstunti
328 2147 525 2215 Graecorum
547 2167 608 2213 usu
634 2146 690 2237 (ἐν)
716 2146 852 2229 πολέμῳ.
888 2147 964 2211 Post
982 2166 1083 2233 pauca
1106 2146 1242 2226 λέγοντα
1266 2157 1333 2214 tam

141 2254 261 2323 inutile
289 2263 394 2321 estet
420 2254 676 2331 inconcinnum,
705 2261 742 2319 ut
763 2254 911 2340 spurium
938 2273 1008 2320 esse
1036 2253 1184 2319 videntur
1208 2256 1241 2319 in
1262 2275 1332 2322 rer·

141 2359 193 2427 bis
214 2360 380 2448 [λέγοντα]
408 2356 455 2426 ότι
478 2360 539 2426 οὐδ’
563 2358 603 2426 ier
625 2362 651 2427 oi
678 2358 808 2439 άλκιμοι
833 2360 971 2427 δύναιντο
996 2360 1060 2443 ζῆν.

195 2465 366 2535 Μλιιίῐθεῑο
393 2464 624 2552 interpolatum
650 2475 699 2531 est
729 2464 790 2547 ἔφη
826 2466 860 2531 iu
890 2469 908 2551 §
934 2469 986 2531 16.
1018 2466 1266 2549 κατασκευάζειν
1297 2492 1333 2532 τε

143 2572 210 2653 γάρ
230 2570 335 2655 άριςος
356 2568 434 2638 εἶναι
461 2570 551 2660 [ἔφη]
578 2573 683 2654 χάραν
711 2573 763 2638 καὶ
788 2575 917 2654 οόρήγειν
938 2578 1001 2647 τοῖς
1021 2573 1332 2652 κατεσκευασμένοις.

142 2676 273 2745 Videbit
297 2677 519 2763 unusquisque
540 2676 580 2741 ab
603 2679 701 2743 εἰπεῖν
723 2678 777 2744 ilia
798 2678 948 2766 pendere.

187 2782 293 2867 Quam
322 2802 417 2869 saepe
446 2783 479 2847 in
511 2782 629 2849 talibus
657 2782 747 2850 scioli
776 2784 909 2850 turbare
934 2783 1057 2849 soleant
1081 2791 1112 2849 et
1142 2782 1333 2849 indirectam

142 2890 322 2957 orationem
353 2888 524 2955 inutilibus
559 2898 592 2955 et
622 2892 800 2978 penineptis
829 2890 942 2956 inicris
971 2886 1166 2977 interpolare
1194 2890 1334 2975 exquisi-

144 2996 282 3065 tissimis
312 2994 468 3083 exemptis
500 2994 734 3062 demonstravit
768 2996 887 3062 Bakius
922 2996 962 3062 ad
994 2995 1158 3061 Ciceronis
1186 2995 1334 3060 Brutum.

143 3102 240 3171 luvet
261 3100 314 3169 bis
332 3121 434 3168 unum
459 3120 498 3167 ex
519 3102 672 3169 Cicerone
700 3102 826 3169 addere.
876 3102 911 3167 ln
931 3101 1036 3188 prima
1054 3100 1181 3166 notione
1203 3101 1236 3166 in
1260 3100 1336 3167 Ver·

143 3228 214 3277 rem
236 3207 320 3275 xlv.
345 3212 399 3273 tr.
421 3205 551 3275 editur:
575 3207 656 3273 mibi
677 3210 760 3274 uenit
781 3211 815 3274 in
835 3217 970 3274 mentem
987 3208 1090 3273 dicere
1112 3243 1158 3258 -
1179 3228 1229 3271 me
1251 3205 1334 3272 arbi·

142 3314 226 3381 trari
258 3316 328 3400 sore
357 3314 404 3379 uti
434 3312 573 3379 nationes
606 3326 731 3381 exterae
763 3314 880 3401 deputor
906 3313 948 3378 ad
975 3312 1126 3401 poputum
1159 3310 1335 3377 Bouianum

143 3420 324 3497 mitterent,
346 3428 382 3484 ut
405 3418 459 3485 teu
479 3418 518 3485 de
537 3420 678 3505 pecuniis
708 3420 888 3508 repetundis
917 3418 1131 3505 iudiciumque
1154 3418 1334 3492 tolleretur,-

144 3526 280 3595 νόοννόον
302 3525 420 3591 iudicia
441 3524 532 3589 nulla
556 3526 619 3590 siat
644 3536 765 3593 tantum
783 3546 1035 3613 currumpuemque
1057 3524 1237 3589 abluturum
1264 3524 1335 3614 [pu-

143 3632 232 3722 tent]
267 3640 420 3719 quantum
446 3631 506 3695 sibi
536 3653 573 3696 ac
605 3631 712 3697 tiberis
736 3634 800 3697 suis
826 3634 902 3697 satis
928 3650 993 3695 esse
1023 3629 1225 3694 arbitrentur.
1272 3629 1335 3695 Ex·

144 3745 266 3828 puncto
292 3744 406 3825 putant
437 3735 544 3803 scribe
575 3738 758 3803 arbitretur.
806 3738 874 3803 Dici
904 3736 983 3802 irasc
1006 3756 1046 3801 ex
1076 3736 1236 3800 sociorum
1263 3755 1333 3820 per·

146 3862 225 3911 conc
248 3849 282 3908 et
307 3862 366 3928 per
391 3862 425 3908 sc
447 3843 527 3908 satis
557 3843 763 3929 perspicuum
794 3850 899 3909 estet
926 3841 1020 3928 piano
1050 3839 1273 3905 demonstrant
1297 3860 1335 3907 aa

147 3968 230 4037 quae
264 3956 467 4035 sequuntur:
504 3970 536 4013 se
569 3949 749 4015 autarissimi
784 3948 917 4014 bonu'uis
953 3946 1115 4030 cupiditati
1153 3946 1336 4034 satisfacere

145 4074 256 4143 posse,
278 4054 514 4119 nocentissimae
534 4054 681 4119 uictoriae
703 4076 764 4119 οιοιο
782 4076 884 4141 posse.

201 4159 240 4226 lu
274 4161 369 4244 517.
403 4164 498 4241 Κῦρος
532 4158 800 4237 ἕτεργάλλετο
827 4199 872 4211 --
896 4159 946 4223 ἐπὶ
982 4157 1024 4238 τῷ
1057 4155 1162 4238 χώρας
1193 4159 1332 4239 ἐνεργοὺς

150 4274 244 4332 ποιεῖν
277 4262 386 4330 editur
417 4263 457 4331 de
484 4265 670 4331 coniectura
706 4264 858 4351 Stephani
892 4283 949 4351 pro
981 4262 1141 4348 scriptura
1177 4260 1334 4329 librorum

151 4372 391 4451 ἐπηγγέλλετο,
416 4370 470 4439 sed
495 4391 557 4437 uon
583 4380 630 4440 cst
655 4373 798 4438 Atticum
823 4369 1053 4449 irruiturum
1078 4369 1130 4434 s’rrr'
1152 4393 1220 4433 τινι.
1253 4368 1332 4433 Gou-
