2940 5010
703 285 762 346 701

139 470 211 544 atr,
244 459 327 548 quod
360 457 536 548 praeeedit.
593 455 725 522 scribae
753 474 928 543 pronomen
960 456 1074 521 vicinis
1107 460 1326 526 accommoda·

140 577 234 635 runt.

188 673 291 738 Pravo
326 679 460 738 accentu
494 668 650 735 scribitur
673 666 728 732 ΙΙΙ.
755 687 808 732 vn.
833 671 864 731 6.
898 667 1071 733 οὶτοδῶντοιι
1104 689 1160 754 pro
1194 671 1328 737 drodan-

140 803 215 858 σιν,
239 788 272 845 et
296 778 350 844 ill.
377 798 418 843 xl.
445 783 476 845 t.
509 784 704 856 προσπτῆσοιι
730 793 787 859 pru
811 773 1019 852 πρόσπτηται.
1052 777 1241 841 Ἀποδοῖινσοιι
1266 797 1328 842 non

141 884 256 951 minus
279 884 431 949 vitiosum
464 889 512 948 est
543 902 580 947 ae
610 882 638 946 si
659 880 732 967 quis
763 881 940 945 οἱτοκῶντοι
974 879 1067 945 veliet
1099 880 1239 947 seribere
1272 901 1330 968 pre

140 988 338 1057 ἆπόλωντοοι.

143 1132 146 1137 ·
191 1094 238 1161 Ad
264 1095 342 1161 haee
367 1093 446 1160 mihi
470 1094 501 1159 in
528 1102 666 1158 mentem
700 1093 788 1158 venit
812 1090 871 1156 ieci
897 1090 1096 1179 Thucydidei
1122 1092 1162 1159 11.
1187 1098 1241 1160 60.
1276 1092 1329 1160 ubi

142 1196 287 1266 Pericles
310 1199 534 1266 demonstrans
564 1203 615 1266 τὸν
644 1204 697 1264 τοῦ
731 1199 826 1277 δήμου
857 1197 1012 1278 τροτοὶτνν
1040 1206 1186 1284 oportere
1216 1201 1332 1278 νιῶνοιό

141 1327 182 1371 πο
203 1304 246 1370 τόν
271 1305 378 1371 δέοντο
401 1305 454 1370 arai
481 1307 662 1385 ἑρμηνεῦσαι
687 1309 812 1378 τοῦτον,
837 1303 1004 1387 mittamur
1021 1328 1057 1368 τε
1082 1300 1157 1370 εἷνοοι
1182 1306 1234 1371 nai
1255 1331 1331 1389 χον·

143 1407 257 1491 patrm
281 1411 429 1492 κρείσσω,
453 1411 498 1474 ita
522 1408 618 1474 dicit:
643 1407 660 1474 ό
679 1433 714 1474 τε
734 1409 797 1490 νόος
818 1408 907 1487 γνοὺς
932 1408 985 1474 κοοό
1009 1410 1053 1487 μὴ
1074 1415 1183 1492 σαφῶς
1204 1411 1331 1488 arettae

141 1515 180 1583 έν
204 1514 258 1599 ἴσῳ
293 1516 345 1582 καὶ
379 1517 404 1581 ei
428 1518 472 1595 μὴ
507 1516 694 1593 ἕνεόυμήόν,
730 1515 794 1579 ὁδ’
819 1514 898 1595 ἔχων
923 1515 1092 1596 ἀμφότεροι
1121 1526 1159 1598 τῇ
1189 1518 1220 1582 δέ
1243 1518 1332 1583 πόλει

145 1620 272 1696 δύσνους
295 1625 348 1688 οὐκ
372 1621 410 1688 όιν
436 1622 542 1700 όμοόως
565 1647 596 1687 τι
620 1621 733 1693 οόκεόως
758 1618 893 1702 φράζοι,
918 1619 1078 1700 προσόντος
1103 1621 1134 1685 δέ
1164 1622 1216 1687 net
1246 1624 1333 1689 τοῦδε

143 1727 292 1811 χρήμασι
316 1727 348 1792 δὲ
372 1727 533 1805 νικωμένου
557 1727 600 1791 σόο
633 1724 806 1802 ξόμποινσοο
835 1724 942 1789 τούτου
975 1727 1037 1798 ἑνὸς
1070 1724 1108 1790 ἂν
1144 1739 1331 1798 πωλοῖτο.
1423 1809 1425 1814 ‚

134 1830 187 1909 ,ln
210 1831 305 1899 totu.
337 1833 529 1898 tenuissima
554 1829 711 1917 quaedam
738 1848 830 1894 verae
860 1830 1041 1914 scripturae
1073 1831 1208 1916 vestigia
1241 1854 1334 1919 appa·

146 1946 241 2005 rent:
266 1946 398 2003 πωλοῖτο
423 1938 454 2002 in
478 1937 629 2023 plurimis
650 1945 717 2012 est,
742 1937 774 2000 in
800 1955 863 2000 uno
881 1943 913 2000 et
937 1934 1038 2001 altero
1062 1946 1185 2002 πολοῖτο
1208 1948 1238 2003 et
1259 1943 1334 2006 οἰπο·

142 2050 245 2111 Miro.
293 2043 329 2109 iu
353 2041 414 2108 hoe
435 2053 665 2108 ΑΠΟΛΟΙΤΟ
691 2041 769 2107 latet
800 2041 868 2127 ipsa
893 2039 1091 2128 Thucydidis
1115 2062 1230 2108 nranus
1257 2046 1335 2111 οὶτό·
1372 2058 1375 2064 ’

143 2148 252 2224 δοιτο,
276 2168 339 2233 qno
363 2149 460 2214 semei
482 2157 608 2234 reperto
631 2149 789 2225 νικώμενος
811 2166 869 2234 pru
889 2146 1051 2224 νικωμένου
1071 2151 1217 2230 emergit.
1250 2149 1335 2217 Haec

149 2252 256 2340 igitur
275 2262 324 2319 est
347 2274 421 2320 vera
445 2256 625 2338 scriptura,
650 2252 853 2335 τροτόντοςδέ
873 2254 925 2318 κωὶ
947 2253 1034 2317 τοῦδε
1061 2252 1196 2340 (poterat
1216 2254 1336 2324 dixisse

146 2356 263 2427 eudem
295 2378 393 2424 sensu
428 2358 507 2440 έχων
539 2361 570 2424 δέ
599 2359 652 2423 κοιὶ
688 2358 769 2445 τόδε)
805 2360 947 2440 χρήμοοσι
980 2357 1011 2422 δὲ
1044 2359 1260 2437 νικώμενος
1291 2364 1335 2429 σόν

147 2461 325 2544 ξόμτοιντοο
347 2465 456 2530 τούτου
486 2466 548 2537 ἑνὸς
571 2464 609 2529 όον
641 2463 855 2540 ἀπόδοιτο,
881 2482 962 2548 quae
986 2464 1147 2549 scriptura
1171 2484 1336 2532 commen·

145 2567 280 2636 datione
306 2590 367 2634 nou
394 2568 539 2653 indiget,
575 2570 654 2635 satis
680 2570 765 2635 enim
791 2589 824 2635 se
847 2569 916 2654 ipsa
940 2569 1195 2646 eornmendairit‚
1221 2571 1261 2637 iis
1284 2594 1337 2659 pu·

146 2674 315 2743 ,tissimum
342 2676 398 2761 qui
421 2677 563 2759 cogitent
593 2695 690 2760 quam
715 2673 854 2740 alienum
881 2675 922 2740 sit
946 2694 964 2739 a
989 2673 1048 2740 inei
1083 2677 1241 2742 sententia
1274 2705 1338 2745 πω·

143 2786 246 2857 μοῖσο.
295 2780 403 2845 Prima
430 2780 505 2845 maii
531 2778 616 2845 tabes
641 2778 725 2857 suit,
750 2787 786 2844 ut
807 2780 971 2865 suspicor,
996 2781 1156 2860 νικωμένου
1182 2781 1220 2846 ad
1245 2803 1334 2869 prae·

143 2883 270 2955 oedens
294 2885 454 2967 προσόντος
480 2886 578 2951 stulte
597 2884 886 2951 accommodatum.

149 3006 182 3057 ,ζ
199 2988 347 3059 Serum
372 3012 505 3078 persona
530 2992 710 3057 scribarum
747 3010 856 3056 errore
881 2991 914 3055 in
937 2990 1065 3055 tertiam
1095 2990 1265 3077 depravata
1290 3007 1338 3066 est

152 3096 189 3165 in
208 3095 263 3162 ΙΙΙ.
289 3117 353 3162 vin.
382 3102 432 3163 10.
465 3096 531 3163 όποι
555 3097 662 3171 πόσος
683 3095 761 3179 κόροις
785 3095 879 3169 οοῦτός
899 3121 935 3161 σε
958 3093 997 3160 όον
1021 3093 1110 3171 ἥδιστ-οι
1134 3104 1339 3184 κοοποοφεό·

148 3225 219 3284 μοι
242 3202 295 3269 κον)
320 3204 362 3269 σοὶ
386 3202 461 3268 όντοο
484 3203 703 3285 οὶσφοολέςοισοι
733 3203 864 3276 τιθοῖτο,
890 3219 1028 3285 uanique
1056 3207 1273 3285 κοισοοΦεόγοις
1297 3208 1340 3277 sa.

149 3306 214 3375 ede
237 3309 357 3375 senties
384 3308 516 3394 requiri.
564 3306 690 3373 Feieilit
712 3327 765 3373 ees
788 3306 830 3372 τοὶ
852 3305 926 3372 όντοι
948 3304 1129 3372 subiectum
1155 3331 1225 3377 esse
1251 3315 1338 3381 verbi

148 3412 296 3501 σιόυῖτο,ι
320 3421 352 3480 et
382 3413 604 3479 accusativum
628 3432 698 3478 esse
732 3413 794 3478 rati
827 3410 1048 3496 adaequarunt
1071 3417 1272 3499 κοιτοιφεόγοι
1295 3458 1341 3475 .-

148 3519 279 3587 -τιόοῑσο,

148 3672 152 3681 -
201 3622 240 3691 ln
269 3623 364 3690 Mem.
385 3622 441 3690 lll.
465 3644 506 3689 tx.
534 3629 587 3691 td.
622 3621 677 3689 εὀόν
695 3648 742 3696 τις
767 3625 809 3705 τῷ
834 3620 867 3689 εὖ
890 3622 1005 3689 εἰπόντι
1026 3624 1071 3702 μέν
1093 3626 1257 3705 πεόόντοιι,
1283 3652 1340 3718 op.

150 3727 238 3797 time
259 3730 385 3803 πίόντοιι
412 3731 552 3794 servavit
578 3728 744 3795 Stobaeus.
792 3728 840 3793 Ab
864 3727 973 3794 eodem
999 3727 1113 3794 lubens
1139 3734 1261 3819 arripio
1284 3737 1339 3804 lii.

152 3854 187 3903 x.
220 3840 250 3901 l.
286 3839 303 3913 οἱ
334 3836 476 3917 νυμφική
512 3836 574 3903 ε’ςιν
606 3834 755 3911 εἱκοισόοο,
790 3853 847 3920 pro
878 3835 1019 3916 νυμφική
1052 3835 1115 3904 ἐςιν
1147 3839 1165 3912 ἦ
1200 3840 1342 3920 εἰκοοσόοο,

154 3938 311 4027 quodve!
335 3939 374 4005 de
394 3941 579 4005 coniectura
604 3939 715 4025 reponi
740 3937 914 4005 debuisset.

192 4044 241 4110 dn
264 4044 318 4110 iil.
346 4065 387 4110 nt.
415 4049 466 4109 14.
501 4045 638 4124 ἐρομένου
663 4045 694 4109 δέ
727 4066 804 4117 τινος
830 4046 945 4117 οοότόν,
978 4043 1012 4109 τό
1033 4044 1130 4119 doxain
1159 4049 1245 4132 οούτῷ
1269 4052 1342 4133 τιμά.

156 4149 339 4230 πνςσνοὶνδοὶ
359 4150 551 4228 ε’πιτήδευμοο
565 4146 657 4228 εόνοιι,
681 4149 887 4227 οὶπεκρόνοιτο·
911 4148 1140 4230 εὐπροοξόοονε
1165 4156 1345 4240 respondit,

155 4252 278 4334 eredo,
301 4253 465 4336 εὐπροοξόοο.

202 4358 364 4429 Futurum
388 4360 605 4448 reponendum
639 4382 696 4447 pre
720 4361 925 4427 coniunctim
953 4370 1002 4427 est
1022 4360 1078 4429 111.
1102 4382 1145 4430 ru.
1171 4369 1201 4432 9.
1233 4394 1341 4454 mxu.
