2940 5010
727 274 790 337 205

136 446 362 513 lusorum
386 438 503 510 stolirle
528 438 746 529 depravarunt
768 446 799 511 in
824 445 960 513 ἕνδόντοι.
1008 445 1097 513 ΑΙῑοι·
1121 447 1210 515 locus
1233 454 1280 513 cst
1304 446 1338 513 iu

146 542 276 637 Reloqis
297 546 397 639 ruys.
417 546 442 613 1.
469 552 499 615 7.
523 553 556 617 6.
582 546 637 615 ubi
662 568 701 615 eu
723 549 842 617 llelena
866 548 1017 618 affertur:

328 652 449 737 σιιὶψοιι
468 653 531 733 γὰρ
551 653 566 718 ὅ
588 655 653 728 θεὸς
673 656 713 729 ὥς
736 654 803 737 ἔχει
827 680 857 722 τι
880 655 1015 724 ποικίλον

328 758 384 827 aet
408 756 647 839 δυστέκμαρτον.

92 892 103 911 ·-
171 882 251 953 quum
272 882 350 931 vura
372 861 536 948 scriptura
559 864 620 929 sit:
643 860 665 930 ὦ
689 863 848 946 θύγατερ,
873 866 886 931 ὁ
910 868 974 940 θεὸς
994 869 1034 941 ὥς
1058 864 1120 949 ἔφυ
1143 890 1173 933 τι
1202 866 1336 932 ποικίλον

92 986 99 1011 ·
175 972 289 1037 utto.
335 966 512 1055 Supererat
543 965 680 1034 inituro
703 968 821 1036 detrito
853 971 868 1001 *
895 972 910 1002 ⁴
934 981 989 1037 ra
1015 972 1030 1002 ⁴
1052 971 1067 1002 ⁴
1092 979 1333 1037 ooeomze

92 1090 116 1113 ··
181 1072 498 1150 ''Tm01Km0N,
521 1090 623 1158 quum
652 1081 815 1140 corrector
839 1074 942 1142 audax
967 1082 1000 1142 et
1024 1076 1216 1142 temerarius
1242 1073 1335 1161 quid·

183 1176 282 1265 quilla
305 1184 448 1245 mentem
473 1175 559 1242 veuit
582 1175 731 1263 supplere
755 1180 870 1266 coepit.
918 1179 1008 1247 lolem
1033 1181 1066 1245 in
1092 1177 1258 1265 Euripidis
1278 1178 1334 1243 Co-

185 1278 275 1351 litilm
292 1282 392 1349 nimis
413 1299 508 1367 saepe
533 1277 655 1347 lactum
676 1302 746 1348 esse
770 1292 912 1370 apparet.
958 1284 1059 1351 blulta
1090 1283 1174 1371 apud
1207 1272 1335 1368 Euripi·
1420 1296 1427 1309 ·

186 1383 234 1455 bu
249 1386 398 1475 lcqumur
420 1385 519 1451 nimis
541 1393 675 1472 arguta,
700 1386 891 1476 subinepta,
917 1387 1057 1477 frigida,
1088 1387 1334 1471 οὶτροοδιοννοοι,

186 1508 256 1579 equo
275 1491 321 1559 rei
342 1508 448 1577 neque
466 1509 620 1576 personae
643 1510 746 1577 neque
768 1493 965 1581 teneporibus
989 1495 1069 1561 satis
1091 1492 1333 1569 convenientia,

188 1595 316 1685 quoipsi
345 1594 463 1663 Poetae
487 1594 677 1682 imputanda
706 1604 804 1676 sunt,
837 1598 980 1684 quinon
1005 1597 1169 1679 βοιὲτοντο
1198 1599 1336 1677 repara

188 1696 225 1765 d
241 1699 427 1785 νινρδσποιςοι
449 1696 576 1766 inducit
599 1700 632 1765 in
656 1720 808 1780 scenam,
831 1702 869 1769 δι’
898 1698 937 1767 ὧν
965 1705 1059 1777 οὗτος
1089 1701 1197 1776 adaco
1226 1702 1335 1785 φωνὰς

187 1800 281 1887 abaco
304 1802 455 1892 aequales
484 1811 517 1871 et
549 1804 733 1891 aequalium
760 1813 793 1872 et
815 1804 1018 1892 popularium
1043 1807 1122 1874 vitia
1145 1825 1280 1894 carpens
1303 1812 1336 1873 et

188 1908 311 1995 mimo
335 1916 395 1977 aut
420 1908 579 1976 insaniam
610 1909 773 1976 insectans
795 1919 851 1977 aut
877 1930 1004 1977 morum
1026 1919 1195 1999 praecepta
1218 1910 1336 1993 ἄκαιροι

92 2022 94 2033 “
187 2024 273 2095 μιν
291 2022 349 2081 aut
368 2032 480 2081 rerum
511 2020 662 2079 naturam
690 2013 853 2081 subtiliter
877 2013 1127 2102 pbilosophaorlo
1150 2014 1333 2104 explicans,

102 2126 130 2153 ⁶·
187 2120 359 2197 tuomuia
378 2117 455 2186 alibi
475 2117 641 2205 egregium
667 2137 761 2185 usum
785 2118 901 2186 babere
923 2120 1119 2206 potuissent,
1143 2140 1230 2186 uurrc
1252 2120 1335 2187 οὐδὲν

186 2218 293 2301 viterb
311 2221 467 2291 Arlrvror.
512 2222 634 2291 llcinde
654 2224 805 2310 quoniam
832 2224 940 2290 omnia
963 2224 1003 2290 ad
1029 2232 1229 2311 praesentem
1250 2225 1336 2291 vitae

94 2330 115 2403 ⁴,
185 2338 251 2393 uu
276 2337 308 2397 et
338 2329 496 2395 rationem
523 2328 744 2395 accommodat
776 2338 808 2395 ct
840 2336 888 2394 ost
921 2330 1069 2396 curiosus
1099 2330 1203 2415 magis
1236 2349 1334 2416 quam

180 2432 359 2517 μινοιιοφρονν
378 2432 431 2499 aul
457 2433 627 2515 bonabosco
648 2433 745 2499 nimis
767 2452 861 2521 saepe
882 2433 921 2499 ad
947 2434 1047 2501 eriles
1071 2435 1228 2501 minutias
1251 2433 1336 2501 ‹lela-

177 2530 244 2603 litur
260 2547 292 2605 et
309 2536 439 2606 diccurli
463 2557 564 2625 gorius
587 2539 735 2625 sequitur
759 2538 890 2625 volgare
913 2548 945 2605 ot
970 2539 1062 2605 honri
1086 2559 1224 2626 repens,
1250 2538 1338 2624 quoti

173 2636 288 2711 borum
309 2642 510 2729 beroumque
526 2643 687 2709 maiestati
709 2663 770 2709 non
792 2642 972 2729 respondet.
1009 2644 1095 2711 llaec
1113 2644 1214 2729 igitur
1233 2644 1336 2730 ipsius

169 2742 267 2815 reue
295 2757 374 2816 suut
402 2749 650 2827 ἁτοτεύγμοτο.
706 2747 876 2814 Praeterea
907 2768 1045 2834 maguus
1078 2751 1161 2815 inest
1191 2747 1334 2815 locorum

163 2868 344 2921 numerosa
367 2852 483 2921 scribis
503 2862 536 2921 et
561 2852 797 2920 correctoribus
824 2863 887 2918 tam
915 2852 998 2920 male
1023 2860 1273 2940 corruptorum,
1301 2862 1337 2919 ut

160 2956 256 3025 amuis
282 2956 513 3045 propemodum
540 2977 613 3044 spes
637 2956 828 3024 emendandi
853 2957 1030 3025 abiicienda
1051 2958 1208 3025 rideatur.
1256 2958 1336 3038 Quis

155 3062 237 3129 nim
263 3082 302 3131 ex
331 3062 438 3130 uerbis
466 3062 582 3145 οιιέψοοι
613 3064 677 3145 γὰρ
703 3064 717 3127 t
748 3064 812 3139 θεὸς
841 3067 880 3138 ὥς
908 3061 977 3144 ἔχει
1005 3083 1160 3149 umquam
1193 3060 1334 3128 cruatri

152 3168 302 3252 olymp,
326 3168 341 3235 ὃ
362 3168 426 3242 θεὸς
446 3170 486 3242 ὠς
510 3166 591 3251 ἔφυ,
615 3167 664 3235 rel
684 3188 722 3234 ex
743 3167 880 3234 lectione
899 3168 960 3246 ἐγὼ
983 3168 1014 3233 δὲ
1037 3169 1141 3241 δοῦλος
1162 3167 1188 3232 εἱ
1209 3166 1334 3249 πέφυχ’

146 3268 232 3353 ὅμως
251 3270 359 3340 eliciat
376 3272 438 3351 tyb
456 3273 515 3351 ptr
535 3272 604 3348 rino·
622 3274 668 3339 κεί
691 3273 814 3355 πέφυχ’
835 3270 938 3351 iper?
965 3271 1064 3337 Nemo
1090 3270 1208 3340 bercle.
1257 3271 1334 3337 Tor·

146 3384 249 3467 quem
267 3386 375 3445 tamen
397 3396 468 3443 sese
492 3378 691 3465 Interpretes
715 3378 748 3442 io
771 3377 892 3443 talibus
911 3385 943 3444 ot
966 3374 1148 3443 obtundunt
1166 3375 1227 3442 sibi
1251 3374 1334 3442 iutli·

144 3482 235 3551 eium
254 3491 312 3549 aut
332 3481 625 3549 comminiscuntur
648 3479 787 3568 aliquid,
812 3479 885 3562 ὅπερ
906 3479 1031 3564 ἄρρητον
1047 3479 1183 3561 ἄμεινον.
1231 3480 1310 3563 Quis
1320 3528 1333 3557 ,

144 3596 184 3658 nt
205 3584 268 3655 boc
286 3594 381 3664 utar,
404 3604 560 3673 umquam
579 3585 642 3653 sibi
665 3584 842 3652 satisfaciet
863 3587 896 3651 in
926 3605 974 3653 vs.
997 3590 1064 3652 454
1088 3605 1157 3673 sqq.

555 3690 645 3765 ἐλπὶς
666 3690 700 3758 ἔκ
718 3716 759 3771 γε
780 3691 933 3757 πλουσίοιν
956 3691 1055 3771 δόμων

326 3795 441 3875 λαβεῖν
464 3819 494 3860 τι
519 3795 659 3871 νοούτοιις.
683 3796 718 3861 ἐκ
739 3795 770 3861 δὲ
793 3796 838 3875 ptr
862 3794 991 3878 ’χοντων
1014 3796 1103 3875 βίον,

327 3898 389 3967 οὐδ’
411 3901 437 3966 ei
461 3899 596 3978 θέλοιεν,
619 3903 753 3983 ὠφελεῖν
774 3897 875 3983 ἔχοιεν
896 3899 945 3966 ἄν.

92 4084 97 4099 Ι
141 4024 232 4097 quae
261 4002 432 4071 scabrities
460 4004 615 4071 orationis
637 4016 687 4071 est
715 4007 748 4072 in
774 4004 898 4072 verbis:
932 4006 967 4072 lx
992 4006 1024 4071 δὲ
1046 4005 1092 4083 μὴ
1116 4002 1244 4086 ’χόννοι
1267 4005 1336 4083 βίον

92 4109 96 4163 ³-
140 4112 210 4181 ἡδ’
232 4110 260 4177 ei
281 4108 396 4176 θέλοιεν
420 4113 552 4192 ὠφελεῖν
576 4110 676 4194 ἔχοιεν
699 4110 747 4179 ἄν.
795 4110 865 4176 biri
889 4118 921 4177 et
946 4108 1081 4194 intelligi
1113 4114 1217 4194 polest
1247 4110 1273 4173 oi
1305 4109 1336 4175 δὲ

140 4217 193 4299 μὴ
211 4216 340 4299 ’χοντες
360 4213 448 4295 βίον,
472 4215 526 4281 sed
547 4215 625 4282 baec
647 4217 716 4302 ipsa
740 4216 900 4283 sententia
922 4234 1018 4302 quam
1044 4211 1146 4279 lutilis
1165 4221 1196 4279 et
1218 4212 1340 4281 insulsa

92 4316 94 4331 '
135 4326 209 4389 eet.
258 4316 333 4387 Post
357 4338 460 4406 pauca
483 4320 599 4387 ancilla
621 4318 728 4387 vetula
751 4318 929 4388 lleuolaum
953 4319 1051 4387 nuituis
1073 4317 1232 4385 absterret
1255 4337 1274 4385 a
1299 4316 1345 4384 io·
