2940 5010
696 328 759 389 685

140 511 332 589 νιοιτοινελξις
367 503 479 584 ἐρωτῶν
509 498 566 578 μὲν
599 500 651 565 xci
683 499 826 581 ἐλέγχων
860 496 1007 576 ποίνποιο,
1039 500 1133 573 αὐτὸς
1171 500 1197 566 δ’
1227 504 1321 570 οὐδενὶ

140 612 237 681 ίίλυν
261 609 388 692 ὑπέχειν
410 608 502 686 λίνον
534 605 601 672 οὐδὲ
625 606 749 685 γνώμην
776 605 1004 687 οὶποφιιίνεσίιιι
1035 603 1102 685 περὶ
1132 605 1266 686 οὐδενός,
1291 609 1323 675 in

141 716 264 805 quibus
291 714 398 782 verbis
428 709 618 779 mendosum
641 731 711 778 esse
736 713 826 793 δοκεῖ
849 709 1011 795 intelligo,
1042 708 1095 775 sed
1123 710 1199 796 quid
1232 713 1266 779 in
1288 733 1325 781 eo

140 821 240 891 serbo
264 820 362 889 lateat
384 819 566 904 excogitare
595 837 658 884 non
683 837 824 904 possum.
873 816 1012 882 Verbum
1037 816 1261 897 ἀποδείκνυμαι
1292 823 1324 887 in

142 931 244 1015 Ι518.
276 923 513 994 aScbneidcro
545 924 723 1009 repositum
752 942 811 1009 pro
831 922 1020 1002 ἐπιδείκνυμι
1053 923 1084 986 in
1108 924 1229 992 verbis:
1264 927 1325 1005 ἐγὼ

142 1036 202 1115 nto
224 1030 274 1101 οὖν
294 1031 417 1099 τδοιύτδ
437 1030 698 1109 ἐπιδείκνυμι
718 1029 846 1109 νόμιμόν
868 1054 904 1095 τε
924 1029 976 1094 eal
1001 1029 1114 1095 δίκαιον
1135 1025 1229 1106 είνοιι,
1250 1031 1324 1097 Edi·

142 1148 232 1209 tores
254 1158 318 1204 non
350 1143 554 1222 receperunt.
603 1135 696 1201 Certo
721 1144 829 1202 tamen
863 1155 924 1201 usu
956 1134 1094 1201 diremta
1121 1154 1192 1201 esse
1217 1139 1328 1205 ἐπιδεί-

142 1269 236 1325 κννμι
248 1294 259 1324 ,
290 1240 502 1321 ἐπιδείκνυμαι
539 1248 572 1307 et
601 1243 824 1320 ἐπιδείκνυμαι
862 1241 941 1307 satis
981 1248 1125 1307 constet:
1162 1252 1327 1327 praetcrea

143 1353 221 1441 quis
252 1347 383 1435 negabit
413 1347 601 1426 ἐπιδείκνυμι
627 1347 832 1433 participium
863 1344 1071 1432 postularet·
1097 1347 1139 1413 Et
1171 1350 1329 1434 quomodo

143 1454 296 1527 Socrates
318 1454 366 1521 sic
386 1454 498 1519 statim
522 1451 718 1539 subiungere
737 1453 859 1539 potuit:
885 1453 923 1519 οὺ
947 1452 973 1517 δ’
993 1454 1019 1517 εί
1040 1455 1194 1521 ποίνονπίκ
1214 1459 1329 1535 γιγνοί-

145 1586 231 1635 υιιιιο
255 1557 403 1628 δίδουκεί

190 1663 328 1733 Videtur
348 1662 468 1731 sciolus
492 1661 681 1731 vocabulum
703 1683 805 1729 unum
825 1661 986 1729 addidisse
1009 1661 1049 1728 dc
1070 1683 1130 1729 suo
1148 1664 1202 1731 1v.
1220 1687 1249 1732 ν.
1273 1672 1330 1735 11:

145 1770 213 1847 tm
247 1770 310 1854 γὰρ
339 1769 383 1836 nit
407 1771 465 1848 μὲν
494 1768 628 1852 κριίπιςοι
657 1772 702 1850 μὴ
734 1777 864 1846 σκοπεῖ,
891 1769 934 1835 roi
966 1769 1055 1846 ι’ίδιςιο
1087 1771 1118 1835 δὲ
1151 1772 1185 1836 ἐκ
1214 1777 1329 1848 ποιντδς

144 1877 260 1960 τρίπον
282 1876 373 1958 ζητεῖ
393 1875 541 1963 [ποιεῖν],
566 1893 640 1940 nam
666 1875 778 1941 Gracci
804 1894 866 1940 non
889 1883 954 1941 tam
978 1873 1179 1960 negligenter
1198 1878 1331 1963 loquun-

145 1992 222 2063 tur,
245 1991 283 2049 ut
302 2001 374 2048 sese
396 1981 439 2046 πιδ
461 1980 534 2056 »lita
553 1989 609 2047 eut
632 1981 677 2047 τοὶ
698 1981 816 2062 τερπνοί
837 1980 943 2046 dicant
966 1989 1080 2052 ποιεῖν.
1104 1981 1160 2047 sed
1182 1984 1329 2066 ποίπχειν.

146 2088 237 2159 Satis
260 2095 310 2157 cst
331 2087 374 2153 πίι
398 2088 488 2166 ibana
512 2085 633 2166 ζκπεῑν,
657 2094 694 2151 ut
718 2087 750 2151 in
774 2086 961 2172 Epicharmi
992 2105 1110 2164 versu,
1135 2108 1198 2173 quo
1220 2089 1332 2158 Socra·

145 2202 199 2263 tea
223 2194 329 2261 utitur
347 2192 386 2258 11.
411 2213 432 2258 ι.
460 2196 516 2258 bo:

146 2314 149 2319 '
238 2296 260 2366 ὦ
284 2298 410 2381 πόνηρε,
433 2299 478 2377 μὴ
501 2297 544 2363 τὰ
569 2296 705 2376 μοιλοικιὶ
726 2299 854 2376 μῶσο,
876 2300 921 2376 μὴ
945 2301 988 2366 τοὶ
1009 2301 1116 2381 σκλήρ’
1140 2300 1226 2384 ἔχῃς.

146 2450 150 2457 -
193 2406 386 2473 Percurram
419 2423 505 2469 nunc
538 2404 656 2469 iterum
683 2402 902 2469 blcnrornbilia
927 2412 962 2469 ut
985 2426 1039 2471 eos
1060 2405 1162 2485 locos,
1187 2407 1240 2473 ubi
1266 2430 1330 2476 ser-

145 2511 257 2580 monis
286 2510 386 2576 Altini
418 2511 504 2575 nitor
532 2517 589 2575 aut
619 2510 860 2595 compositionis
889 2509 1048 2596 elegantia
1083 2520 1139 2578 aut
1169 2514 1331 2582 scribendi

147 2623 304 2685 tentatas
327 2614 506 2681 scribarum
532 2613 729 2700 negligentia
754 2614 923 2682 obscurata
947 2627 979 2683 ct
1003 2619 1174 2684 imminuto
1195 2630 1228 2687 ct
1248 2622 1333 2690 laesa

146 2742 221 2791 csse
243 2721 392 2797 ridetur,
417 2720 528 2785 ordine
551 2740 747 2785 recenseam.

193 2828 243 2897 Ex
261 2825 475 2912 dittograpbia
501 2826 837 2892 natumostl.1.tt.
863 2827 979 2909 πότεροί
1008 2829 1110 2918 [ποτε]
1137 2868 1183 2881 -
1206 2832 1242 2906 ἥ,
1269 2854 1331 2900 non

144 2932 293 3003 admittit
312 2933 398 2998 enirn
424 2932 541 3013 πίπεροι
562 2932 644 3008 -ἥ
669 2933 860 2998 intensirana
883 2933 968 2999 illam
994 2935 1159 3012 voculam,
1185 2946 1217 3003 et
1240 2937 1333 3007 tacite

145 3040 227 3109 baec
254 3036 499 3105 contunduntur
527 3037 602 3124 qnia
629 3036 661 3101 in
686 3037 780 3103 Codd.
805 3038 922 3121 πίπεροι
952 3039 1019 3106 lere
1042 3043 1089 3108 sic
1114 3041 1270 3110 scribitur
1296 3055 1334 3112 ut

147 3144 292 3236 syllabae
315 3143 357 3210 πί
379 3142 462 3209 duae
485 3141 647 3208 litterulae
666 3166 701 3224 πρ
722 3164 818 3229 supra
842 3144 1040 3224 scribantur,
1064 3147 1151 3213 unde
1175 3157 1240 3215 tarn
1266 3171 1332 3218 sae·

148 3270 192 3340 pa
213 3249 331 3331 πίτεροι
351 3256 384 3316 et
408 3248 532 3329 πίπεοον
558 3247 805 3332 permiscentur.

194 3356 370 3425 invenuste
391 3363 424 3420 et
448 3354 575 3419 inticete
598 3353 695 3419 δοκεῖν
719 3356 890 3440 repetitum
917 3375 987 3422 esse
1014 3356 1038 3421 l.
1064 3377 1084 3422 1.
1113 3364 1163 3425 14.
1196 3360 1248 3426 κκδ
1269 3373 1333 3439 τοῖς

146 3462 209 3544 μὶν
231 3463 293 3529 οὐδ’
314 3462 346 3527 ἑν
369 3459 454 3542 ὄχλῳ
475 3461 570 3525 δοκεῖν
590 3461 717 3540 αἰσχρὸν
742 3457 820 3525 εἷνοιι
842 3461 947 3538 λέγειν
969 3461 986 3537 ἢ
1010 3473 1104 3529 ποιεῖν
1129 3465 1246 3544 ὁτιοῦν,
1270 3478 1333 3543 τοῖς

146 3570 180 3637 dl
204 3568 266 3635 οὐδ’
285 3564 437 3643 ἐξιτητέον
463 3567 505 3637 εἷς
529 3566 697 3644 ἀνθρώπους
729 3562 804 3630 εἶναι
833 3565 979 3655 [δοκεῖν],
1004 3569 1059 3653 qui
1087 3570 1267 3640 Atticorum
1291 3574 1333 3641 le·

148 3675 260 3741 ctione
281 3673 448 3739 subactam
472 3690 583 3736 aurem
608 3668 726 3736 habent
751 3671 939 3759 Pluygersio
964 3692 1090 3740 mecum
1115 3681 1300 3744 concedent.

197 3777 234 3844 ln
252 3776 364 3845 cadem
388 3780 406 3862 §
433 3778 518 3843 circa
541 3776 636 3855 finem
657 3778 842 3842 οὶπολεῖοίοιι
865 3778 896 3842 in
919 3780 1090 3846 οὶπολίοίκι
1111 3783 1335 3868 retingendum

149 3891 222 3953 etl:
251 3883 315 3950 οὔτ’
346 3883 385 3950 ἂν
414 3882 556 3962 γενέσθαι
589 3882 663 3946 ποτὲ
692 3882 774 3946 οὐδὲν
798 3881 860 3946 οὔτ’
893 3885 1132 3951 ἀπολέσθαι.
1180 3886 1337 3957 Constans

151 3990 241 4059 enim
264 3998 411 4056 veterum
437 4008 514 4053 usus
536 3989 568 4053 in
595 3986 649 4052 tali
672 3987 901 4073 compositione
922 3988 1082 4075 duplicem
1108 3993 1262 4059 norisium
1288 4015 1338 4063 re·

151 4096 274 4185 quirit,
304 4097 456 4183 quoniam
481 4093 519 4158 ἴον
543 4094 589 4158 sic
620 4091 809 4158 collocatum
843 4094 875 4157 in
906 4105 1082 4182 utrumque
1108 4097 1241 4164 verbum
1271 4102 1337 4168 rim

150 4201 275 4271 exserit
303 4220 408 4267 sunm.
456 4199 611 4264 Librariis
641 4206 795 4283 perpetuo
822 4197 925 4264 luttrri
949 4208 980 4266 et
1004 4202 1117 4267 aoristi
1143 4202 1262 4269 formas
1292 4214 1337 4274 te·

150 4328 243 4376 merc
266 4304 537 4395 permiscentibus
562 4305 705 4390 ineptum
728 4312 776 4369 est
802 4305 835 4368 in
861 4305 977 4372 talibus
997 4306 1174 4393 quidquam
1194 4311 1336 4380 credere.

198 4413 288 4492 Quod
325 4413 499 4501 Xenophon
524 4410 548 4477 Ι.
573 4433 595 4482 ι.
624 4416 674 4476 17.
708 4410 821 4477 scribit
853 4413 935 4478 οὐδὲν
965 4414 1122 4492 ίκυμιιςδν
1151 4454 1194 4466 -
1219 4442 1337 4499 oropo.
