2940 5010
798 284 841 345 42

224 453 370 541 singulos
393 454 509 520 Poetae
531 452 616 520 locos
639 452 750 520 sedulo
773 454 860 541 apud
879 474 952 534 cos,
975 456 1032 541 qui
1053 466 1243 537 servarunt,
1271 462 1423 551 indagare

226 570 259 627 ct
280 558 550 647 quemadmodum
572 567 604 626 et
627 578 690 645 quo
709 560 844 625 consilio
865 558 986 625 laudati
1011 559 1129 627 luerint
1155 564 1423 657 circumspicere

228 664 424 732 Plutarchus
455 668 487 731 in
518 664 600 731 libro
628 666 667 731 dc
694 664 868 751 Cupiditotc
899 666 1088 731 Diuitiarum
1110 687 1141 754 p.
1167 674 1246 738 oct.
1281 672 1323 741 Δ.
1356 672 1424 743 hacc

231 770 491 839 1111111111
517 779 582 846 τοῖς
607 772 797 854 Θρασωνίδου
819 778 925 846 κοικοῖς
949 771 1031 843 έςίν·

410 878 485 960 παρ’
507 876 575 957 ἐμοὶ
598 876 663 960 yda
685 877 749 947 ἐςιν
772 876 852 943 ἐνδον
876 874 975 954 ἐξεςιν
995 877 1027 944 δέ
1050 903 1102 959 μοι

410 981 463 1047 acl
487 981 644 1062 βούλομαι
664 983 750 1049 τοῦτ’

231 1087 283 1176 (ὥς
302 1085 343 1153 iro
363 1086 575 1168 ἐμμοινέςκτοο
596 1088 667 1171 ἐρῶν
690 1086 751 1176 τις)

770 1195 805 1260 οὐ
826 1200 900 1259 ποιῶ
922 1193 970 1260 il.

229 1317 313 1383 quae
331 1298 380 1365 sic
400 1296 440 1365 ad
456 1295 622 1365 Menandri
645 1298 839 1378 Μιτούμενιν
863 1297 964 1366 relata
982 1305 1059 1364 sunt
1076 1306 1114 1365 ut
1136 1296 1312 1371 Plutarchi
1337 1304 1424 1375 verb

227 1402 354 1471 scilicet
377 1403 615 1471 omitterentur.
662 1403 742 1485 Quis
765 1423 827 1470 noo
852 1404 965 1470 statim
989 1403 1174 1471 admonitus
1195 1404 1290 1477 ridet
1321 1412 1424 1481 111111

231 1506 310 1574 hacc
332 1528 403 1577 ecoe
424 1506 592 1577 llenandri
614 1510 645 1574 in
666 1507 753 1575 hunc
775 1508 906 1575 modum
927 1509 1170 1577 constituenda:
1290 1578 1301 1589 ,

411 1612 1106 1697 mmmmmfflfflm

412 1722 465 1787 acl
489 1720 647 1800 βούλομαι
671 1722 764 1795 τοῦθ’,
786 1724 826 1795 ὣς
850 1719 889 1786 ἐιν
912 1720 1122 1800 ἐμμιινέτοιτιι

410 1828 481 1908 ἐρῶν
504 1850 570 1902 τις,
594 1827 627 1892 cri
651 1833 724 1892 ποιῶ
748 1826 798 1893 δέ.

275 1928 345 1997 Nou
368 1928 519 1999 dissimili
542 1930 636 1997 modo
661 1930 827 1998 llenandri
857 1931 921 1997 duo
943 1930 1095 1999 versiculi
1119 1927 1277 2017 perlacati
1302 1938 1425 2007 auum

230 2055 291 2102 suo
310 2036 476 2123 perierunt
498 2035 583 2124 apud
607 2036 697 2124 lliog.
721 2037 828 2105 laert.
854 2036 907 2103 vt.
931 2042 984 2105 95.
1007 2036 1166 2116 μέμνητωι
1187 2042 1243 2105 τοῦ
1265 2040 1425 2125 Κράτητος

229 2142 404 2225 Μένκνδρος
426 2141 539 2218 οὕτως·

412 2250 700 2330 συμπεριπατήσεις
722 2247 787 2331 γὰρ
809 2248 933 2331 τρίβων’
956 2245 1063 2327 ἔχοντ’
1085 2248 1170 2326 έμοέ,

411 2352 511 2435 ὅσπερ
535 2352 672 2435 Κροέτκτι
695 2356 739 2436 τῷ
763 2355 871 2435 κυνικῷ
894 2354 962 2419 ποθ’
985 2355 1003 2428 ἧ
1027 2353 1130 2431 γυνή,

232 2456 285 2521 nal
316 2458 473 2541 θυγατέρος
504 2456 633 2536 ἐξέδωκε
662 2460 821 2539 μαθηταῖς
853 2461 950 2525 κὺτοῦ
982 2458 1105 2533 ἐκείνοις
1139 2458 1191 2525 ἐκ)
1226 2462 1330 2549 κεέρρ
1365 2466 1425 2541 διὸς

228 2559 378 2642 τριάκονθ’
402 2564 519 2645 ἡμέροις
541 2568 580 2639 ὦς
600 2566 614 2631 ὃ
634 2566 728 2639 αὐτὸς
753 2563 832 2646 ἐφη.
857 2583 920 2629 non
944 2571 993 2629 est
1013 2562 1073 2630 hoc
1093 2562 1219 2631 elocare
1241 2564 1353 2639 littam
1376 2568 1424 2641 ld

232 2666 390 2752 flagitiose
419 2670 630 2756 prostituere:
661 2679 694 2737 at
722 2667 803 2735 nihil
834 2668 1019 2736 huiusmodi
1046 2676 1102 2735 aut
1122 2668 1234 2737 Crates
1266 2670 1354 2744 iecit
1375 2684 1425 2745 au

229 2773 360 2858 scripsit
391 2773 578 2849 hlcnander;
608 2774 733 2842 scribae
761 2795 819 2841 nos
847 2773 1071 2852 ludificantur,
1094 2775 1150 2861 qui
1178 2774 1279 2845 verha
1311 2780 1425 2853 Poeta

230 2875 365 2945 disiecta
388 2878 616 2967 depravarunt.
664 2880 699 2947 ln
724 2879 816 2947 libris
837 2879 969 2967 optimis
995 2886 1044 2945 ost
1070 2878 1198 2956 ἐξέδωκε
1224 2884 1342 2963 aarum
1369 2884 1424 2981 (erl

231 2980 354 3058 ἐξέδωκ’
378 2986 513 3075 ἐκείνοις)
538 2989 577 3061 ὥς
600 2986 695 3061 αὐτὸς
718 2986 780 3068 ἔφη
812 2986 863 3052 ἐπὶ
894 2986 986 3069 πείρᾳ
1016 2985 1083 3059 δοὺς
1111 2985 1262 3068 τριάκονθ’
1295 2992 1425 3079 ’Mm-

229 3090 380 3164 mattea
402 3095 499 3159 adrat
522 3093 587 3157 κτὲ.
612 3091 698 3159 rrnde
720 3090 797 3158 haec
822 3100 933 3178 poetae
955 3109 1071 3156 manus
1093 3093 1247 3179 emergit:

410 3197 464 3264 κοιὶ
488 3197 633 3280 θυγατέρ’
655 3195 776 3275 ἐξέδωκ’
800 3198 926 3274 ἐκεῖνος,
949 3199 989 3270 ὥς
1012 3195 1074 3277 ἐφιρ

410 3301 522 3381 adeda,
545 3303 596 3370 ἐπὶ
620 3304 712 3387 κεΙρρ
734 3304 801 3376 δοὺς
825 3301 974 3385 τριάκονθ’
998 3302 1130 3384 ἡμέροις.

274 3406 442 3473 Contrario
460 3426 570 3473 errore
589 3408 756 3494 inquinata
775 3416 852 3474 sunt
872 3404 1038 3474 Menandri
1059 3406 1156 3474 rerba
1179 3406 1266 3494 apud
1291 3410 1423 3485 Ammo

230 3512 321 3578 nium
351 3509 391 3578 dc
413 3513 451 3579 t).
471 3512 510 3579 V.
535 3532 567 3599 p.
591 3518 666 3582 110.
697 3514 863 3589 cardina,
899 3512 1023 3599 inquit,
1058 3512 1110 3579 καὶ
1144 3521 1222 3588 ταῖς
1255 3514 1422 3605 διιφέριι.

229 3618 378 3693 aaaron»,
408 3620 465 3698 μὲν
496 3617 561 3700 γὰρ
584 3622 602 3696 nl
625 3620 768 3702 ἕλενέἐρο
796 3621 870 3701 παρ’
896 3621 1072 3695 Ἀττικοῖς,
1102 3626 1179 3695 τοῖς
1210 3619 1283 3697 tlt
1308 3624 1422 3707 Sedu.

230 3720 404 3805 Μένοινδρος
423 3725 455 3791 ἐν
478 3725 663 3807 Δοοκτωλίρ·

409 3831 461 3897 ἐκ)
484 3829 574 3898 τοῦδε
596 3830 623 3897 δ’
645 3828 715 3899 att’
737 3828 832 3903 οὕτως
856 3828 870 3894 ὃ
895 3826 1107 3907 κιικοδωέμων,
1129 3827 1211 3911 ἔφη,

407 3938 447 4009 ὦς
470 3938 524 4002 οὐκ
546 3933 586 4001 ιἰν
608 3936 706 4011 dadolo
730 3932 904 4015 ἐνγοιτέροος
926 3931 1060 4013 ἄσμενος

409 4042 461 4106 aral
485 4045 592 4107 τοῦτον
615 4043 807 4117 πεντήκοντα
831 4038 1000 4113 παιδίσκος
1023 4037 1123 4120 έχων.

228 4143 304 4209 huie
332 4144 399 4212 loco
422 4148 676 4233 inexspectatum
708 4143 813 4210 lucem
842 4141 1009 4212 affundent
1032 4144 1213 4231 scripturae
1240 4142 1420 4231 codicum.

227 4269 306 4333 quos
333 4250 393 4317 sihi
421 4251 497 4317 olim
524 4249 775 4317 Valckenaerius
806 4250 939 4317 Parisiis
970 4250 1178 4318 excutiendos
1206 4252 1360 4337 curarit,
1389 4264 1421 4325 11

224 4374 302 4441 qrros
327 4358 449 4444 ipsein
473 4357 637 4426 hlarciana
661 4354 856 4427 Bibliotheca
882 4354 1054 4446 diligenter
1080 4354 1219 4436 contuli,
1242 4356 1276 4425 in
1300 4362 1423 4451 quibu
