2940 5010
724 287 783 346 671

168 477 268 549 quam
309 455 423 524 acerbe
457 456 489 521 in
526 454 684 543 sophistas
726 455 897 522 invehatur
931 462 1134 542 corruptores
1171 459 1375 549 iuventutis,

166 582 200 653 p.
216 568 272 632 91.
292 563 324 638 c.
349 571 383 630 et
405 562 563 649 quomodo
587 562 710 628 Socrati
734 560 860 647 oblique
882 559 1001 627 malurn
1027 562 1168 629 minetur
1191 585 1221 651 p.
1235 570 1289 633 94.
1310 564 1345 637 G.

211 670 333 737 Eorum
356 679 464 735 autem
489 669 655 743 omnium,
687 686 768 752 quae
792 665 964 752 Xenophon
989 666 1028 732 ab
1051 679 1238 737 accusatore
1258 670 1345 738 dicta

165 782 418 854 commemorat,
443 772 521 839 nibil
546 792 714 861 prorsusa
742 770 872 837 Platone
903 770 1049 838 auditum
1080 793 1150 840 esse
1177 774 1269 842 lacile
1297 777 1346 842 vi·

164 878 268 948 debis.
314 879 360 946 Ne
383 879 479 946 verbo
501 878 631 966 quidem
659 899 695 944 ee
719 878 862 959 crimina
894 878 1045 962 attingit,
1078 899 1160 966 quae
1192 899 1209 946 a
1243 881 1345 947 Xeno·

164 983 287 1074 pbocte
310 983 554 1071 diligentissime
578 983 758 1049 diluuntur.
805 984 973 1050 Praeterea
994 984 1185 1071 Xenophon:
1211 987 1225 1051 ὁ
1249 988 1345 1063 card·

163 1114 254 1175 γοροο
275 1091 337 1175 ἔφη
359 1089 437 1156 solet
462 1089 590 1165 dicere,
617 1089 707 1175 quasi
731 1109 812 1152 uuus
835 1087 929 1153 luerit
956 1097 1143 1167 accinatur,
1170 1090 1259 1156 Plato
1281 1100 1345 1158 tres

164 1203 370 1263 accusatores
400 1197 432 1261 in
464 1195 628 1262 Socratem
659 1192 779 1260 dixisse
810 1191 939 1260 disertis
964 1195 1069 1261 verbis
1093 1193 1226 1260 tradidit
1248 1205 1344 1263 etex

163 1300 266 1390 Anyti
285 1302 429 1367 oratioue
451 1301 545 1367 rerba
569 1299 724 1386 quaedam
755 1307 994 1366 commemorat.
1039 1300 1082 1366 ut
1110 1299 1244 1367 lleletus
1274 1304 1344 1389 qui-

162 1404 238 1475 dem
262 1415 294 1473 et
317 1408 402 1496 Lyco
421 1407 529 1492 exigui
554 1406 649 1492 pretii
672 1404 818 1471 homines
852 1404 1003 1483 luerunt,
1024 1406 1151 1494 Anytus
1173 1416 1285 1473 contra
1312 1417 1345 1475 et

162 1510 347 1580 ditissimus
369 1521 401 1579 et
428 1512 565 1579 summis
588 1509 761 1575 bonoribus
786 1529 865 1576 usus
889 1518 922 1576 et
948 1511 1075 1577 eximiis
1096 1512 1130 1576 iu
1153 1532 1254 1599 remp.
1279 1535 1345 1582 me·

160 1618 241 1686 ritis
265 1637 350 1685 unus
372 1619 517 1684 omnium
540 1617 784 1703 potentissimus
807 1617 840 1681 in
873 1635 940 1701 rep.
964 1614 1029 1681 illis
1052 1617 1248 1703 temporibus
1272 1618 1344 1689 luit.

106 1746 109 1751 ·
164 1722 249 1791 ilinc
272 1723 420 1790 Socrates
443 1725 475 1789 in
501 1722 641 1790 Platonis
672 1720 801 1807 Apolog.
827 1741 857 1807 p.
880 1724 932 1787 18.
957 1722 991 1787 B.
1017 1722 1063 1787 ita
1086 1721 1186 1789 dicit:
1208 1721 1258 1799 οὓς
1282 1726 1345 1803 ἐγὼ

163 1832 290 1911 μᾶλλον
312 1830 474 1913 φοβοῦμαι
503 1831 521 1906 ἣ
550 1829 636 1901 τοὺς
671 1827 776 1909 ἀμφὶ
807 1828 998 1905 ”Ανντον,·
1029 1829 1141 1911 καίτερ
1171 1829 1261 1903 ὄντας
1291 1833 1344 1897 καί
1425 1834 1428 1838 ’

162 1936 289 2011 τούτους
309 1935 438 2012 δεινούς,
462 1942 494 1999 ct
517 1935 552 1999 in
574 1932 792 2020 Xenophontis
816 1932 945 2019 Apolog.
972 1935 1064 2018 §aa
1090 1932 1237 2001 Socrates
1250 1938 1345 2004 Ἀνο-

160 2064 215 2109 τον
243 2039 393 2124 παριίντα
422 2041 489 2106 ideis
523 2035 630 2105 circes·
654 2044 746 2104 'Aah’
766 2039 780 2103 ί
803 2038 861 2117 μὲν
883 2039 958 2118 οίνίρρ
978 2036 1028 2103 tar
1061 2040 1164 2120 κνδρος
1192 2044 1232 2114 ὥς
1254 2042 1346 2122 μέγα

161 2146 269 2213 πνοιαί
292 2136 388 2212 καλὸν
411 2143 683 2226 διαπεπραγμένος
713 2145 747 2209 εί
771 2142 960 2210 ιίπέιιτονί
989 2169 1048 2222 με.
1094 2144 1228 2212 Meletus
1253 2157 1346 2234 podia
1398 2185 1401 2189 ⁷

161 2249 356 2326 mediocris,
381 2250 582 2328 adolescens,
615 2249 738 2316 nemini
762 2255 876 2323 notus,
910 2247 976 2315 iere
998 2269 1055 2336 pro
1086 2270 1186 2337 puero
1217 2251 1344 2320 ridetur

160 2354 197 2423 in
222 2354 394 2442 Apologia,
418 2366 451 2422 et
475 2358 506 2422 in
531 2354 763 2444 Ettthypltronc
787 2374 817 2441 p.
839 2358 869 2419 d.
896 2354 928 2419 B.
954 2355 1015 2428 νέος
1037 2357 1085 2430 τίς
1110 2381 1161 2436 μοι
1193 2360 1344 2438 Φαίνεται

160 2462 216 2529 eat
240 2462 353 2541 αγνίις.
388 2462 565 2543 ὀνομάζουσι
598 2461 701 2538 μέντοι
736 2459 852 2536 αὐτόν,
885 2462 925 2534 ὡς
948 2457 1093 2541 ἐγῷμαι,
1116 2463 1271 2539 Μίλητον.
1296 2465 1343 2536 ier

158 2566 193 2635 δὲ
211 2548 266 2634 τίν
289 2567 383 2645 δῆμον
408 2568 546 2657 (corrige
568 2573 626 2632 τῶν
645 2566 761 2654 δήμοιο)
785 2565 934 2639 Herdonio.
960 2565 1138 2651 circumagi
1159 2568 1244 2650 ἔχεις
1267 2582 1343 2639 Πιπ·

158 2672 216 2741 tta
239 2672 405 2751 Μέλητον,
428 2669 484 2738 οίον
508 2670 717 2752 τετανότριχα
740 2674 793 2737 καί
816 2674 849 2737 οὐ
873 2671 956 2737 ποίνν
979 2673 1148 2752 εὐγένειον,
1172 2676 1341 2759 ἐπίγρυπον

155 2776 203 2847 δέ.
226 2777 344 2864 quibus
374 2777 545 2864 respondet
570 2775 780 2865 llutbppbro:
804 2778 858 2842 οὐκ
879 2779 985 2853 ἐννοῶ,
1017 2775 1039 2844 ὦ
1061 2782 1234 2861 Σώκρατες.
1281 2783 1341 2847 Po-

148 2884 266 2951 ¹tuitnc
290 2883 473 2949 mordacius
496 2883 669 2949 obscurum
690 2880 963 2947 adolescentulum
987 2885 1228 2969 perstringere?
1253 2887 1339 2976 Lyco

156 2995 194 3057 et
217 2986 350 3055 Halotus
375 2988 476 3073 igilur
496 2988 579 3054 σκιαί
605 2989 779 3053 οίίοοοντινε
804 2987 837 3052 in
862 2987 983 3074 Anyt0,
1008 2989 1230 3072 potentissimo
1252 2995 1338 3071 viro,

154 3102 254 3163 cnut
271 3094 398 3171 omnia,
434 3092 474 3159 de
501 3113 564 3179 (μιν
590 3113 692 3179 pauca
712 3091 868 3178 qrraedam
901 3093 1086 3158 accuratius
1117 3113 1274 3181 exponam
1297 3098 1339 3165 ad

145 3198 444 3269 ¹demonstrandum
469 3198 522 3263 illo
545 3209 718 3265 accusante
749 3197 789 3265 dc
812 3197 974 3264 Alcibiade
1008 3206 1039 3264 et
1071 3197 1170 3264 Critia
1203 3204 1339 3268 mentio-

154 3323 235 3373 nem
258 3302 299 3370 ud
323 3302 446 3369 iudices
478 3302 599 3370 ncillam
637 3302 705 3369 lieri
740 3305 904 3389 potuisse,
935 3301 992 3368 sed
1023 3301 1125 3369 multo
1155 3307 1259 3373 serius
1283 3308 1338 3375 de·

153 3428 251 3479 mum
275 3407 314 3474 ad
332 3408 486 3474 invidiam
510 3408 634 3474 Socrati
667 3419 793 3476 mortuo
827 3407 1028 3474 conflandam
1059 3408 1145 3474 istud
1172 3413 1338 3481 crimene

154 3513 309 3603 Sopbista
337 3534 408 3582 esse
440 3514 561 3580 lictum.
605 3515 775 3587 ’Άνοτοςί
805 3514 1002 3591 Ἀνθεμίωνος
1028 3513 1059 3578 in
1084 3515 1234 3583 marianis
1256 3518 1339 3586 divi-

152 3622 216 3690 tiis
240 3628 335 3687 natus
366 3626 397 3685 et
421 3619 577 3686 educatus
600 3628 647 3685 est
671 3639 690 3684 a
713 3627 824 3705 patre,
847 3620 904 3705 qui
931 3618 1059 3685 sordido
1082 3621 1208 3707 opilicio
1231 3632 1341 3692 tantas

152 3746 236 3817 opes
265 3726 334 3814 ipse
364 3724 544 3810 collegerat.
591 3725 780 3807 Βυροοδέψνς
811 3726 897 3791 enim
932 3723 1014 3801 luit,
1052 3733 1087 3791 ut
1117 3726 1211 3793 Cleon
1244 3737 1339 3798 antea

153 3832 283 3908 luerat,
306 3850 402 3918 quem
428 3836 493 3893 tarn
521 3829 635 3896 acerbe
665 3830 724 3896 hoc
755 3849 881 3917 quoque
909 3827 1078 3916 opprobrio
1109 3832 1339 3920 Aristophanes

140 3938 347 4006 amatur.
384 3937 511 4022 Anytus
534 3937 635 4019 igitur
659 3938 802 4011 πλούσιος
826 3936 860 4014 ἦν
884 3938 918 4003 ἐκ
942 3937 1183 4018 raurobaccio,
1208 3946 1245 4005 ut
1266 3961 1338 4027 per·

151 4039 307 4113 eruditus
341 4041 579 4108 Grammaticus
612 4042 651 4108 ad
686 4043 824 4108 Platonis
866 4042 1051 4129 Apologiam
1082 4046 1264 4123 annotarit,
1305 4056 1338 4115 ct

152 4149 287 4237 Anytus
312 4148 381 4234 ipsc
404 4167 503 4234 qurum
527 4146 628 4214 tilium
655 4169 750 4214 suum
775 4146 815 4213 ad
836 4149 933 4214 istum
958 4154 1127 4233 quaestum
1152 4149 1339 4220 institueret

152 4274 177 4324 a
196 4254 329 4323 Sacram
360 4253 480 4319 dicitur
509 4255 561 4320 τὸν
590 4257 650 4321 νίὸν
675 4255 742 4336 περί
767 4254 885 4335 βύρσας
915 4252 1069 4319 παιδεύειν
1094 4255 1127 4318 iu
1149 4255 1338 4342 Xenophon·

151 4362 200 4431 tis
233 4359 384 4448 Apologia
416 4362 433 4446 §
460 4363 512 4426 νο.
546 4360 634 4427 Plato
666 4360 763 4448 Anyti
794 4367 918 4445 patrem
947 4357 1058 4425 eodem
1091 4361 1220 4428 nomine
1244 4362 1339 4430 urba·
