2940 5010
701 282 766 345 279

169 448 287 524 κἰιιοῖιν
305 452 359 521 καὶ
381 452 539 529 θνήσκουσι
562 454 719 521 δεκαταῖοι
745 454 890 533 μάλιςα,
922 462 954 521 et
984 454 1112 521 similia.
1160 453 1250 520 Plato
1271 474 1321 521 su·

167 556 218 639 h,
234 554 318 645 quod
339 557 461 636 sciam,
482 556 569 625 ἄττα
592 560 663 627 sinc
686 560 815 627 nomine
844 580 960 648 ponere
984 559 1085 637 solet,
1119 568 1155 625 ut
1183 560 1216 625 in
1240 558 1321 647 llep.

166 662 193 733 l.
207 666 268 733 tlt
290 664 325 731 B.
349 662 461 743 ἔλεγεν
493 662 580 731 ἄττα
602 667 847 749 προσκεκυφώς.
881 664 934 731 ubi
961 664 1054 744 ἔλεγέ
1081 690 1150 732 τινα
1179 685 1242 732 uon
1266 685 1321 752 po·

165 776 225 839 int
243 766 362 837 dicare.
408 769 505 837 Plura
527 768 683 836 indicabit
703 769 907 837 Heindorlius
928 769 968 837 ad
994 771 1126 839 Tbeaet.
1150 791 1181 857 p.
1199 774 1262 837 148
1286 769 1320 837 C.

164 874 211 945 h
229 872 400 941 ridendum
430 883 478 941 est
506 874 776 961 quemadmodum
807 877 839 941 in
870 875 920 941 bis
949 875 1073 943 scribae
1105 876 1247 962 grassari
1270 895 1319 943 so·

165 978 237 1051 hrt.
285 980 431 1047 Primum
466 982 612 1048 omnium
643 980 727 1049 male
753 980 879 1067 explent
908 980 1073 1050 elisionem
1107 990 1139 1049 et
1171 980 1319 1048 scribunt

165 1092 218 1153 τοῖο
235 1084 342 1164 ὅττι,
365 1092 498 1153 τοιαῦτα
521 1085 630 1163 ἄττα,
652 1086 757 1167 οἰκτρὰ
781 1086 890 1161 ἄττα,
915 1086 949 1151 in
973 1086 1117 1153 Phaedro
1143 1108 1174 1174 p.
1192 1090 1257 1153 259
1280 1087 1318 1153 ll.

165 1191 313 1275 Ηβτοδα
343 1190 452 1269 ἅττα,
487 1193 520 1257 in
552 1190 689 1280 Lyside,
729 1200 763 1258 ul
795 1190 954 1267 vidimus,
986 1192 1057 1275 τρία
1089 1192 1176 1259 ἅττα
1205 1201 1239 1259 ct
1269 1192 1318 1259 sic

166 1298 266 1385 μου.
311 1297 433 1365 Eodem
462 1316 572 1363 errore
605 1296 760 1363 scribitur
795 1299 826 1363 in
860 1297 1151 1365 Grammaticorum
1185 1296 1317 1375 λέξεσιν.

168 1400 285 1471 mim:
308 1404 416 1471 Arrxrl
436 1400 544 1469 rlrra:
577 1401 674 1470 λοιποὶ
701 1428 793 1480 τινα,
826 1402 1024 1491 Hesychius:
1058 1404 1179 1485 ὀκιγα
1209 1402 1316 1470 alera:

167 1504 236 1587 Ννιι
254 1508 347 1587 τινά,
369 1516 403 1575 et
422 1507 496 1575 aliis
516 1507 604 1574 loeis.
653 1508 698 1574 Ne
719 1517 860 1574 metrum
883 1507 1014 1595 quidem
1037 1510 1155 1577 retinet
1177 1507 1317 1576 scribas:

168 1609 334 1681 binubos
354 1632 401 1679 ιι.
418 1616 495 1679 620.
519 1612 688 1679 borennas
709 1614 853 1681 exbibet:

315 1714 380 1793 ὅτις
401 1718 665 1800 σκαλαθυρμάτια
686 1716 773 1785 ἄττα
796 1720 892 1800 μικροὶ
914 1718 1095 1798 pectavo,

169 1838 213 1907 ηιι
226 1822 433 1891 confidentius
454 1830 580 1890 caetera
608 1823 803 1891 emendabis.
851 1826 1018 1892 Praeterea
1045 1825 1099 1891 ubi
1127 1832 1202 1891 ante
1225 1842 1317 1891 voca·

169 1922 212 1995 Ιιιι
232 1926 300 1997 ὄπ’
325 1936 384 1997 aut
411 1927 487 1995 ἄττ’
516 1938 567 1997 est
589 1930 747 2016 scriptum
773 1949 867 2016 saepe
899 1929 1036 1997 alterum
1064 1954 1085 1997 τ
1107 1931 1263 1997 omittunt
1284 1937 1318 1996 et

170 2028 207 2097 ἃ·
218 2042 265 2101 aut
283 2032 342 2115 dy·
362 2033 503 2101 assolent
523 2033 678 2111 scribere,
701 2035 796 2101 cuius
818 2036 863 2100 rei
889 2036 952 2101 iam
973 2033 1191 2123 compluscula
1211 2054 1317 2101 exem·

171 2134 307 2227 phrupra
327 2136 498 2217 dedimus,
530 2140 583 2207 uhi
618 2141 650 2204 in
671 2138 827 2226 Eupolide
857 2140 1102 2208 ostendebamus
1138 2161 1194 2228 pro
1220 2139 1318 2222 μικρά

122 2270 125 2279 ·
169 2242 194 2319 ν’
216 2244 333 2326 bodera
363 2246 484 2331 optime
519 2246 694 2311 Porsouum
726 2245 913 2312 emendasse
947 2248 1030 2328 plen*
1061 2245 1134 2313 ἄττ’
1174 2245 1316 2328 ὀρτύγια.

171 2342 232 2415 flu
247 2350 279 2417 iu
305 2348 508 2419 Adversariis
536 2371 566 2438 p.
589 2354 665 2417 257.
696 2349 782 2417 ἅσσα
806 2351 976 2437 aliquoties
1000 2350 1147 2440 Sopbooli
1177 2350 1318 2418 reddidit

170 2454 369 2543 ttlptboni:

313 2560 459 2641 ἀγένητα
480 2572 598 2640 ποιεῖν,
621 2560 694 2628 ἔστ’
718 2562 758 2628 ἂν
780 2560 798 2643 ᾖ
822 2563 1043 2645 πεπραγμένα.

171 2662 283 2745 Μετ’
304 2668 344 2735 ἂν
367 2666 397 2751 ἦ.
443 2666 579 2734 Confusa
603 2676 680 2733 sunt
703 2666 813 2734 eadem
835 2677 867 2734 et
891 2668 966 2735 alibi
990 2681 1024 2736 et
1045 2666 1130 2756 opud
1151 2664 1318 2734 Aescbrio·

171 2782 224 2835 Ιιι
240 2768 379 2839 Samium
401 2772 518 2839 Athen.
543 2792 573 2859 p.
594 2778 659 2839 555
684 2773 720 2839 ll.

315 2876 454 2961 ἔγραψεν
477 2876 549 2944 ὅστ’
572 2878 711 2959 ἔγραψ’,
733 2879 795 2956 ἐγὼ
818 2880 881 2960 γὰρ
904 2883 957 2945 οὐκ
979 2876 1061 2945 οἶδα.

170 2972 211 3041 lli
230 2980 259 3049 in
280 2981 353 3050 aliis
378 2994 427 3051 est
452 2980 518 3050 ὅσα
541 2983 671 3063 ἔγραψ’.
718 2983 882 3051 luteriisse
912 2984 998 3051 ἅττα
1025 2993 1057 3049 et
1079 2980 1315 3050 restituendum

169 3082 274 3167 Ιοᾶη·
303 3088 451 3175 suspicor
473 3090 506 3154 in
530 3090 674 3155 oratione
699 3090 802 3175 prima
823 3094 896 3156 κατ’
919 3090 1156 3171 ’Λριτογεισονοο
1191 3108 1220 3174 p.
1240 3090 1316 3152 710.

168 3186 209 3253 ll!
222 3192 324 3273 hurico
348 3196 421 3275 πρὸς
454 3195 537 3273 ὑμᾶς
560 3195 657 3258 εἰπεῖν
679 3190 736 3271 οἵγ’
760 3195 826 3273 ἐμοὶ
851 3198 1022 3277 Φαίνεται,
1058 3196 1123 3259 imo
1146 3211 1221 3257 vero
1242 3187 1317 3257 ἅττ’

167 3288 382 3383 Monimou.
430 3297 586 3365 Similiter
610 3299 641 3363 in
674 3298 742 3365 loco
765 3299 950 3385 Euripidis,
983 3319 1078 3387 quem
1103 3318 1202 3386 supra
1232 3305 1316 3363 attu·

165 3392 257 3485 Ιίιιν,
275 3404 406 3473 editur:

315 3508 339 3578 οἵ
362 3516 396 3589 γ’
419 3506 469 3575 οὖν
492 3516 628 3589 παραινῶ
652 3510 758 3574 ταῦτα
780 3533 840 3588 μου
863 3510 968 3587 δέξαι,
993 3512 1099 3590 γύναι.

155 3612 286 3699 mtn‘
308 3612 383 3691 οὖν,
415 3624 448 3681 et
467 3623 577 3681 nostro
602 3614 670 3680 loco
693 3616 725 3679 in
756 3614 934 3682 Heraclidis
955 3614 978 3683 a‘i
997 3620 1031 3696 γ’
1055 3613 1149 3691 εἶπας
1171 3618 1317 3694 dardoru-

151 3742 199 3796 σαι
220 3742 277 3809 pro
296 3716 371 3788 ἅττ’
393 3718 497 3797 εἷται.
545 3721 688 3805 lienique
713 3722 744 3784 in
767 3720 949 3787 Pboenissis
972 3743 1018 3787 vs.
1039 3727 1099 3789 96:

543 3827 650 3892 ταντα
674 3828 700 3891 δ’
723 3823 841 3901 ἐξειδὼς
865 3828 974 3909 φράσοι

316 3930 339 4001 c'a'
361 3935 391 3999 τ’
413 3928 492 3999 εἶδον
514 3932 678 4010 εἰσήκουσά
701 3934 730 3996 τ’
753 3933 899 4013 Ἀργείαν
922 3934 1032 4013 nepa,

137 4038 226 4127 pius
247 4062 286 4106 τι
305 4038 390 4105 male
409 4038 598 4105 collocutum
624 4038 693 4103 uitii
714 4038 927 4123 suspicionem
950 4045 1066 4105 moret.
1113 4033 1316 4103 Facillimum

133 4150 185 4213 Ιῑ
205 4142 380 4211 colendam
400 4141 649 4210 ταυτα-ἅττ’
671 4140 750 4209 εἶδον
772 4146 935 4221 εἰσήκουσά
956 4171 1002 4210 τε.

176 4248 320 4317 Aaron
344 4248 396 4315 bis
416 4248 554 4334 denique
577 4246 666 4314 locus
690 4249 911 4316 llemostbcuis
933 4250 972 4317 de
994 4251 1027 4317 Ε.
1047 4248 1083 4316 L.
1108 4269 1138 4336 p.
1161 4251 1236 4314 597.
1262 4241 1316 4309 ubi

130 4374 235 4443 quum
259 4354 411 4423 dixisset:
435 4355 682 4431 συλλογίσασθαι
702 4356 738 4431 δη
756 4355 911 4436 βούλομαι
935 4356 977 4424 τὰ
999 4354 1236 4437 κατηγορημένα
1258 4353 1317 4417 σῖτ’
