2940 5010
708 270 773 339 rte

143 477 202 526 τας
235 448 278 528 ἐξ
309 448 407 515 ίσου.
454 446 539 515 Haec
561 449 648 515 enim
678 458 728 516 est
758 452 900 535 ίσηγορία
935 449 1054 519 liberae
1083 450 1226 518 civitatis
1253 449 1318 519 ὅταν

142 562 237 624 πᾶσιν
262 554 303 633 ἐξ
326 555 413 620 ἴσου
435 552 541 631 λέγειν
567 551 631 637 ἐξῇ.

186 663 223 729 ln
249 660 359 728 eadem
385 662 404 744 ς
430 659 527 724 etiam
560 658 654 745 ptura
679 661 792 727 insunt
815 663 909 728 vitia:
935 662 968 728 in
989 660 1098 729 verbio
1126 664 1155 729 ei
1179 660 1237 743 μὲν
1263 666 1318 747 γὰρ

138 768 248 852 χρηςοί
271 766 379 845 ἔλεγον
402 765 454 830 καί
478 765 676 844 ἐβουλεύοντο
699 776 764 842 τοῖς
786 767 897 847 ύμοίοις
921 769 1030 849 σφίσιν
1052 771 1162 841 αὐτοῖς
1186 762 1222 841 ἦν
1243 769 1319 845 dyo·

140 872 189 940 oe.
225 873 366 959 primum
400 869 497 957 probo
532 870 611 936 Mori
643 871 863 940 coniecturam
894 874 1059 955 ἐβούλευον
1092 892 1151 961 pro
1185 873 1319 953 ἐβουλεύ
1365 914 1367 919 -

139 1002 206 1046 οντο
229 976 435 1065 reponentis,
465 995 546 1062 quoe
570 975 781 1044 confirmatur
804 986 836 1046 et
862 979 904 1045 iis
924 998 1007 1067 quae
1032 977 1253 1067 praecedunt:
1281 980 1320 1058 pi

140 1088 196 1153 ἐῖον
223 1084 329 1164 λέγειν
360 1083 439 1162 μηδὲ
471 1083 710 1162 βουλεύειν,
734 1092 767 1150 et
791 1085 833 1150 iis
862 1103 944 1171 quae
967 1093 1173 1172 sequuntur:
1204 1086 1258 1150 οὐκ
1277 1082 1322 1149 id·

141 1215 225 1258 σουσι
247 1189 447 1270 μονουμένους
471 1189 640 1270 οὶνίρύτους
662 1189 883 1268 βουλεύειν
905 1190 971 1256 οὐδὲ
993 1189 1111 1269 λέγειν.
1160 1189 1322 1259 Pnetem

141 1296 314 1383 Xenophon
347 1314 409 1360 non
435 1312 529 1379 aegre
553 1293 675 1361 terebat
706 1294 890 1363 istiusmodi
923 1294 1071 1363 homines
1101 1296 1324 1377 βουλεύεσθαι,

140 1402 196 1470 sed
219 1400 454 1481 συμβουλεύειν.
503 1398 591 1468 Duae
624 1399 787 1468 litterulae
815 1411 876 1468 Το
910 1401 993 1468 maie
1020 1400 1262 1481 adhaeserunt,
1291 1409 1325 1469 ot

139 1507 316 1575 sexcenties
350 1504 449 1585 alibi,
480 1524 519 1572 ox
551 1526 598 1592 sq.
631 1504 771 1573 articulo
801 1517 917 1574 ΤΟΙΣ.
971 1506 1142 1575 Praeterea
1177 1506 1324 1574 ritiosnn

138 1631 208 1679 esse
238 1608 273 1688 οἷν
304 1610 414 1691 οδγαύοί
437 1609 578 1676 ostendit
611 1612 719 1694 σφίσιν
742 1615 848 1688 αὐτοῖς
878 1612 939 1677 ιε’ύί
967 1612 1063 1698 ι’ριιίι,
1099 1609 1189 1699 quod
1213 1610 1327 1679 indicio

139 1727 189 1785 est
210 1716 343 1800 ἐπύριζον
366 1715 405 1782 ἴον
429 1714 477 1781 tel
500 1716 730 1799 παρεσκεύαζον
753 1715 792 1783 ἄν
816 1717 864 1784 vel
888 1716 1058 1800 ἐξεύρισκον
1081 1716 1122 1784 ἄν
1155 1717 1209 1808 (ut
1233 1719 1266 1783 in
1286 1719 1328 1784 ri·

138 1826 211 1891 eino
233 1823 301 1889 loeo
325 1820 503 1909 simillimo)
530 1822 579 1888 rel
604 1820 789 1889 huiusmodi
813 1820 892 1909 quid
912 1821 988 1888 otim
1024 1824 1188 1910 seriptum
1220 1822 1327 1892 inisse.

138 1930 220 1996 'l'um
250 1948 397 2016 expungo
427 1927 529 2005 λέγον
563 1927 596 1993 in
626 1927 753 1994 verbis:
786 1934 839 1995 νῦν
861 1929 893 1994 δέ
921 1927 1051 2016 [λέγων]
1087 1929 1102 1993 ί
1136 1928 1324 2009 βουλόμενος

137 2036 284 2110 οὲναςας
316 2033 468 2115 ἄνθρωπος
501 2034 625 2114 πονηρὸς
650 2032 816 2115 ἐξευρίσκει
845 2036 984 2112 τοέγαύδν
1015 2033 1101 2116 αὐτῷ
1125 2059 1163 2101 τε
1187 2037 1242 2102 καί
1266 2042 1324 2109 τοῖς

137 2142 248 2220 ὁμοίοις
271 2141 379 2222 αύτῷ,
411 2136 496 2225 quod
528 2137 647 2205 sciolus
669 2138 709 2206 de
734 2160 793 2206 suo
822 2138 947 2206 addidit
970 2139 1073 2206 multo
1107 2138 1227 2207 melius
1258 2158 1326 2226 par·

137 2246 249 2332 tioipio
270 2245 393 2319 οὶναςοίς
417 2243 636 2329 significatum
667 2253 747 2311 erat.

181 2347 337 2417 Coniusae
360 2358 437 2415 sunt
461 2351 712 2436 praepositiones
736 2370 818 2436 quae
842 2350 1003 2429 assolent,
1026 2351 1051 2417 Ι.
1074 2353 1112 2417 9:
1147 2353 1228 2417 ύπδ
1263 2350 1326 2418 τού

137 2482 195 2525 τιον
217 2457 315 2522 τοίνυν
335 2461 394 2520 τῶν
414 2457 541 2533 epotos
563 2454 675 2538 rdxts’
696 2454 736 2520 ἂν
756 2456 771 2520 d
792 2457 886 2536 δῆμος
911 2459 953 2530 είς
977 2456 1117 2523 δουλείαν
1140 2458 1325 2524 καταπέσοι.

138 2565 278 2650 Apparet
302 2559 543 2646 Xenophontem
568 2559 628 2627 hoo
653 2560 781 2628 dicere:
812 2566 918 2627 ταῦτα
938 2562 1036 2628 τοίνυν
1060 2563 1195 2640 repete
1217 2561 1325 2644 στύγημ’

137 2668 177 2734 ἂν
198 2669 250 2735 τὸν
273 2669 368 2746 δῆμον
398 2667 442 2740 είς
477 2666 617 2732 δουλείαν
653 2669 865 2744 καταςησειε,
898 2665 948 2732 vel
981 2665 1187 2746 καταβάλοι,
1222 2668 1326 2753 itaque

138 2774 260 2860 passiva
287 2771 389 2838 forma
412 2772 459 2838 sio
480 2770 651 2838 dicendum
678 2781 747 2838 est:
772 2773 841 2840 ὑπὸ
865 2773 978 2840 τούτων
998 2775 1096 2839 τοίνυν
1118 2779 1179 2839 τῶν
1202 2773 1326 2852 dreini-r

136 2879 248 2961 τύχις’
271 2878 311 2944 ἂν
334 2881 444 2951 -είς
469 2878 609 2943 δουλείαν
637 2879 881 2944 καταπέσοι.

182 2985 219 3051 dn
253 2987 271 3070 §
299 2989 350 3051 10.
383 2983 490 3050 verbis
524 2983 728 3070 transpositis
757 2991 790 3049 et
820 2985 941 3052 inserto
974 2982 1013 3049 de
1036 2984 1117 3050 Mori
1140 2987 1327 3052 coniectura

136 3092 325 3180 pronomine
354 3116 401 3164 τις
438 3089 485 3155 sie
518 3087 722 3156 scribendum
757 3108 827 3156 esse
854 3108 987 3155 censeo:
1024 3088 1181 3163 πολλάκις
1209 3088 1251 3154 ἄν
1281 3114 1326 3164 τις

136 3199 241 3274 οίηύείς
272 3198 376 3264 δοῦλον
411 3193 490 3262 εἶναι
521 3197 574 3262 σδν
597 3196 756 3270 Ἀύηναῖον
781 3193 940 3272 ἐπάταξεν
972 3191 1021 3261 ἄν.
1070 3195 1105 3260 ln
1134 3194 1229 3260 libris
1259 3204 1327 3263 est:

137 3303 291 3377 πολλούιιις
315 3303 353 3370 ἂν
377 3302 483 3377 σιήύεὶς
506 3297 584 3366 εἶναι
605 3302 657 3366 τὸν
679 3303 836 3375 Ἀθηναῖοι
859 3301 974 3367 δοῦλον.

182 3411 219 3476 ln
246 3413 264 3495 §
293 3413 343 3475 15.
377 3407 546 3474 lectionem
573 3405 684 3472 moitis
708 3405 872 3472 erroribus
903 3404 1092 3493 impeditam
1126 3407 1175 3473 sie
1209 3409 1327 3474 consti·

136 3516 272 3584 trierim:
296 3515 367 3588 τοὺς
388 3515 420 3580 δέ
441 3513 692 3596 γυμναζομένους
716 3513 768 3578 καί
793 3512 888 3586 τοὺς
911 3514 1059 3592 μουσικὴν
1085 3513 1326 3588 ἐπιτηδεύοντας

137 3621 352 3690 καταλίλυιιεν
376 3621 390 3685 ὃ
412 3621 525 3698 δῆμος,
550 3623 590 3686 σύ
615 3618 742 3701 νομίζων
761 3625 850 3686 τοῦτο
874 3621 907 3685 οὐ
936 3621 1032 3685 καλὸν
1057 3614 1153 3695 εἶναι,
1177 3619 1273 3697 γνοὺς
1296 3621 1327 3687 δέ

136 3727 182 3796 ὅτι
206 3729 240 3793 σύ
263 3725 390 3798 δυνατός
416 3727 480 3795 ἐςιν
502 3727 595 3800 αὐτὸς
619 3730 725 3792 ταῦτα
758 3725 957 3800 ἐπιτηδεύειν.
1005 3723 1143 3792 Editur:
1175 3726 1229 3791 καί
1255 3727 1328 3802 την

136 3835 307 3914 μουσικήν,
338 3829 394 3896 sed
418 3832 495 3917 quia
519 3830 638 3897 diversi
661 3839 738 3897 sunt
765 3833 791 3896 οί
815 3831 1044 3914 γυμναζόμενοι
1071 3838 1104 3896 et
1128 3833 1154 3897 οί
1178 3834 1328 3910 μουσικύςν

137 3941 364 4016 ἐπιτηδεύοντες
390 3944 514 4002 certum
536 3945 586 4004 est
610 3937 784 4004 articulum
810 3939 880 4012 τούς
906 3936 1007 4024 repeti
1036 3944 1194 4024 oportere.
1242 3948 1328 4004 Meo·

136 4048 206 4122 σικη
231 4050 305 4110 noto
328 4063 391 4110 usu
411 4043 480 4110 sine
503 4042 640 4110 articulo
667 4045 819 4130 ponitur:
856 4047 888 4110 ού
914 4053 947 4111 et
969 4043 1002 4111 δέ
1026 4044 1091 4109 iam
1116 4041 1173 4109 atii
1196 4041 1330 4112 addide-

138 4159 234 4218 runt:
268 4151 301 4215 in
327 4148 389 4216 fine
412 4149 542 4236 vulgata
566 4149 660 4216 lectio
683 4160 732 4217 est
757 4169 854 4218 sensu
877 4170 999 4217 vacua:
1030 4150 1123 4229 γνοὺς
1147 4146 1194 4217 dm
1221 4152 1254 4216 ού
1278 4150 1328 4217 δυ·

138 4259 220 4324 νατοὶ
242 4253 349 4322 ταῦτα,
371 4256 434 4324 ἐςιν
457 4256 655 4331 ἐπιτηδεύειν.

194 4361 361 4429 Manifesta
394 4361 580 4431 mendosum
614 4372 662 4430 est
692 4367 717 4429 οἱ
751 4362 874 4446 ἰσχυροί
898 4365 928 4430 in
965 4367 982 4447 §
1011 4367 1065 4430 ld:
1099 4366 1326 4442 repressores
