2940 5010
775 276 840 338 492

212 454 267 521 τῆς
290 445 403 527 ἄρκτου
427 449 569 529 epure,
594 448 647 512 κκί
670 451 867 521 οὶλωτεκῆ
891 451 909 524 ἦ
935 456 991 523 τῆς
1017 449 1199 527 ἀλώπεκος,
1226 451 1281 517 καί
1302 460 1408 529 λυκνῑ

213 554 231 626 ἡ
255 557 310 618 τοῦ
333 551 446 630 λύκου,
478 552 531 618 κωί
560 562 697 635 μοσκῆ
722 557 740 630 i
764 560 818 621 τοῦ
842 553 984 635 μόσχου,
1007 555 1046 627 ὥς
1070 552 1311 638 Ἀναξανδρίδης
1330 556 1411 639 είρη·

214 678 285 721 κεν·

442 766 560 846 οίρκτῆ,
583 773 714 842 λεοντῆ,
737 768 905 847 τωρδοολῆ,
929 772 1060 847 μοοχῆ,
1085 773 1170 840 κυνῆ.

216 875 249 932 et
272 866 356 953 apud
380 867 555 936 Homerum
579 870 673 949 βοὲη,
696 879 729 936 et
747 872 854 950 βοείη,
878 869 1059 952 τωρδιιλὲη,
1082 871 1185 945 κυνίη.
1233 872 1411 955 ’Animis

217 971 375 1040 Herodoto
394 973 592 1041 reddendum
608 976 645 1040 V.
672 979 726 1042 25.
750 976 889 1057 ἀπέδειρε
921 980 1028 1041 nicar
1052 976 1108 1051 την
1130 976 1348 1057 οίνίρωτηί
1351 1002 1413 1057 ην,

215 1077 372 1156 οτοιδίξοις
393 1081 425 1146 δὲ
448 1083 543 1147 κὺτοῦ
566 1083 601 1147 τὸ
624 1081 722 1162 δέρμοι
742 1079 879 1160 ίμοίντοις
903 1080 938 1157 ἐξ
961 1081 1057 1146 κὺτοῦ
1077 1079 1177 1160 ἔτοιμε
1200 1082 1253 1148 κοιί
1278 1083 1410 1150 ἐνέτεινε

215 1185 266 1249 τὸν
290 1185 385 1267 ίρόνον
407 1187 439 1259 ἐς
463 1188 514 1253 τὸν
537 1185 606 1268 ἵζων
628 1186 765 1268 ἐδίκοιζε,
790 1183 875 1271 quod
896 1186 982 1251 enim
1008 1185 1121 1252 Pollux
1140 1185 1180 1251 ll.
1206 1193 1238 1253 b.
1261 1185 1341 1255 bino
1362 1186 1411 1255 ai·

215 1288 278 1354 lert
301 1291 336 1355 τὸ
360 1291 392 1356 δὲ
415 1293 568 1374 οὶνίρώτου
599 1292 695 1373 δέρμκ
721 1293 923 1372 ἀνίρωτῆν
954 1292 1109 1374 Ἡρόδοτος
1140 1300 1237 1359 κοιλεΐ
1255 1290 1298 1359 ud
1321 1291 1411 1359 loni·

215 1413 272 1460 eae
297 1394 425 1460 dialecti
449 1399 606 1463 rationem
631 1396 847 1462 revocandum
877 1405 948 1462 erat
973 1406 1003 1463 et
1028 1396 1201 1478 νὶνίρωτέην
1232 1396 1411 1485 utrobique

216 1499 470 1567 rescribendum.
518 1503 658 1589 Apposui
692 1502 785 1588 plura
816 1500 966 1567 Herodoti
997 1512 1033 1568 nt
1056 1502 1161 1568 obiter
1191 1501 1326 1569 Diodori
1358 1502 1409 1570 Si·

216 1605 281 1671 euli
312 1605 417 1672 loonm
449 1606 489 1673 de
521 1608 619 1673 simili
652 1605 883 1673 rescribentis
914 1606 1086 1674 emendare
1116 1607 1239 1675 liceret.
1288 1608 1411 1675 Editur

216 1710 300 1797 opud
328 1712 419 1779 Diod.
442 1713 508 1779 XV.
537 1718 587 1779 10.
621 1713 746 1782 δικοιςοιί
773 1711 918 1788 δόξοντες
940 1721 1041 1787 κακῶς
1075 1714 1182 1795 κρίνειν
1205 1713 1318 1795 ζῶντες
1342 1712 1410 1791 ἕξε-

215 1817 350 1899 διίρηοοιν
382 1819 435 1884 κοιί
472 1821 545 1900 ὑπὲρ
575 1826 635 1885 τῶν
670 1819 831 1886 δικιιςικων
872 1819 983 1901 δίφρων
1018 1819 1312 1901 τεριτείέντων
1347 1822 1409 1886 τῶν

215 1923 372 2004 δερμοίτων
394 1924 445 1988 inl
463 1925 577 1990 τούτων
602 1924 739 2005 ε’δίκοοζον
762 1926 788 1989 oi
811 1925 938 1993 δικοιςοιί
949 1975 958 2002 ,
982 1925 1079 1990 etiam
1104 1923 1158 1991 hio
1183 1934 1219 1991 ui
1243 1944 1408 1991 nonnum·

216 2048 312 2113 qnam
337 2028 412 2094 alibi
436 2031 766 2106 exterminatione
790 2027 998 2115 depravatum
1028 2038 1077 2096 est
1101 2030 1409 2119 emendandumqoe

215 2135 516 2215 τεριτκίέντων
548 2143 607 2200 τῶν
639 2135 808 2218 δερμάτων.
862 2138 1051 2213 Ἀλωπεκῆ,
1084 2135 1169 2221 quod
1199 2135 1408 2223 Xenophonti

215 2237 413 2306 reddendum
444 2260 514 2308 esse
543 2260 733 2319 censemus,
766 2240 971 2307 notissimum
1010 2249 1061 2307 est
1091 2240 1140 2307 vel
1171 2242 1212 2308 ob
1243 2242 1406 2331 Lysandri

215 2343 357 2411 dietum:
380 2344 455 2412 ὅτου
476 2349 521 2426 μη
541 2348 715 2427 ἐφικνεῖται
736 2349 754 2423 ἡ
773 2355 882 2421 λεοντῆ
903 2346 1111 2428 τροτροιττίον
1132 2346 1209 2415 εἶνκι
1227 2349 1286 2423 την
1308 2349 1407 2414 ritu·

214 2459 351 2528 τεκῆν,
382 2459 414 2517 et
445 2450 521 2516 illud
554 2452 660 2537 ipsum
685 2451 875 2518 vocabulum
908 2461 1045 2537 usurpat
1076 2451 1257 2518 Herodotus
1289 2452 1406 2519 eadem

214 2552 253 2617 de
278 2554 457 2621 Thracibus
480 2555 623 2622 reserens
643 2557 711 2622 Vll.
735 2563 788 2623 75.
837 2560 966 2639 Θρήϊκες
991 2557 1041 2622 ἐπὶ
1065 2559 1122 2637 μίν
1143 2568 1214 2641 τῇσι
1239 2564 1405 2642 κεφαλῇσι

214 2662 450 2735 ἁλωτεκέοος
474 2661 599 2742 ἔχοντες
621 2664 841 2743 ἕςροιτεύοντο,
865 2662 932 2742 τερ)
958 2663 989 2727 δὲ
1008 2665 1045 2727 τὸ
1067 2666 1160 2739 σῶμα
1183 2665 1330 2743 κιίῶνοιε,
1351 2666 1405 2731 ε’τί

212 2765 244 2829 δὲ
267 2767 367 2849 ζειρίις
392 2768 652 2849 περιβεβλημένοι
676 2768 839 2843 ποικίλοις,
864 2786 946 2852 quae
971 2767 1209 2852 Xenoplronteis
1232 2768 1406 2839 simillima

212 2881 298 2937 snnt.
355 2872 467 2958 ltaque
500 2881 557 2938 ant
592 2872 798 2939 statuendum
831 2880 879 2938 est
910 2874 1108 2946 denentiae
1138 2893 1196 2960 pro
1227 2876 1405 2951 ἀλωπεκᾶς

211 2987 298 3044 reete
318 2978 382 3045 diei
404 2998 495 3066 posse
518 2977 614 3066 (qnod
636 2980 798 3044 neminem
822 2976 914 3042 iaeile
935 2977 1147 3063 probaturum
1171 2979 1316 3068 opinor),
1343 2990 1403 3049 aut

211 3083 345 3168 proclivi
369 3105 477 3150 errore
498 3084 576 3151 haee
600 3086 686 3150 inter
709 3104 743 3151 se
766 3082 898 3147 eoniuse
923 3083 1039 3161 luisse,
1064 3092 1100 3148 nt
1123 3083 1234 3149 λέοντε
1259 3094 1293 3151 et
1310 3101 1405 3154 λειν·

209 3197 286 3266 τῆν,
317 3195 446 3264 λεοντᾶς
471 3198 503 3256 et
526 3193 654 3263 λέοντας
680 3187 763 3275 opud
792 3188 970 3253 Luciaonm
993 3187 1124 3253 contusa
1156 3209 1225 3256 esse
1256 3191 1403 3258 ostendi-

210 3314 293 3359 mus.
341 3296 428 3361 Idem
450 3315 541 3362 error
563 3298 594 3362 in
619 3294 832 3362 Demosthene
852 3295 1045 3359 commissus
1074 3315 1102 3380 p.
1124 3299 1228 3372 1577,
1255 3302 1317 3373 11,
1343 3297 1402 3365 ubi

208 3397 311 3465 Codex
335 3400 367 3466 S.
392 3396 541 3467 exlrib'et:
565 3405 590 3467 oi
614 3402 674 3474 rire
699 3424 831 3473 κοινοις
858 3398 918 3472 τίοι
937 3401 1083 3479 βοιωτίοις
1102 3400 1248 3484 ἔχοντες,
1275 3405 1401 3471 caeteri

207 3506 267 3577 τὰς
291 3505 385 3579 κύνας
409 3514 556 3584 servant,
582 3504 666 3571 unde
689 3503 818 3571 tandem
841 3506 901 3579 τδρ
925 3511 1019 3579 κυνᾶς
1043 3505 1156 3572 elicuit
1179 3504 1352 3594 Taytorus.

252 3610 289 3676 lo
313 3617 331 3697 §
351 3618 381 3678 b.
414 3612 523 3688 ἔλεγεν
552 3609 616 3685 ὅτι,
651 3612 677 3676 εί
702 3611 746 3688 μη
776 3611 1013 3688 κοιτοιβήοοντκι
1042 3613 1213 3687 οἰκήσοντες
1245 3612 1299 3678 nni
1328 3619 1403 3684 τεί-

207 3740 335 3791 οοντοιι,
360 3714 436 3802 [ὅτι]
461 3715 655 3783 κοιτοικοιιίυει
680 3715 732 3781 uni
756 3716 871 3780 τούτων
895 3716 955 3787 τοὶς
974 3717 1104 3795 κώμοις,
1132 3737 1193 3783 uon
1217 3724 1323 3803 potest
1349 3719 1399 3788 ὅτι

206 3824 253 3888 sie
275 3823 406 3899 iterari,
439 3821 495 3888 sed
518 3821 718 3908 frequentem
745 3820 831 3886 hune
854 3821 1035 3887 scribarum
1068 3842 1211 3889 errorem
1235 3842 1306 3890 esse
1328 3845 1401 3895 sae·

203 3929 277 4013 pins
298 3926 543 3993 deelaravimus.

250 4032 285 4097 ln
308 4033 375 4098 Vll.
406 4053 447 4099 ιν.
483 4039 534 4098 lb.
568 4033 685 4097 iterum
717 4052 850 4118 zeugma
885 4032 1164 4120 interpolationem
1200 4037 1327 4122 peperit
1359 4040 1396 4106 in

203 4137 326 4205 verbis:
360 4138 412 4203 κω)
438 4140 620 4220 Ξενοφῶντκ
651 4139 777 4218 ίνομοιςί
802 4143 970 4212 κοιλοῦντες
999 4137 1121 4215 ἐξιάντοι
1145 4139 1284 4207 ἐκέλευον
1313 4145 1397 4212 οξτο-

203 4247 338 4319 nomnen
359 4246 375 4322 ἢ
395 4246 489 4309 κὺτοῦ
516 4244 670 4330 [ἔφυσαν]
695 4246 985 4320 κοιτοικοιυίήσεσίοιι
1009 4245 1143 4330 Ιοιύτόν].
1191 4244 1312 4333 Nempe
1337 4248 1397 4317 isti

206 4349 251 4414 ita
274 4349 443 4417 dicebant:
474 4347 495 4414 ci
521 4356 681 4431 Ξενοφῶν,
713 4348 796 4427 ἐξιὼν
826 4352 1041 4428 &situnensi
1070 4355 1166 4419 κὺτοῦ
1193 4356 1400 4433 κοιτιικοιυίή-
