2940 5010
728 264 771 325 46

150 438 277 526 lingua,
301 456 365 525 que
390 437 519 523 utrique
543 441 701 511 utuntur.
726 434 897 503 uerborum
928 434 1089 520 delectus,
1111 438 1242 524 torma,
1264 464 1337 515 com·

149 546 282 633 positio,
306 542 422 609 deinde
441 561 651 610 numerorum
671 540 772 621 ratio,
796 542 893 609 metri
912 562 1017 629 genus
1034 554 1067 615 et
1087 547 1197 617 multo
1218 550 1283 619 alia
1301 562 1336 621 te·

150 652 311 719 nuissima
340 648 393 717 illa
419 646 550 735 quidem
581 648 638 715 sed
660 655 749 714 certo
773 646 893 715 indicia
920 648 1063 731 iaciunt,
1087 660 1125 721 ut
1149 652 1216 725 hoc
1238 660 1338 745 egenti

149 766 183 825 ot
200 756 280 823 benc
298 756 416 824 Graece
437 755 555 822 scienti
571 755 761 841 ambiguum
783 772 933 821 essenon
953 758 1055 843 possit
1076 766 1194 829 utrum
1216 762 1338 852 Tragici

148 862 245 930 verba
267 882 309 931 au
327 862 448 930 Comici
467 869 589 928 teneas.
635 858 753 926 llultos
773 879 866 947 saepe
884 858 951 927 ridi
974 863 1008 928 in
1028 862 1090 932 ltoc
1107 884 1235 953 genere
1254 868 1336 939 Ιοιιι-

148 969 228 1037 sime
258 970 381 1036 versari
413 975 445 1033 et
473 966 614 1033 Deorum
646 965 844 1053 heroumque
877 964 1042 1055 eloquium
1069 990 1091 1038 ι
1117 970 1265 1045 Demeae
1288 986 1337 1045 aut

148 1075 294 1141 Minionis
316 1073 461 1140 oratione
484 1070 684 1159 distinguere
705 1090 768 1138 non
792 1072 951 1160 potuisse:
975 1073 1190 1147 nihilominus
1211 1087 1252 1150 ιιι
1270 1080 1335 1149 boni

147 1188 260 1266 poetae
284 1187 334 1247 est
354 1175 487 1245 reddere
509 1196 664 1263 personae
687 1178 911 1246 convenientia
938 1180 1074 1269 cuique,
1096 1182 1147 1251 sio
1169 1193 1335 1273 poetarum

149 1285 336 1371 interpretis
363 1292 396 1349 et
425 1283 532 1349 critici
558 1302 629 1350 csse
654 1283 795 1350 arbitror
825 1282 1015 1353 discrimina
1046 1287 1125 1357 hacc
1150 1300 1255 1361 acute
1276 1294 1334 1361 aui·

148 1389 349 1456 madverterc
371 1396 403 1455 et
421 1390 559 1467 sentire,
583 1407 687 1476 neque
719 1396 846 1457 tentum
869 1389 903 1457 iu
924 1390 1011 1459 ritae
1030 1402 1064 1461 et
1081 1393 1259 1467 hominum
1281 1418 1333 1469 usu

147 1495 254 1562 velere
274 1493 369 1563 illud:

326 1598 432 1682 θνδρθς
452 1601 617 1682 χαρακτὴρ
638 1600 673 1666 ἐκ
694 1597 791 1679 λθγον
815 1599 1021 1684 γνωρίζεται,

147 1705 310 1775 sedidem
343 1704 598 1790 inscriptorum
627 1704 860 1775 consuetudine
886 1718 920 1773 et
951 1727 1014 1775 usu
1042 1708 1151 1777 ualere
1177 1721 1333 1801 oportere

147 1814 248 1896 Quam
271 1810 479 1879 vehementer
498 1817 531 1876 et
553 1809 612 1876 diu
634 1808 820 1878 ludificatus
842 1821 893 1879 est
910 1811 1057 1881 hominos
1076 1812 1190 1883 doctos
1214 1818 1333 1887 scriltac

145 1938 237 1985 error
261 1917 294 1984 in
319 1916 447 1984 Stobaei
470 1913 641 2001 Florilegio
664 1917 856 1984 commissus
877 1917 1016 1987 LXXlV.
1038 1924 1100 1999 27,
1128 1922 1188 2009 qui
1208 1925 1333 1993 omissis

147 2023 347 2110 negligenter
365 2021 528 2089 nonnullis
549 2020 717 2089 lleoendri
736 2021 834 2089 rerba
853 2042 928 2090 cum
947 2024 1134 2113 Euripideis
1154 2040 1331 2099 monstrose

144 2130 387 2216 conglutinavit.
435 2127 584 2196 Creditus
616 2136 666 2195 est
696 2126 846 2195 Comicus
879 2137 1061 2198 matronam
1090 2131 1264 2204 induxisse
1291 2138 1329 2203 ἰιι

141 2233 323 2304 dicentem:

325 2339 360 2406 τθ
378 2338 436 2418 μιν
459 2338 588 2418 μένοι-ον
611 2337 718 2405 οθτοτ’
738 2336 835 2420 ἄνδρα
857 2340 919 2422 χρὴ
940 2340 1036 2425 σοφθν

324 2443 396 2510 λθαν
419 2442 597 2526 φνλοθσσειν
614 2442 733 2526 ἄλοχον
756 2445 788 2510 ἕν
803 2454 920 2527 μυχοῖς
940 2445 1061 2527 tenco.

143 2548 259 2617 eddam
275 2556 306 2615 et
329 2566 432 2636 pauca
452 2546 491 2615 de
510 2568 611 2635 seqq„
634 2556 671 2617 ut
691 2549 844 2616 mendum
870 2549 996 2619 cluam:

322 2655 376 2740 ἐρᾷ
399 2653 464 2737 γὰρ
484 2653 554 2737 ditur
577 2664 635 2733 τιῑι
655 2656 778 2737 θθραθεν
799 2657 925 2735 ἡδονῆς,

323 2762 355 2825 ἐν
373 2760 402 2827 δ’
422 2760 581 2846 θφθθνοισι
604 2760 699 2827 τοῖσδ’
720 2761 973 2845 ανατροφοιροένιι

320 2864 488 2944 βλέπουσα
507 2868 538 2934 τ’
558 2866 602 2941 εἷς
625 2870 691 2932 τᾶν
714 2866 766 2932 καθ
789 2872 932 2949 παροῦσα
953 2875 1124 2953 πανταχοῦ

321 2973 378 3049 τὴν
397 2971 467 3055 ὄψιν
485 2973 663 3051 ἑκτλιὶσασ’
685 2973 895 3051 ἆτιὶλλακται
915 2978 1038 3042 κακῶν.

320 3078 358 3145 τθ
379 3081 409 3147 τ’
429 3077 523 3162 ἄρσεν
542 3078 593 3144 ciel
617 3081 674 3144 τοῦ
695 3077 906 3161 κεκρυμμένου
927 3081 1055 3163 λίχνον.

139 3183 185 3249 ita
204 3182 335 3251 demum
355 3182 434 3252 llaec
455 3182 592 3270 intelligi
617 3190 789 3270 poterunt,
815 3184 843 3251 si
864 3187 1061 3255 correxeris:
1085 3188 1139 3275 ιρρ
1158 3188 1226 3275 γὰρ
1246 3191 1324 3273 ἥτις

138 3297 194 3364 τῆς
228 3290 351 3371 θύραθεν
376 3290 481 3367 ἡδονῆς
509 3291 541 3356 ιν
568 3288 727 3375 αφθθνοισι
752 3290 847 3357 τοῖσδ’
877 3291 1131 3377 θναςρωφοριένιι
1164 3297 1224 3373 τὴν
1256 3295 1324 3381 ὄψιν

137 3392 313 3470 ἐκτλθσασ’
332 3395 542 3474 οὲτιὶλλακται
560 3400 671 3462 κακῶν.
706 3393 917 3475 subridemus
933 3416 1036 3478 nuno,
1059 3419 1161 3487 quum
1179 3400 1326 3473 ridemur

138 3496 238 3565 titisse
259 3498 315 3585 qui
336 3498 412 3567 olim
433 3502 518 3568 serio
540 3500 710 3568 crederent
727 3501 762 3567 io
781 3502 945 3569 comoedia
968 3503 1110 3592 utiquam
1129 3506 1272 3579 dixisse:

317 3602 382 3679 ὅτις
404 3606 436 3673 lt
458 3604 593 3688 ροθχλοιι
614 3604 667 3671 καὶ
686 3606 737 3673 διαὶ
756 3608 1011 3691 σφραγισαοέτων

318 3709 406 3793 σώζει
428 3709 578 3795 δοθριαρτα
600 3712 674 3794 δρᾶν
695 3736 726 3778 τι
749 3713 784 3789 tn
805 3714 897 3780 δοκῶν
919 3715 1015 3798 σοφθν

317 3816 454 3895 adraldo
473 3818 519 3889 ἕςι
542 3816 594 3883 καὶ
618 3824 734 3901 φρονῶν
754 3820 837 3886 οὐδὲν
857 3826 984 3903 φρονεῖ.

315 3924 382 4001 ι’θτις
401 3923 464 4005 γὰρ
488 3927 572 4003 ἡμῶν
592 3923 719 4006 καρδίαν
742 3924 845 4007 θύραζ
864 3924 933 4007 ἔχει

316 4030 428 4096 θᾶσσον
446 4030 504 4109 μὲν
523 4031 605 4099 oiseii
626 4032 677 4096 καὶ
699 4036 810 4111 ττεροῦ
830 4030 1019 4113 χωρίζεται,

315 4133 401 4202 λάθοι
424 4135 450 4202 δ’
474 4133 646 4215 estmoe
667 4135 726 4209 calc
746 4136 1009 4219 τνκνοφθοθλμουι
1033 4140 1142 4224 κθρας.

134 4235 213 4299 satis
232 4237 317 4303 enim
340 4259 425 4307 nunc
448 4248 575 4307 constet
596 4240 681 4307 inter
704 4261 815 4308 omues
836 4243 1010 4333 Euripiden
1030 4247 1109 4315 hacc
1125 4266 1212 4327 esse,
1234 4248 1324 4335 quod

135 4339 259 4426 primus
276 4346 421 4413 omnium
442 4346 612 4413 Picumnus
629 4344 797 4415 admonuit
813 4348 853 4417 ed
871 4353 1002 4421 licorid.
1020 4355 1051 4420 in
1070 4374 1098 4419 ν.
1113 4352 1192 4429 οθςθς
1211 4374 1242 4441 p.
1257 4359 1323 4425 275
