2940 5010
720 303 763 367 98

157 479 245 568 ioqui
264 475 380 555 solere,
404 471 562 544 Herodoto
585 472 743 563 placuisse
762 473 817 541 iiio
834 475 898 553 uti,
919 480 953 544 et
972 475 1105 546 omnino
1123 474 1245 545 multos
1264 477 1325 545 mut·

158 594 194 654 ta
216 582 396 671 singoton'o
422 578 558 659 habero,
587 599 671 668 quoe
701 579 849 649 miranda
865 580 987 668 ‘potius
1017 600 1116 668 quom
1141 581 1330 651 convellenda

159 710 242 758 esse.
288 687 350 769 Qui
379 687 426 753 ita
451 686 639 755 existimant
667 706 728 755 nee
759 684 804 754 iili
836 705 898 754 non
921 685 1108 773 intelligunt
1129 706 1214 776 gome
1236 689 1279 759 sit
1296 688 1333 757 sit

159 805 194 865 ot
213 793 379 882 ingenium
399 791 533 860 humani
552 792 729 871 sermonis,
751 792 808 879 qui
828 812 891 859 non
910 812 1006 861 coeco
1026 792 1152 880 impetu
1174 793 1246 882 iege
1267 792 1334 865 sciu-

162 910 217 968 tus
244 909 365 967 temore
388 904 526 984 nugatur
552 897 610 966 sed
636 906 742 967 certos
769 905 906 966 noturus
923 896 1012 986 leges
1041 899 1205 985 sequitur,
1235 899 1338 988 quibos

160 1027 273 1075 omnes
299 1003 386 1071 ultro
416 1002 637 1090 obtemperant
665 1015 793 1092 praeter
820 1022 923 1071 unum
945 1011 979 1072 et
1005 1001 1165 1085 aiterum,
1192 1026 1275 1093 qnos
1295 1006 1338 1077 de

160 1113 284 1181 mentia
302 1108 460 1198 quaedam
481 1117 515 1177 et
532 1109 704 1193 κακοζηλία
723 1110 793 1198 agit
810 1116 1025 1179 transversos:
1048 1117 1083 1177 et
1105 1128 1147 1179 ne
1167 1108 1203 1179 hi
1220 1111 1339 1200 quidm

160 1218 271 1285 omniu
291 1234 408 1282 novare
429 1212 566 1294 audent,
589 1214 647 1282 sed
668 1217 715 1285 itu
738 1223 906 1303 aegrotant
936 1222 974 1281 ut
990 1234 1077 1286 ‚sane
1104 1235 1180 1304 pars
1209 1218 1341 1308 corpori

161 1324 229 1390 nim
250 1320 355 1389 morbi
376 1320 553 1398 sustineat,
576 1325 609 1387 et
633 1320 667 1389 in
688 1318 851 1409 plerisque
873 1326 1024 1391 naturum
1052 1330 1238 1409 sequuntur
1258 1322 1340 1393 utin

156 1428 274 1517 paucis
300 1424 493 1514 quibusdam
516 1423 654 1494 miriiice
675 1425 814 1513 ineptire
845 1426 978 1515 possint.
1031 1425 1214 1497 Herodotus
1240 1428 1340 1501 eudem

160 1533 273 1618 lingua
297 1533 489 1618 utiturque
511 1529 589 1599 oiim
611 1530 703 1601 lones
728 1530 858 1601 inerant
880 1534 948 1602 usi:
973 1530 1140 1621 complura
1158 1531 1199 1602 de
1220 1552 1281 1607 sno
1295 1532 1341 1603 nd·

161 1638 245 1705 didit
269 1643 404 1704 venusto
424 1645 457 1703 et
477 1644 589 1704 ornate
617 1634 704 1705 dicta
734 1637 790 1705 sed
820 1638 867 1704 sic
897 1645 1025 1706 utnon
1057 1636 1196 1707 absurde
1223 1636 1342 1713 dicendi

161 1744 248 1831 leges
271 1751 304 1811 et
327 1762 472 1810 normam
494 1740 665 1811 desereret.
712 1741 781 1810 Non
806 1741 985 1823 nesciebat,
1009 1744 1139 1831 opinor,
1162 1748 1342 1826 sanaretis

159 1848 242 1923 riade
271 1847 335 1915 dici
363 1855 509 1936 oportere
534 1848 657 1935 etipse
682 1846 727 1915 ita
750 1846 833 1916 dixit
855 1848 893 1916 V.
916 1852 971 1918 68.
993 1857 1123 1921 κλεῖσον
1149 1851 1341 1931 κατεγέλων

157 1962 220 2023 τῶν
243 1955 422 2023 Σικυωνίων.
469 1951 553 2035 Quid
576 1951 699 2041 igituri
727 1952 878 2040 corrupti
899 1960 997 2026 testes
1019 1956 1115 2023 adnot
1138 1956 1342 2041 madidior-

159 2086 225 2128 rat.
267 2060 336 2128 Non
356 2058 438 2126 dixit
459 2078 614 2146 umquem
635 2060 679 2141 soi
697 2057 871 2139 ἀγάλματι
900 2060 1103 2140 κατεγέλασε
1126 2079 1233 2148 neque
1259 2058 1342 2150 quid·

160 2186 258 2254 quam
281 2163 478 2232 huiusmodi.
524 2163 705 2254 Hesychius
729 2162 810 2233 ierat
832 2184 942 2253 opem:
965 2165 1230 2249 Ἑγχάεκεινε
1250 2190 1344 2235 κατι·

157 2277 281 2351 γελῖιν,
319 2270 444 2357 inquii,
483 2277 515 2337 ei
549 2270 783 2352 Ἐγχνννεῒντ
821 2273 1100 2355 ννντννχνννιινῑσθνιι
1133 2272 1222 2363 (num
1260 2278 1345 2342 ceti!

159 2376 240 2444 haec
259 2376 390 2443 Knstori
409 2382 459 2441 est
476 2372 657 2442 emendatio
676 2376 925 2468 protogenem,
949 2376 1034 2465 quod
1056 2377 1153 2446 nauci
1168 2398 1233 2447 non
1249 2376 1345 2469 ow).

158 2482 338 2568 Antiquum
361 2479 494 2547 uerbum
516 2487 548 2547 et
574 2498 650 2547 acre
672 2481 800 2568 saepius
820 2481 905 2570 apud
928 2481 1175 2570 Aristophanem
1200 2484 1234 2551 in
1257 2504 1296 2554 ea
1310 2500 1345 2557 u

158 2588 293 2675 ponitur
314 2584 485 2668 ἐγχάσκω,
511 2584 596 2673 quod
619 2586 854 2655 recentioribus
874 2587 1005 2657 Graecis
1028 2595 1096 2657 tam
1117 2588 1266 2676 ignotum
1286 2587 1345 2667 id

160 2701 198 2759 ut
210 2692 359 2759 vitiosam
373 2690 508 2758 formam
529 2692 646 2775 χνιίνει,
666 2693 823 2775 ἐγχκίνω,
844 2714 883 2763 ex
904 2692 1018 2763 iormis
1028 2693 1175 2782 antiquis
1193 2696 1345 2780 ἔγχιυιῦ·

158 2822 219 2879 μνιι
242 2806 275 2864 et
293 2798 445 2879 ἕγχκνεῖν
463 2795 661 2874 effinxerint,
686 2817 750 2865 non
773 2799 882 2868 minus
902 2800 1009 2887 inepte
1028 2818 1067 2869 ac
1086 2800 1115 2869 si
1135 2801 1291 2871 arduno
1305 2816 1345 2871 u

157 2905 372 2984 ἀποθανοῦμαι
399 2910 432 2969 ei
461 2903 612 2970 ἀπέθανεν
643 2902 782 2972 formare
812 2904 999 2974 voluissent.
1054 2904 1211 2993 Suettium·
1238 2914 1345 2985 itti!

158 3008 357 3077 Herodotum
390 3008 558 3096 scripsisse
588 3007 644 3075 111.
680 3014 742 3078 let
776 3011 871 3078 δεινόν
899 3036 930 3080 τι
961 3011 1139 3093 ποιεύμενοι
1172 3012 1345 3097 ’mein

159 3116 291 3200 Πέρσῃσι
319 3113 545 3197 ἐγχάσκειν
569 3121 602 3181 et
625 3113 692 3180 vit.
717 3118 749 3182 9.
777 3117 887 3192 ”Ionae
917 3120 972 3185 οὐκ
1002 3115 1105 3194 ἐάσειε
1134 3118 1345 3202 segarim

160 3223 251 3300 ἡμῖν,
273 3228 305 3288 et
329 3220 376 3287 sic
399 3222 431 3285 in
455 3219 592 3286 coeteris
614 3217 694 3286 locis
718 3229 774 3289 out
797 3222 942 3306 ἐνέχειν,
964 3220 1142 3305 ἐγχάσκειν
1164 3230 1199 3291 et
1225 3220 1345 3309 inde!

159 3349 232 3390 κετε
253 3325 331 3391 oiim
351 3326 471 3412 scripta
490 3323 605 3405 inisse,
627 3325 745 3412 quibus
764 3335 928 3395 corrector
946 3326 1031 3396 male
1048 3326 1182 3399 mulus
1199 3328 1345 3409 omnibu

159 3428 366 3497 substituerit
386 3427 578 3499 vocobulum
598 3429 695 3517 vulgo
713 3433 882 3501 usitatum.
929 3433 1038 3502 Potuit
1058 3434 1092 3503 in
1111 3432 1280 3505 nonnuliis
1296 3434 1345 3511 ‚b

160 3553 235 3601 rum
260 3534 440 3602 Herodotus
459 3537 601 3615 ἐγγεννᾶν
623 3555 760 3624 ponere,
781 3538 866 3626 quod
887 3536 973 3626 apud
992 3536 1146 3625 Tragicos
1168 3546 1237 3611 tan
1258 3554 1345 3631 ⁸¹2!

161 3645 429 3727 procuraretis
456 3638 593 3728 legitur,
621 3641 677 3710 sed
706 3648 895 3724 κνιτκγελιῖν
917 3644 979 3713 τινί
999 3642 1109 3713 dicere
1130 3645 1266 3713 omuino
1288 3658 1345 3731 Μ

160 3746 275 3833 potuit.
324 3746 529 3813 decentiores
551 3746 700 3816 Graeculi
726 3750 860 3818 verbum
883 3752 1054 3831 ἐπιγελᾶν,
1077 3748 1164 3838 qnod
1187 3750 1345 3831 couritur

160 3859 210 3918 est
232 3851 390 3928 arridere,
414 3850 614 3940 negligenter
640 3854 744 3923 solent
771 3875 889 3944 ponere
912 3875 970 3943 pro
992 3860 1197 3938 κννκγελιῖν,
1220 3856 1263 3927 de
1286 3864 1345 3961 qq

159 3977 195 4023 re
217 3956 300 4023 eiius
321 3955 451 4023 debitur
473 3957 601 4026 dicendi
624 3961 725 4030 iocus.
1325 3980 1345 4039 ,t

161 4174 425 4189 —u———ffl

158 4310 160 4315 '
198 4297 220 4378 ⁴)
241 4311 300 4360 Post
317 4327 396 4377 punica
412 4316 479 4381 opud
497 4318 648 4383 idesp‘ohium
667 4319 761 4383 legitur
781 4307 1019 4386 Ἐγχιγμῶμενοντ
1040 4308 1234 4387 δγχᾶσκωτθς
1253 4242 1345 4467 gd*

156 4407 194 4452 nt·
207 4418 297 4471 coepe,
318 4412 479 4474 monopodia.
511 4412 619 4464 diruendo
641 4408 871 4481 ’ΠγιᾶσΙθΜΰτ
892 4403 1121 4483 irlwittiitmi·
1335 4434 1338 4445 '
