2940 5010
700 264 765 327 590

140 434 256 516 μεθφθη
277 451 335 520 pro
356 430 542 518 ἀπεκρίνατο
566 436 664 502 semel
698 434 822 503 dictum
855 438 886 502 in
916 438 1053 506 Anabasl
1074 441 1114 508 ll.
1141 462 1169 509 ν.
1198 451 1262 523 lh',
1298 455 1332 513 et

139 547 173 610 ού
196 544 260 623 γάρ
281 542 429 626 προύτέθη
453 542 569 623 σφθσι
592 541 685 620 λύγος
709 540 741 606 in
765 540 883 609 Hellen.
909 545 935 611 1.
958 564 1011 611 ιιι.
1032 552 1071 625 h,
1093 556 1128 613 et
1150 549 1240 629 νθμος
1264 553 1330 636 γάρ

140 644 174 723 ἦν
204 649 350 732 σφθοιν
381 644 467 721 ούπος
491 646 591 713 ΑιιιιΙι.
616 648 653 712 l.
675 666 717 713 ιι.
742 652 795 713 55.
831 648 1002 737 utrobique
1031 672 1090 738 pro
1120 657 1227 729 αὐτοῖς
1256 676 1331 745 per.

137 753 268 837 vulgatc
299 773 387 820 more
419 754 531 818 lenum
566 750 650 818 male
680 751 841 838 positum,
874 764 907 820 et
938 755 989 825 έςε
1016 758 1043 823 δ’
1070 758 1110 825 θον
1143 762 1330 839 μέλασιν

138 859 239 925 duab.
261 858 329 924 vll.
354 880 375 925 1.
402 863 455 925 55.
492 877 549 944 pro
573 856 717 932 έλθονσιν,
750 867 783 925 et
811 857 1056 941 ἐξαλαπάξομεν
1085 865 1187 931 duab.
1209 868 1281 937 Vll.
1306 892 1328 937 1.

138 969 191 1031 29.
217 984 274 1052 pro
304 966 547 1045 έκπορθησομεν,
572 961 700 1050 aliaque
723 965 919 1050 singularia,
949 986 1032 1052 quaa
1050 966 1118 1035 lere
1141 968 1232 1039 dicas
1268 976 1329 1043 lm·

136 1073 288 1161 prudenti
311 1073 469 1141 excidere.
517 1068 611 1136 Nulla
634 1077 741 1135 tamen
766 1071 798 1137 in
817 1070 868 1138 his
891 1073 996 1140 inesse
1020 1072 1174 1142 vocabula
1197 1081 1328 1165 pndtica

140 1189 173 1247 et
199 1179 339 1247 obsoleta
362 1187 394 1246 et
418 1175 542 1243 abusu
570 1172 678 1260 populi
700 1173 906 1243 abhorrentia
927 1180 1133 1266 perspicuum
1154 1192 1223 1249 est:
1262 1204 1328 1254 non

136 1285 223 1352 cadit
247 1305 286 1353 ea
319 1285 444 1351 insania
473 1290 505 1347 et
526 1279 700 1361 κακοζηλία
723 1280 755 1344 iu
785 1278 868 1346 hanc
894 1290 1032 1350 aetatem
1061 1293 1095 1351 et
1116 1292 1183 1353 tam
1208 1288 1328 1375 proha.

136 1398 206 1456 tum
238 1391 451 1477 scriptorem,
480 1385 536 1453 sed
559 1385 666 1452 Ionica
690 1393 767 1450 sunt
792 1384 943 1472 pleraque
967 1396 999 1455 et
1026 1408 1103 1475 pars
1124 1392 1265 1473 Dorica,
1287 1414 1329 1467 ex

136 1495 265 1563 illorum
298 1492 530 1562 consuetudine
567 1499 601 1556 et
629 1489 830 1557 sermonibus
867 1490 966 1558 ducta
996 1494 1190 1580 quibuscum
1228 1497 1328 1589 longe

136 1602 310 1668 maximam
335 1600 451 1666 aetatis
471 1605 594 1685 partem
619 1594 791 1682 Xenophon
814 1598 977 1663 contrivit.
1025 1598 1074 1665 Ex
1095 1598 1147 1667 his
1165 1600 1231 1671 elia
1254 1626 1328 1673 cre.

135 1706 194 1773 bro
222 1725 284 1773 usu
317 1705 414 1783 terit,
449 1711 486 1770 tlt
509 1703 668 1769 πεπάσθαι
693 1721 750 1788 pro
778 1704 965 1780 κεκτῆσθαι,
999 1706 1148 1784 μαςεύειν
1181 1727 1243 1795 pro
1274 1710 1329 1793 ζηρ.

135 1821 222 1889 τεῒν,
255 1812 358 1878 άνπθον
384 1829 442 1897 pro
469 1810 624 1883 ένανπθον,
649 1805 823 1882 άλέξαοθαι
846 1826 905 1893 pro
936 1809 1138 1889 άμύνάοθαι,
1173 1814 1329 1899 πελάζειν

136 1936 193 2004 pro
215 1916 418 2000 πλησιάζειν,
442 1916 576 1981 σίνεσθαι
602 1932 658 1999 pro
678 1911 861 1993 βλάπτειν,
892 1913 1078 1997 ἕνπέλλομοιι
1102 1935 1160 2003 pro
1181 1921 1329 2001 κελεύοι,

135 2023 292 2106 πορσύνειν
315 2043 373 2110 pro
395 2021 564 2104 παρέχειν,
596 2019 700 2097 μεθους
735 2026 768 2085 et
798 2025 883 2097 μεῖον
916 2018 1000 2103 ἔχειν
1025 2041 1084 2109 pro
1113 2023 1269 2101 έλάππονο
1292 2038 1330 2095 et

134 2127 288 2205 έλαοπον,
323 2138 355 2195 ct
388 2127 450 2194 alia
490 2123 658 2212 quaedam.
712 2124 871 2211 Perpetuo
908 2125 1072 2203 ἐδυνάσθην
1110 2127 1228 2196 scribit
1265 2152 1330 2220 pro

135 2235 278 2311 ἠδυνήθην
301 2234 508 2311 Atticorum,
536 2230 615 2297 adeo
639 2238 676 2295 nt
703 2248 790 2296 unus
811 2237 843 2295 et
873 2228 956 2296 alter
978 2232 1068 2300 locus
1099 2232 1156 2301 ubi
1185 2235 1329 2317 δονηθεέη

134 2339 255 2425 legitur
284 2336 459 2427 Cyropaed.
483 2336 520 2400 V.
552 2356 574 2402 ι.
609 2341 647 2400 11
681 2342 714 2401 et
745 2335 782 2400 v.
815 2354 855 2400 u.
888 2340 941 2401 51.
983 2340 1176 2423 gravissima
1211 2343 1328 2413 mendi

134 2444 317 2531 suspicione
341 2450 517 2531 prematur.
565 2439 650 2508 Sunt
678 2438 758 2505 hacc
782 2440 815 2505 in
847 2439 1019 2510 llellenicis
1047 2446 1192 2525 rariora,
1218 2447 1326 2519 veluti

132 2547 312 2625 άνεξιινοῦπο
336 2568 393 2634 pro
415 2549 602 2613 ἀνεκοινοῦτο
626 2544 650 2611 Ι.
673 2564 707 2610 ιι.
733 2549 795 2622 50,
820 2544 888 2634 (ubi
913 2545 1037 2616 videbis
1067 2548 1205 2617 sormam
1237 2553 1324 2622 Ioni·

130 2673 202 2720 cam
223 2674 263 2720 ex
285 2653 381 2720 Godd.
406 2651 546 2740 elapsam
576 2649 694 2717 Suidae
718 2649 838 2716 indicio
871 2648 1104 2737 deprehensam
1134 2665 1167 2724 et
1196 2666 1322 2729 retrac-

130 2767 195 2824 tarn
220 2757 303 2848 esse)
328 2768 359 2825 ct
381 2759 573 2837 ἀδημονῆσαι
598 2754 651 2821 lV.
676 2776 717 2821 ιι.
743 2760 774 2822 5.
810 2765 842 2823 ct
867 2756 1013 2836 διαμπάξ
1037 2759 1105 2826 Vll.
1129 2780 1171 2827 ιν.
1197 2767 1255 2831 25.
1284 2774 1321 2833 et

128 2882 230 2951 pauca
267 2862 425 2952 quaedam
463 2861 536 2927 alia.
593 2861 628 2927 ln
662 2861 801 2928 Anabasi
834 2863 930 2949 paulo
964 2862 1183 2951 frequentiora
1218 2880 1320 2941 sunt:

129 2976 257 3054 praeter
287 2988 431 3057 eaquae
464 2968 692 3056 praemisimus
714 2967 779 3034 huc
811 2966 914 3035 relero
944 2972 1032 3053 ἀμφὶ
1063 2971 1212 3053 δορπησθν
1235 2974 1261 3042 Ι.
1285 2995 1319 3045 ε.

129 3080 182 3140 17.
214 3082 247 3141 et
270 3075 384 3157 έρύιιειν
407 3074 463 3142 ΙΙΙ.
487 3094 507 3140 ι.
534 3078 598 3152 25,
630 3073 714 3139 λθειν
749 3093 807 3160 pro
838 3083 1014 3141 λυσιτελεῖν
1044 3076 1113 3144 site
1146 3079 1319 3165 συμφέρειν

127 3178 182 3245 ΙΙΙ.
214 3200 254 3246 ιι.
288 3185 364 3257 56.,
394 3179 610 3264 ἀναχάζοντες
634 3177 690 3247 IV.
722 3199 742 3244 ι.
777 3182 840 3255 16,
874 3178 1051 3263 άνεχάζεπο
1072 3180 1126 3247 lv.
1156 3202 1213 3252 vu.
1252 3192 1319 3267 10,

126 3283 294 3366 διαμπερές
315 3284 370 3351 lV.
395 3307 416 3351 1.
440 3291 500 3363 18,
522 3284 661 3357 άπλεσοο
682 3281 736 3349 lV.
761 3303 801 3349 ιν.
829 3291 888 3361 11,
910 3286 998 3368 ἀμφὶ
1020 3286 1140 3370 κνέφας
1162 3308 1224 3375 pro
1245 3292 1316 3375 mi

126 3386 221 3468 θρθρον
244 3388 298 3455 1v.
323 3409 352 3454 r.
377 3395 417 3467 9,
440 3398 473 3457 ct
503 3388 621 3471 ἐξέρπει
653 3389 768 3457 Dorico
800 3406 890 3455 more
920 3388 1044 3456 dictum
1069 3410 1128 3478 pro
1149 3392 1316 3481 ἐξέρχεται

127 3492 195 3561 vll.
221 3512 242 3559 ι.
267 3498 297 3559 8.
323 3502 356 3561 et
379 3494 441 3561 alia
466 3493 643 3582 quaedam,
667 3514 749 3580 quae
771 3494 877 3561 sciens
900 3503 1075 3582 praetereo.

170 3598 206 3664 ln
230 3597 427 3688 (tyropacdia
451 3607 502 3667 sat
524 3618 641 3686 mngna
667 3597 897 3665 vocabulorum
921 3600 1012 3687 copia
1034 3610 1102 3680 est,
1124 3623 1210 3691 quae
1231 3606 1314 3677 loni·

123 3703 185 3770 bus
208 3710 241 3771 et
262 3704 401 3772 boribus
432 3706 553 3772 usitata
576 3712 669 3772 crant
699 3704 755 3771 scd
786 3704 903 3791 populo
926 3705 1034 3773 Attico
1057 3706 1237 3793 inusitata,
1258 3734 1315 3783 ve·

124 3810 185 3878 hul
210 3810 335 3891 δαημοιν
356 3810 382 3878 Ι.
407 3832 440 3876 ιι.
468 3814 519 3876 lb.
544 3829 603 3896 pro
625 3810 802 3890 έπιςιὶμιιν,
826 3809 965 3889 πάμπαν
981 3810 1006 3876 Ι.
1023 3832 1068 3878 ιιι.
1094 3816 1125 3879 2.
1151 3834 1211 3901 pro
1234 3818 1313 3885 πάν·

123 3916 282 3994 σάπασιν,
304 3919 448 3999 χαρμονύ
469 3916 494 3982 Ι.
514 3935 548 3981 ιι
571 3919 624 3983 22.
650 3936 707 4001 pro
728 3914 838 3999 χαρά,
861 3917 948 3983 κακά
970 3918 1127 3998 πορσύνειν
1145 3920 1172 3988 l.
1193 3940 1236 3989 111.
1259 3928 1312 3995 tl.

123 4040 182 4107 pro
206 4021 378 4105 παρέχειν,
401 4025 496 4105 ῥήτρα
519 4020 544 4089 Ι.
567 4041 608 4086 vr.
633 4025 686 4088 33.
712 4041 769 4107 pro
793 4020 905 4101 νθμοο,
928 4022 1027 4098 άδαιθο
1050 4021 1075 4089 Ι.
1101 4030 1222 4095 1143.
1255 4048 1314 4117 pro

122 4128 248 4206 άμαθης
279 4125 328 4194 vel
358 4126 505 4211 άπειρος,
539 4126 678 4208 άρσαμος
702 4126 742 4193 ΙΙ.
766 4148 799 4194 ιι.
831 4132 861 4193 4.
899 4147 956 4214 pro
984 4128 1157 4212 μάγειρος,
1190 4134 1312 4217 Supte

35 4236 37 4240 ’
121 4228 162 4296 ΙΙ.
188 4252 229 4299 ιι.
255 4236 310 4301 22.
341 4252 400 4318 pro
429 4234 545 4317 φθρορ,
576 4231 652 4306 έπλη
676 4231 731 4297 lll.
757 4254 778 4299 1.
803 4238 833 4297 2.
868 4252 926 4320 pro
950 4235 1128 4315 ὑπέμεινεν,
1149 4238 1235 4323 Φάος
1254 4240 1310 4309 lv.

123 4352 155 4401 ιι.
181 4341 213 4404 9.
246 4357 304 4425 pro
328 4344 418 4421 φῶς,
449 4340 545 4407 δαῖτα
568 4337 623 4405 lv.
647 4358 681 4405 ιι.
707 4343 762 4407 57.
795 4358 853 4426 pro
884 4342 1043 4424 εύνιχθαν,
1078 4343 1235 4415 δάσονται
1257 4344 1312 4417 ΙΙΙ.
