2940 5010
695 264 760 328 208

136 448 164 507 et
191 460 236 504 vs.
260 442 335 505 846.

323 546 356 611 τί
377 553 489 628 χρῆμοι
512 545 646 624 inicam
671 543 729 607 τίν’
754 540 888 621 ύννύγεις
912 552 948 623 μ’
967 546 1011 619 εἷς
1035 549 1172 628 ἐλπίδος

183 649 219 714 In
246 648 374 717 Hecuba
400 651 533 716 unicum
557 646 655 712 buius
678 646 725 711 rei
750 647 931 734 exemplum
958 659 1008 719 est
1032 672 1078 719 ιι.
1099 659 1177 722 545.

322 755 435 838 ύύροει.
459 754 627 838 πέφευγας
651 751 702 817 τὸν
723 751 796 830 ε’ριὸν
820 751 931 819 ἱκέσιον
955 755 1030 823 Δύοι.

140 861 173 924 in
197 857 306 925 Medea
336 860 477 927 notium:
503 856 557 924 sed
583 875 758 942 numquam
783 853 903 944 dactyli
927 856 1010 926 duae
1035 863 1160 948 priores
1188 865 1279 955 syiiab

140 963 170 1028 in
196 964 348 1032 vocabulo
373 962 528 1052 disyllabo
556 961 668 1028 autin
703 958 955 1050 hyperdisyitabi
984 964 1048 1033 tine
1078 966 1279 1060 cottoearin

139 1075 237 1146 sunt,
269 1089 332 1155 quo
362 1068 446 1135 iacto
475 1086 588 1132 versus
616 1084 679 1132 nou
710 1072 836 1132 tantum
869 1065 1007 1136 eiumbis
1032 1078 1066 1137 et
1096 1072 1279 1144 immoduiat

138 1173 246 1240 eradit
273 1171 329 1238 sed
362 1193 402 1239 ne
430 1181 479 1238 ost
509 1170 640 1258 quidem
673 1189 805 1248 versus,
836 1190 940 1258 neque
970 1174 1163 1261 νονύροετρος
1192 1188 1279 1249 esta

138 1277 231 1364 piane
255 1276 408 1358 ἄμετρος,
433 1275 537 1363 qualis
560 1283 608 1342 est
634 1275 666 1339 in
692 1273 887 1363 Helena1vs.
908 1281 939 1343 9.

322 1383 534 1461 Θεοκλύμενον
556 1378 658 1462 ἄρσεν’
683 1379 729 1446 ύτι
752 1381 788 1455 bt
812 1380 895 1455 ύεούρ
919 1381 1036 1463 σέβειν,

141 1506 237 1573 quom
266 1506 360 1553 nemo
388 1485 492 1552 adhuc
524 1483 695 1551 emendare
728 1484 841 1570 potuit.
891 1483 975 1566 Quid
1000 1496 1109 1557 autem
1133 1489 1174 1559 de
1205 1500 1279 1583 trogi

142 1592 268 1657 senario
293 1590 533 1668 dubitabimus,
557 1608 657 1675 quum
681 1589 712 1653 in
731 1587 870 1654 Cornicis
891 1610 1018 1679 quoque
1038 1593 1188 1684 dactylus
1211 1599 1243 1665 in
1266 1609 1279 1667 t·

141 1697 186 1762 tia
209 1696 282 1763 sede
304 1703 337 1762 et
357 1698 470 1783 quinta
490 1695 523 1760 in
546 1694 668 1780 ingenti
688 1691 906 1778 exemplorum
928 1697 1019 1783 copia
1038 1717 1101 1764 non
1119 1700 1215 1768 aliter
1232 1724 1279 1790 qut

142 1801 194 1866 bis
215 1802 293 1888 ipsis
323 1800 448 1887 legibus
474 1806 562 1865 recte
586 1805 742 1885 ponatur,
777 1806 813 1863 ut
845 1799 950 1884 prima
981 1802 1014 1868 in
1044 1822 1179 1871 caesura
1204 1809 1248 1874 sit
1271 1830 1279 1875 ν

143 1905 292 1995 dactylus
314 1914 401 1972 totus
421 1903 530 1971 eodem
560 1901 713 1968 vocabulo
737 1904 963 1983 contincatur,
987 1914 1024 1972 ut
1048 1907 1081 1973 iu
1106 1910 1279 2000 Aristopbat

142 2012 236 2079 Pluto
258 2015 333 2077 445.

324 2117 376 2182 noi
400 2119 462 2196 μὴν
483 2116 568 2193 λέγω
592 2114 764 2180 δεινύτοιτον
788 2113 874 2197 ἔργον
897 2117 986 2197 τοιρὰ
1007 2117 1100 2185 πολύ.

143 2221 189 2288 Cf.
215 2243 263 2289 νε.
284 2228 344 2299 bii,
369 2227 428 2298 b'i,
453 2225 514 2299 69,
539 2224 600 2296 94,
626 2223 687 2293 97,
710 2224 791 2296 115,
816 2223 900 2298 216,
921 2225 1009 2299 555,
1034 2227 1116 2298 558,
1143 2229 1228 2304 588,
1246 2234 1279 2297 41

145 2332 228 2405 454,
253 2331 336 2403 454,
369 2333 402 2390 et
431 2326 561 2411 passim.
608 2324 676 2388 Non
706 2322 799 2389 iaciie
823 2325 962 2410 reperies
993 2327 1026 2393 in
1052 2326 1221 2399 Comoedia
1244 2354 1279 2402 ae

146 2434 234 2512 rios,
260 2430 371 2518 quates
394 2429 426 2494 bi
451 2437 528 2495 sunt
553 2430 584 2493 in
605 2427 699 2493 Piutc
723 2448 771 2495 vs.
794 2433 856 2495 174
880 2438 911 2495 et
939 2434 1021 2498 rto:

327 2536 340 2598 ὂ
364 2534 535 2617 Πάμφιλος
558 2534 585 2598 δ’
608 2531 679 2614 οὐχ)
704 2533 756 2598 διὰ
779 2539 886 2600 τοῦτον
909 2535 1105 2615 nauticarum

326 2639 485 2720 Ἀγύρριος
507 2640 533 2704 δ’
555 2639 626 2720 οὐχὶ
652 2638 701 2702 διὰ
725 2644 831 2704 τοῦτον
856 2639 1021 2721 πέρδικος

147 2744 201 2810 ubi
227 2746 273 2810 sie
296 2743 466 2829 legendum
494 2750 543 2809 est
567 2742 680 2809 divisis
703 2742 969 2812 interlocutorum
995 2747 1140 2816 vicibus:

328 2850 363 2914 τὸ
383 2849 408 2913 δ’
430 2849 461 2913 ἐν
480 2849 605 2929 Κορίνθῳ
627 2846 742 2923 ξενικὸν
765 2852 825 2932 οὐχ
848 2847 934 2924 οὗτος
960 2851 1086 2935 epitom

247 2967 281 3021 B.
328 2954 343 3018 i
367 2953 538 3035 Πάμφιλος
561 2952 593 3017 δέ
614 2956 648 3031 γ’
668 2957 701 3019 ού
725 2954 776 3019 διὰ
799 2960 906 3020 τοῦτον
929 2955 1125 3036 utendorum

253 3070 292 3124 Α.
325 3059 339 3123 d
363 3059 576 3132 Βελονονιύλνς
601 3058 628 3123 δ’
652 3058 722 3140 οὐχὶ
748 3059 833 3136 μετὰ
855 3064 909 3125 τού
930 3063 1129 3145 Παμφύλους

254 3177 287 3229 Β.
335 3164 492 3245 Ἀγύρριος
516 3162 548 3227 at
568 3165 601 3240 γ’
625 3165 657 3227 ού
679 3162 730 3228 bat
753 3168 860 3229 τοῦτον
884 3164 1049 3246 τέρδετοιιρ

195 3268 298 3335 Semel
323 3275 449 3334 tantum
475 3265 550 3332 alibi
571 3266 680 3332 eadem
712 3266 763 3333 tex
786 3267 901 3333 viciata
925 3279 975 3334 est
997 3269 1053 3337 sed
1080 3272 1113 3339 in
1142 3273 1210 3343 ioco
1234 3278 1279 3345 iut

148 3371 253 3459 polato
278 3373 311 3437 in
333 3371 454 3437 Avibus
478 3391 524 3437 va.
550 3374 623 3436 180.

330 3476 444 3552 τύλος;
470 3476 541 3541 τίνοι
563 3476 692 3556 τρόποις
726 3489 761 3544 Β.
785 3477 885 3559 ύττερ
909 3478 987 3546 εἴποι
1010 3505 1058 3556 τις
1078 3482 1182 3559 τύπος.

335 3577 392 3666 [dra
416 3582 447 3646 δὲ
469 3588 613 3646 ποιεῖτον
634 3585 723 3646 τοῦτο
747 3583 801 3646 aab
825 3584 982 3666 διέρχεται

331 3683 461 3751 ύιιοιντοι
484 3686 535 3752 διὰ
558 3684 650 3751 rotet
672 3710 712 3763 γε
736 3696 882 3754 acacinm
907 3695 957 3755 νῦν
977 3691 1099 3779 τύλορ].

149 3788 203 3855 irbi
234 3787 375 3855 nondum
406 3810 457 3856 me
489 3791 631 3878 poenitet
663 3791 841 3858 correxisse
863 3792 963 3876 ύττερ
993 3797 1018 3859 εἰ
1047 3795 1153 3874 λύγοις
1177 3801 1271 3878 τύπος

151 3894 344 3980 crptrnxisse
366 3903 503 3962 caetera.
552 3893 647 3962 Scicii
681 3897 945 3965 adnotatiuncula
978 3901 1011 3964 in
1040 3920 1193 3971 numeros
1226 3924 1279 3975 coa

150 4007 198 4065 est
222 3999 348 4085 ineptos
379 4009 411 4066 et
438 4001 587 4065 vitiosos:
620 4019 720 4086 quum
747 4002 778 4065 in
810 4003 941 4089 optimis
969 4003 1059 4071 libris
1091 4007 1135 4074 sit
1164 4009 1219 4076 διὰ
1245 4036 1279 4081 τι

151 4111 296 4170 κοιεῖτοι
328 4105 528 4191 nescioquis
551 4129 591 4182 γε
616 4105 753 4172 inseruit
775 4115 806 4173 et
837 4106 914 4174 baec
944 4129 1031 4176 nunc
1059 4128 1117 4197 pro
1148 4112 1279 4205 Ariston

151 4210 219 4275 neis
243 4207 418 4294 leguntur,
443 4207 464 4274 ὦ
488 4212 613 4274 Maiora
635 4211 742 4293 φίλοι.
790 4211 872 4293 Quid
895 4220 982 4280 vetat
1001 4214 1104 4281 obiter
1127 4236 1279 4289 sanarer

148 4313 313 4400 stoptmnis
336 4334 465 4383 versum
489 4315 655 4394 omnium,
680 4317 734 4401 qui
765 4316 892 4402 quidem
919 4319 1021 4407 ipsius
1044 4330 1139 4401 sunt,
1162 4322 1257 4413 longe
