2940 5010
696 260 761 323 548

139 434 252 508 ίδίντεο
276 433 496 514 ἁλισκομένους
519 438 607 516 σφῶν
630 435 732 499 αὐτῶν
758 434 829 506 τοὺς
854 432 1009 515 πρόπλους
1034 436 1088 500 ὑπ’
1111 436 1250 515 οίίνμίας
1271 440 1327 506 καί

137 546 197 605 τῶν
217 538 409 622 βραδυτέρων
430 540 599 615 ἡλίσκοντο.
636 537 820 604 tiindortius
841 540 926 605 sorio
944 538 1076 607 eredere
1096 539 1225 608 uidetur
1245 543 1330 615 hene

137 644 257 725 Graece
280 645 344 710 diei
376 664 469 731 posse
497 642 656 721 ἡλίσκοντο
681 650 741 709 τῶν
764 644 957 726 βραδυτέραν
981 665 1039 732 pro
1062 646 1122 713 ὑπὸ
1151 655 1213 714 τῶν
1240 651 1327 732 βριε-

137 751 274 832 δυτίρον.
327 748 487 837 Equidem
515 768 588 815 eras
620 747 772 827 credam,
806 748 861 815 sod
895 750 1111 836 suppleverint
1142 752 1197 819 καὶ
1229 760 1328 838 πρὸς

135 861 194 921 τῶν
217 854 419 937 βραδυτέραν.

182 959 259 1042 Πρός
290 960 322 1025 iu
346 962 390 1034 είς
417 959 498 1026 abiit
529 957 613 1047 opud
639 958 823 1049 Lycurgum
849 960 880 1024 in
906 959 1077 1026 Leocrutea
1104 961 1229 1051 3157.
1262 967 1330 1050 οὐχ

138 1066 278 1145 ἡγούμην
302 1067 418 1132 δεῖν-
431 1066 526 1146 ὄνομα
550 1066 623 1139 Διὸς
644 1071 775 1147 συτὴρος
799 1065 977 1149 ἒπιγροίψαι
1001 1067 1075 1146 πρὸς
1095 1068 1151 1143 rim
1171 1070 1329 1150 είταγγε·

136 1172 227 1249 λίαν,
250 1168 328 1256 quid
360 1172 538 1255 genuinum
564 1172 607 1237 sit
631 1178 813 1237 monstrant
837 1191 873 1237 ea
897 1190 979 1258 quoe
1005 1171 1223 1258 praecedunt:
1254 1177 1327 1257 ἐρα-

136 1283 248 1349 τῶντες
272 1274 323 1339 διὰ
346 1276 379 1340 τί
399 1278 453 1342 οὐκ
478 1278 640 1359 ἐνέγραψα
671 1282 759 1344 τοῦτο
792 1277 835 1351 είς
859 1279 915 1354 τὴν
944 1278 1173 1356 εἰσαγγελίαν,
1205 1297 1329 1369 nempe

134 1380 302 1463 ἐγγράψαι
333 1381 376 1455 είς
406 1383 463 1458 τὴν
491 1382 711 1461 εἰσαγγελίαν.
766 1382 836 1448 ntia
868 1380 1050 1468 corruptela
1082 1380 1193 1450 eodem
1226 1387 1327 1455 mollo

136 1496 210 1553 naua
235 1494 369 1575 apparet
392 1487 423 1552 in
450 1485 570 1573 Ephori
592 1487 772 1572 fragmento
792 1484 878 1573 apud
899 1485 1009 1573 Steph.
1035 1488 1168 1575 Byzant.
1191 1508 1223 1555 r.
1255 1492 1326 1559 tid-

133 1616 210 1674 ροςι-
224 1592 392 1674 έτολιίριιει
415 1593 514 1658 πολὺν
535 1593 641 1676 χρόνον
664 1602 721 1669 τὴς
745 1592 905 1667 deleme
935 1592 1043 1673 εἴργων
1071 1593 1124 1659 καί
1148 1594 1238 1660 κατὰ
1261 1604 1326 1676 γῆν

133 1700 357 1781 μηχανὴματα
386 1700 453 1764 καὶ
482 1697 591 1778 ἄγον,
627 1699 805 1766 lleiuekius
832 1701 1054 1786 importunum
1078 1698 1134 1765 καί
1155 1704 1325 1781 resecuit,

134 1803 191 1871 sed
215 1803 296 1870 nihil
318 1804 440 1870 certius
462 1811 512 1870 est
537 1824 633 1891 quam
662 1801 831 1889 legendum
856 1824 927 1870 esse
951 1806 1178 1887 μηχανὴματα
1204 1808 1328 1890 rme-

133 1934 219 1990 γαν,
254 1908 338 1996 quod
372 1910 579 1976 tritissimum
610 1908 742 1976 vertum
770 1919 819 1976 est
852 1929 910 1997 pro
941 1909 1104 1975 ινιτοίιίνιιισ
1132 1911 1326 1993 admouere,

132 2015 216 2102 quod
242 2035 304 2081 non
328 2013 506 2081 dubitasset
534 2015 677 2102 resipere
700 2014 879 2081 lteinekius
900 2015 928 2079 si
952 2014 985 2079 in
1013 2012 1110 2080 codd.
1133 2015 1211 2083 itss.
1229 2020 1324 2101 τρίς

132 2129 165 2188 ot
187 2122 242 2187 καί
265 2140 359 2207 saepe
380 2118 532 2187 conlundi
554 2120 765 2187 meminisset.
800 2118 889 2185 idem
909 2118 1089 2187 remedium
1114 2119 1330 2208 Xenophonti,

131 2225 349 2293 adhibendum
378 2225 484 2292 estin
509 2223 630 2290 Hellen.
653 2222 694 2290 ll.
719 2245 739 2289 1.
764 2228 796 2288 e.
825 2226 871 2304 μὴ
901 2247 974 2289 τινα
1001 2224 1055 2291 καί
1087 2226 1131 2299 είς
1157 2226 1231 2301 τοὺς
1257 2226 1322 2295 ἱλ-

131 2348 202 2408 λουτ
231 2332 391 2407 ’Έλληνας
427 2332 585 2410 διαβολὴν.
607 2339 737 2410 σχοῖεν,
772 2327 1042 2415 quemadmodum
1071 2330 1172 2396 enim.
1193 2329 1330 2401 dieitur-

130 2437 317 2517 διαβοίλλειν
340 2436 413 2517 πρός
436 2460 528 2512 τινα,
552 2434 600 2501 sie
620 2434 769 2514 διαβολὴν
791 2433 877 2516 ἔχειν
899 2434 973 2516 τρίς
996 2460 1068 2501 τινα
1087 2433 1242 2504 dioelte'ui
1259 2439 1323 2526 pro

129 2543 382 2622 διαβεβλῆσθαι,
414 2548 447 2607 et
468 2539 618 2618 διαβολὴν
638 2541 741 2621 φέρειν
765 2539 837 2620 πρός
861 2563 953 2614 τινα,
979 2549 1017 2606 ut
1049 2540 1082 2605 in
1112 2540 1320 2631 Thucydidis

129 2646 220 2721 loeo,
255 2665 350 2733 quem
384 2645 477 2713 affert
509 2644 744 2720 Schneiderus‚
774 2643 799 2709 Ι.
827 2649 901 2711 rut.
937 2646 1086 2725 irrideris
1116 2646 1223 2729 φέρειν
1249 2652 1319 2718 τινί

129 2754 202 2835 πρὸς
235 2753 290 2827 τὴν
322 2750 423 2817 πόλιν.
478 2750 574 2817 Plane
607 2749 774 2816 intercidit
806 2751 879 2832 τρίς
911 2750 996 2837 apud
1026 2750 1191 2817 Demosth.
1227 2750 1320 2823 Oret.

130 2856 238 2925 Xhlll.
263 2861 295 2923 o.
325 2857 671 2934 οὐδ’·οὶπολογὴσασίαί
692 2879 743 2934 μοι
770 2854 929 2935 ἐξεγένετο
960 2856 1027 2922 οὐδὲ
1051 2857 1202 2927 πολλοςὸν
1223 2859 1319 2941 μέρος

128 2963 167 3030 ὧν
190 2961 415 3044 κατεψεύδοντο
439 2964 540 3040 ἡμῶν,
563 2960 675 3049 supple
695 2962 762 3029 οὐδὲ
785 2963 858 3044 nita
882 2963 1034 3031 πολλοςδν
1053 2960 1163 3044 μέρος..
1243 3016 1247 3023 .

173 3069 305 3135 Praeter
327 3066 389 3133 ltoo
412 3066 602 3133 mendorum
624 3086 727 3153 getius
743 3066 903 3153 permulta
926 3065 989 3132 alia
1014 3067 1046 3131 iu
1066 3064 1243 3135 Hellenieis
1259 3088 1317 3137 su·

128 3181 284 3261 pessunt,
317 3192 400 3259 quae
429 3170 622 3239 (triticorum
645 3181 715 3238 arte
740 3171 886 3258 indigent
909 3180 940 3239 et
969 3180 1155 3258 exspectant
1176 3192 1319 3243 monum

127 3280 284 3367 peritam:
309 3277 417 3363 itaque
441 3285 556 3364 eaptus
578 3277 799 3365 Xenophontis
821 3278 981 3344 suavitate
1004 3286 1037 3344 et
1061 3286 1232 3346 venustate
1254 3280 1321 3357 im..

126 3381 275 3449 morabor
295 3379 529 3469 aliquantisper
551 3385 584 3447 in
608 3384 680 3450 eius
703 3383 839 3450 lectione
863 3392 896 3450 et
917 3381 1161 3461 emendatione,
1187 3382 1317 3473 inqua

125 3507 161 3554 re
184 3484 293 3553 ordiar
314 3485 354 3552 ab
384 3486 621 3553 Hellenieorum
650 3487 737 3565 loeo,
769 3488 802 3554 in
828 3508 891 3575 quo
918 3487 1046 3554 dicendi
1072 3507 1150 3555 usus
1173 3509 1238 3557 nou
1261 3498 1317 3559 est

124 3592 283 3669 violatus,
306 3588 362 3657 sed
387 3593 455 3679 ipsa
478 3592 540 3658 looi
562 3594 723 3660 sententia
745 3594 844 3660 unius
867 3592 1013 3660 vocabuli
1040 3595 1119 3661 vitio
1141 3595 1315 3684 perineptu

123 3708 157 3768 et
176 3697 268 3786 plane
294 3694 433 3763 absurda
454 3696 538 3765 lecta
562 3707 631 3777 est,
663 3719 760 3785 quam
785 3698 901 3766 deinde
925 3698 1011 3766 docti
1040 3698 1187 3767 homines
1209 3700 1313 3769 subti-

124 3805 199 3871 liter
226 3802 486 3890 interpretaudo,
518 3805 563 3870 ita
595 3805 643 3870 uti
666 3803 720 3884 m,
748 3806 845 3872 etiam
875 3804 979 3891 magis
1009 3804 1165 3891 impedire
1194 3816 1230 3873 et
1252 3806 1325 3885 ol»,

125 3929 257 3977 semare
287 3918 471 3995 coeperunt.
517 3909 821 3995 Legiturt.v1.t.
850 3930 951 3996 quum
975 3909 1140 3999 tyranno
1166 3910 1201 3975 iu
1227 3910 1311 3979 olas·
1342 3954 1348 3965 ·

124 4016 169 4083 sis
188 4014 323 4102 imperio
337 4013 805 4093 successisset.Callicratidas,
828 4017 877 4082 vir
895 4014 1098 4102 praeclarus,
1121 4014 1309 4103 exemplum

123 4121 276 4208 antiquae
300 4120 446 4198 virtutis,
477 4120 655 4187 amicorum
680 4120 840 4210 Lysandri
863 4121 1036 4187 calumniis
1059 4131 1092 4189 et
1112 4120 1208 4188 melis
1230 4124 1313 4189 urti-

11 4256 13 4259 ·
124 4227 184 4293 bus
207 4225 417 4313 urguebatur.
465 4224 593 4293 Crebris
616 4226 818 4294 sernronilrus
847 4246 904 4314 per
929 4226 1024 4293 Asiae
1048 4225 1174 4314 oppida.
1189 4226 1311 4297 irenre-

123 4331 219 4399 haut:
249 4329 296 4398 ὅτι
317 4331 554 4411 Λακεδαιμόνιοι
574 4332 696 4413 ροέγιςα
728 4334 956 4414 παραπίπτοιεν
979 4333 1010 4399 ἐν
1032 4333 1076 4414 τῷ
1100 4332 1309 4405 διαλλάττειν
