2940 5010
624 274 688 338 297

105 444 266 535 lepunge
286 445 430 533 ineptum
450 445 613 513 senarium
632 456 665 513 et
686 449 805 516 senties
826 468 923 536 quani
943 449 987 515 sit
1004 448 1094 527 locus
1112 447 1153 515 ad
1170 448 1244 517 bor·

58 570 170 621 rurum
198 551 434 639 spectatoribus
464 552 686 619 incutiendum
718 555 824 620 acrior
846 563 878 621 et
901 574 1029 621 summo
1052 564 1144 642 poeta
1174 554 1246 642 dig·

58 656 144 725 nior.
193 660 320 744 Auceps
336 676 408 723 esse
434 655 522 723 dices
547 658 577 723 in
610 657 728 725 talibus
751 658 907 726 iudicium
938 669 970 726 et
995 660 1057 727 elia
1080 660 1154 728 aliis
1176 660 1246 747 pla·

59 780 148 831 cers.
196 760 280 843 Quid
301 763 329 829 si
361 761 576 829 demonstrari
598 772 702 851 potest
726 766 758 830 in
783 785 821 832 eo
846 765 1003 833 versiculo
1029 766 1156 851 antiqui
1181 782 1247 831 sen-

60 868 170 937 monis
198 868 300 935 httici
328 887 423 935 usum
448 868 582 947 violari,
606 869 690 956 quod
713 868 907 949 histriones,
939 890 1076 957 quorum
1101 871 1179 937 vitio
1203 869 1246 937 lo·

60 990 139 1041 cunr
168 970 379 1060 depravatum
411 993 481 1041 esse
513 974 679 1060 suspicor,
715 994 778 1040 non
801 975 999 1054 sentiebant,
1034 974 1090 1043 sed
1124 984 1249 1042 veteres

61 1080 152 1147 cives
173 1079 299 1147 Atticos
321 1077 430 1146 fallere
453 1098 515 1145 non
540 1089 675 1167 poterat.
723 1080 794 1147 Dici
815 1079 995 1167 oportebat:
1019 1081 1074 1163 ὁρῶ
1096 1104 1132 1146 οε
1150 1079 1248 1156 ὄντα,

60 1204 169 1273 neque
202 1182 268 1251 ullo
300 1182 393 1250 modo
427 1185 634 1271 participium
667 1184 777 1252 abesse
810 1193 944 1271 poterat.
991 1185 1093 1266 Quam
1126 1182 1248 1253 inerint

60 1288 237 1357 histriones
264 1290 298 1356 in
323 1287 439 1356 talibus
463 1288 604 1375 plumbei
632 1298 665 1357 et
693 1309 790 1376 quam
820 1291 896 1357 mali
917 1298 1029 1377 poetae
1051 1291 1171 1378 optime
1194 1288 1247 1357 de·

60 1402 224 1463 monstrat
243 1392 334 1461 locus
356 1394 389 1459 in
410 1391 633 1461 Andromache
667 1414 713 1461 rs.
737 1399 768 1461 6.

161 1580 164 1587 ¹
245 1499 381 1583 tasneto
404 1497 435 1563 ἔν
458 1524 499 1578 ys
521 1502 565 1583 τῷ
587 1500 657 1582 πρὶν
679 1501 879 1585 Ἀνδρομάχη
902 1500 1022 1586 χρόνῳ,

241 1610 295 1673 νῦν
317 1607 344 1672 δ’
355 1653 366 1682 ,
389 1602 418 1670 ei
436 1628 485 1678 τοο
507 1602 614 1683 ἄλλοι,
636 1607 837 1688 δνςνχεςοὶτν
859 1610 949 1687 γονή.

105 1708 240 1778 &ndat
272 1708 446 1776 histriones
480 1708 520 1776 de
552 1730 612 1777 suo
644 1711 811 1779 inficetum
844 1712 1008 1780 senarium
1042 1710 1129 1778 hunc
1162 1709 1247 1779 edie-

60 1816 167 1883 οἰκος
1068 1812 1070 1816 ⁴

336 1922 411 2000 ἐμοῦ
434 1920 575 2004 πέφυκεν
598 1922 616 1999 ἢ
640 1923 809 2001 γενήσεταί
831 1947 918 1988 ποτε.

59 2024 105 2095 ad
127 2044 224 2113 quem
254 2032 379 2092 veteres
408 2026 519 2093 (luitici
551 2037 769 2095 annotarunt:
802 2031 829 2095 oi
853 2026 1011 2110 ὑπονροτοὶ
1045 2028 1097 2093 τὸν
1130 2026 1247 2106 ἴομβον

59 2132 252 2217 προσέθηκαν
275 2132 497 2208 ὑπονοήσαντες
521 2130 598 2199 οἶνον
621 2137 677 2210 τὴν
699 2137 848 2217 γραφήν·
878 2138 938 2199 νῦν
969 2133 1010 2207 δὴ
1038 2134 1098 2205 τίς
1122 2129 1248 2209 ἄλλον,

60 2238 119 2309 nl
141 2236 213 2305 atrei
235 2241 292 2303 τοῦ
312 2242 508 2318 ονγκρντοκοῦ
537 2238 797 2319 δνςυχεςοὶτν
821 2239 937 2321 pacis:
961 2276 1006 2288 -
1031 2236 1086 2305 ubi
1110 2256 1167 2324 pro
1186 2244 1248 2321 Φνι·

59 2344 113 2413 σΙν
134 2350 194 2411 aut
211 2342 370 2425 γραπτέον
394 2350 450 2407 ant
472 2341 577 2409 simile
600 2342 677 2428 quid
701 2362 815 2409 sensus
838 2343 985 2429 requirit.

107 2448 224 2535 ltaque
240 2447 288 2513 sic
311 2446 367 2512 isti
390 2445 496 2514 locum
520 2455 749 2532 corruperant,
774 2455 810 2513 ut
833 2448 1050 2515 scriberetur:

291 2557 342 2618 νῦν
365 2553 401 2628 δὴ
424 2552 472 2626 τίς
496 2552 580 2627 ἄλλον
604 2553 796 2636 δνςοχοςέροο
820 2557 897 2633 γονή

292 2660 367 2739 ἐμοῦ
392 2656 591 2743 :riparensi
614 2660 784 2736 perticensi
805 2681 899 2734 crore:

60 2782 147 2853 quae
168 2782 265 2851 quarn
294 2764 409 2831 vitiosa
437 2765 503 2829 sint
525 2763 685 2829 sentimus
715 2784 845 2842 omnes,
877 2773 910 2830 at
941 2764 995 2829 isti
1026 2782 1088 2829 non
1109 2762 1248 2831 multum

62 2868 218 2937 ridentur
238 2888 380 2937 curasse.
429 2869 474 2936 lle
496 2867 708 2935 histrionibus
733 2871 877 2935 ouranios
898 2868 1109 2956 Tragicorum
1131 2876 1251 2936 temere

59 2974 297 3063 rellnpentibus
319 2983 353 3041 et
375 2976 503 3061 spurios
532 2993 645 3040 versus
674 2973 901 3060 effingentibus
932 2974 1061 3060 egregia
1088 2982 1137 3039 est
1160 2973 1251 3039 Valc-

58 3078 208 3149 kenaerii
236 3078 399 3147 adnotatio
423 3078 464 3145 ad
494 3077 684 3146 Phoenissas
716 3101 762 3144 rs.
790 3084 885 3146 1286.
933 3077 1112 3146 Luculenta
1141 3079 1252 3165 impri-

60 3186 127 3255 mis
157 3194 208 3253 est
235 3186 362 3272 antiqui
393 3184 527 3260 critici,
563 3184 785 3271 Aristophanis
820 3184 1011 3272 byzantini,
1049 3191 1085 3248 ut
1117 3183 1251 3269 opinor,

58 3290 230 3373 mimas
254 3288 296 3358 ad
318 3288 452 3357 Oresten
477 3309 524 3355 rs.
550 3292 782 3356 1566-1568.
809 3297 874 3355 tres
894 3289 1038 3355 senarios
1060 3288 1100 3355 ab
1123 3286 1251 3353 histrio·

60 3396 163 3467 niteo
183 3403 312 3465 mutos
332 3394 556 3481 redarguentis
579 3403 610 3461 et
630 3414 760 3461 causam
786 3393 909 3460 fraudis
933 3403 1085 3480 peracute
1106 3396 1251 3482 aperien-

58 3504 115 3575 un
163 3500 298 3571 Fecerat
330 3500 502 3587 Euripides
534 3499 694 3587 Phrygem
719 3499 759 3565 de
784 3520 912 3567 summa
940 3501 1052 3587 regia,
1077 3508 1114 3567 ut
1137 3520 1249 3567 necent

59 3606 244 3695 eflugeret,
276 3607 481 3694 praecipitem
506 3625 540 3671 se
561 3604 712 3683 dantem,
738 3606 833 3693 idque
851 3607 955 3692 ipsum
982 3608 1015 3673 in
1036 3626 1163 3673 summa
1185 3614 1251 3673 tre·

58 3710 226 3805 pidntionc
260 3711 373 3781 iecisse
401 3730 436 3777 se
464 3711 668 3777 clamantem.
714 3711 825 3798 Lepidi
853 3712 1043 3790 histriones,
1074 3713 1129 3799 qui
1153 3711 1249 3778 nrule·

56 3818 141 3889 tana
163 3836 224 3907 par
245 3818 364 3884 ostium
386 3817 473 3885 exire
496 3816 581 3883 lorus
603 3837 699 3904 quarn
724 3817 762 3883 de
787 3817 851 3884 alto
876 3826 959 3885 tectu
982 3817 1131 3895 desilire,
1155 3826 1191 3883 ut
1215 3815 1248 3884 id

57 3926 143 3995 ntis
163 3921 331 3991 commode
354 3921 458 3990 lacere
483 3932 612 4008 possent
642 3932 707 3989 tres
730 3924 872 3989 senarios
894 3921 1077 3989 conflarunt
1100 3922 1215 3989 hosce:

244 4028 356 4103 ἑλλοὶ,
379 4036 495 4094 κτυπεῖ
514 4031 578 4109 γὰρ
600 4030 716 4111 κλῇθρον
738 4027 907 4108 βασιλείων
930 4028 1051 4107 δόμων,

246 4136 416 4213 σιγήσατ’,
440 4131 496 4209 ἔξω
520 4133 584 4214 γάρ
607 4159 654 4209 τος
677 4135 814 4213 ἕκβοοίνεο
840 4134 988 4215 Φρυγῶν,

247 4234 283 4306 οὗ
304 4238 501 4317 πευσόμεσθα
523 4242 583 4305 sair
606 4241 706 4318 δόμοις
730 4237 810 4314 ὅπως
834 4238 913 4323 ἔχει.

53 4356 191 4419 uetera
221 4354 328 4413 tannen
354 4345 475 4412 intacta
498 4343 720 4430 reliquerunt,
746 4346 829 4413 unde
851 4346 938 4413 lraus
963 4344 1120 4433 perpluit:
1154 4342 1189 4421 ἐξ
1211 4341 1249 4410 ὧν

1014 4458 1041 4495 2³
