2940 5010
650 272 713 337 475

72 448 226 528 ΒΕΝΙΛ,
259 456 295 517 nt
324 467 378 515 res
407 455 496 515 certa
525 449 578 514 sit.
636 445 768 514 Scrihne
796 445 899 514 solent
923 447 975 513 ἐπὶ
1008 446 1094 533 ξενία
1122 457 1179 516 aut
1207 447 1259 514 εἰιί

13 618 17 623 ,
70 550 179 633 ξενίαν
201 551 242 621 de
273 572 332 622 sun
354 550 451 633 dare,
488 553 544 620 sed
576 552 698 619 nemini
721 550 861 639 amplius
889 552 1056 640 imponere
1086 573 1175 620 nunc
1208 553 1260 620 de·

73 656 163 727 bant

119 762 168 833 Na
187 764 262 852 quia
291 762 386 831 libris
411 765 509 832 etiem
537 764 669 852 optimis
693 763 831 829 nimium
858 762 982 829 tribuat
1011 762 1261 832 animadvertito

68 866 162 955 quod
188 888 229 937 ax
249 870 291 938 iis
322 868 457 937 affertur
488 870 520 934 in
553 873 626 956 53.
658 871 876 948 κατακείμενοι
909 871 941 937 δὲ
972 871 1002 935 έν
1033 870 1259 949 σκίμποσιν

68 972 228 1042 ἐδείπνουν
250 993 308 1061 pra
331 976 363 1041 ἐν
381 973 519 1055 ςιβιίοιν.
544 973 579 1039 Si
600 973 674 1059 quis
696 992 827 1051 eorum,
848 975 904 1060 qni
925 973 964 1040 oh
988 973 1083 1042 fidem
1104 973 1259 1041 librorum

66 1078 242 1161 σκίμποσιν
252 1078 430 1168 pmharunt
453 1089 485 1146 et
509 1086 718 1165 receperunt,
738 1077 836 1145 huius
859 1080 907 1146 rei
930 1080 1184 1166 experimentum
1207 1100 1259 1146 su-

66 1202 163 1251 mera
196 1183 369 1263 voluisset,
400 1183 478 1271 quid
510 1191 595 1252 esset
626 1185 657 1249 έν
694 1184 842 1263 σκίμποδι
875 1186 1080 1251 κατακεῖσθαι
1118 1205 1176 1273 pro
1204 1186 1256 1251 ἐπὶ

65 1288 240 1371 σκίμποδος
267 1292 416 1366 καίιῑοίαι
439 1291 524 1370 cito,
553 1288 672 1370 credo,
704 1289 743 1355 ad
777 1290 942 1357 meliorem
970 1297 1111 1358 mentem
1144 1290 1255 1357 rediis-

117 1498 332 1567 Vehameuter
353 1501 500 1588 suspicor
521 1498 663 1587 aliquam
693 1498 852 1568 sedeciam
877 1500 968 1567 uehis
995 1500 1151 1567 struxisse
1178 1503 1257 1567 scin-

63 1604 119 1673 101
148 1604 182 1671 iu
205 1611 225 1695 §
246 1599 281 1672 ll}
300 1605 389 1679 τέλος
417 1605 448 1672 δέ
470 1606 484 1671 ί
507 1604 605 1688 ἕτερος
629 1606 682 1673 τὸν
708 1604 807 1688 ἕτερον
835 1607 945 1683 παίει,
969 1609 1008 1680 τίς
1032 1609 1128 1671 πᾶσιν
1158 1606 1253 1675 έδδκει

68 1710 287 1801 [πεπληγέναι
309 1713 362 1778 τίν
394 1710 528 1800 ἄνδρα],
561 1712 576 1775 ί
606 1710 752 1778 δ’έπεοε
779 1718 929 1794 τεχνικῶς
961 1735 1036 1784 ποις.
1084 1710 1171 1777 Libri
1203 1733 1255 1779 va·

64 1816 176 1885 rint:
200 1816 254 1884 alii
278 1816 476 1894 πεπληγέναι
499 1817 551 1883 τὸν
578 1814 697 1898 ἄνδρα,
724 1816 780 1883 alii
804 1817 1004 1899 πεπλακέναι
1028 1818 1080 1883 τὸν
1103 1816 1255 1898 ἄνθρωπον

64 1920 233 1990 exhibent.
278 1920 458 2010 Utrumque
481 1922 727 2008 suppositicium
760 1941 830 1989 esse
853 1921 1013 1988 arbitror:
1047 1920 1102 1987 uhi
1132 1941 1169 1988 ea
1201 1942 1254 1988 ex-

62 2026 222 2115 punxeris
242 2024 373 2094 demum
396 2026 499 2093 cretio
522 2026 642 2111 optime
664 2026 823 2112 precedet.
872 2025 907 2090 Si
934 2025 1020 2091 enim
1052 2026 1250 2105 πεπληγέναι

64 2128 276 2199 retinendum
309 2138 393 2199 esset
419 2128 478 2201 ίίτε
509 2135 588 2197 πῖιοι
611 2132 708 2197 δοκεῖν
737 2129 852 2198 luisset
882 2128 1100 2197 scribendum.
1147 2131 1255 2199 Caete-

65 2254 143 2303 rum
166 2254 228 2302 ucn
246 2235 317 2302 heri
336 2243 392 2301 eut
416 2233 536 2302 nudius
559 2236 675 2303 tertius
696 2235 908 2323 interpolatus
931 2235 1021 2302 locus
1044 2245 1115 2315 est,
1139 2245 1176 2304 ut
1197 2258 1255 2325 pa·

64 2340 150 2411 tebit
173 2341 356 2429 inspicienti
381 2339 581 2406 Athenaeum
611 2361 642 2428 p.
667 2346 706 2407 ld
731 2341 765 2406 Β.

111 2446 149 2515 lu
181 2448 259 2533 58.
291 2445 376 2512 male
407 2445 646 2533 obtemperatur
686 2445 778 2511 libris
809 2446 997 2513 melioribus
1027 2456 1151 2513 resecto
1180 2444 1253 2523 ὅδε,

64 2548 155 2639 quod
185 2551 404 2619 necessarlum
435 2559 482 2617 esl
509 2551 541 2616 in
566 2549 688 2618 verbis:
720 2552 787 2617 ίδὲ
816 2552 925 2633 τρίπος
956 2560 1012 2628 τῆς
1043 2553 1197 2633 ὀρχήσεως
1220 2551 1254 2629 ἦν

63 2652 203 2747 (ίδε)·ί
230 2658 289 2737 μίν
310 2658 376 2724 ert.
424 2655 593 2723 Caeterum
620 2655 723 2722 multu
745 2656 894 2723 meliores
922 2656 1077 2725 lectiones
1105 2659 1253 2746 equidem

60 2780 104 2831 ex
127 2760 292 2831 Athenaeo
316 2762 494 2847 reciperem
526 2759 642 2829 hasce:
673 2763 705 2827 in
735 2766 804 2849 §8.
837 2762 851 2827 ί
885 2764 912 2828 δ’
942 2764 1253 2845 desiderantium

63 2866 226 2959 [lamed]
253 2864 400 2949 οὶρπιίσαι
422 2866 466 2932 τοὶ
489 2863 576 2932 ίπλα
603 2867 683 2956 [καί]
710 2867 857 2948 μοίχεται
877 2870 934 2949 πρὸ
957 2876 1010 2936 τοῦ
1030 2869 1157 2952 ζεύγους
1186 2869 1252 2957 [καί

60 2970 145 3041 οὗτοι
176 2976 269 3040 ταῦτ’
301 2971 433 3052 ἐποίουν]
465 2973 495 3037 έν
518 2975 617 3054 duduci
641 2972 714 3052 πρὸς
738 2973 789 3037 τὸν
814 2973 929 3047 αὖλίν,
959 2982 991 3039 et
1026 2975 1057 3040 in
1091 2980 1109 3060 §
1134 2980 1184 3039 10.
1217 2978 1253 3041 τὸ

59 3080 212 3161 Περσικὸν
242 3080 370 3161 ὠρχεῖτο
401 3078 453 3143 καί
487 3078 596 3159 κρούων
629 3077 689 3150 τοὶς
713 3078 835 3150 πέλτας
859 3078 979 3161 ὤκλαζε
1001 3080 1053 3145 καί
1089 3078 1253 3156 ἐξανίςατο

61 3202 126 3274 pru
147 3184 275 3267 ὠρχεῖτο
299 3182 407 3264 κρούων
431 3182 491 3255 τὰς
523 3182 645 3256 πέλτας
668 3183 721 3248 καί
753 3183 884 3266 ὤκλαζ.
932 3182 1020 3264 Quod
1042 3183 1126 3270 apud
1157 3184 1252 3251 Athe-

60 3306 182 3358 naeum
217 3294 267 3355 cat
296 3294 407 3370 κροτῶν
439 3298 550 3353 natum
583 3294 693 3353 estex
728 3307 837 3355 errore
861 3288 1047 3373 pervulgato
1070 3300 1253 3357 ΚΡΟΤΩΝ

59 3414 123 3485 pru
148 3400 340 3461 ΚΡΟΤΩΝ.
388 3392 510 3459 Passim
541 3393 627 3458 enim
658 3393 691 3458 in
725 3392 817 3459 libris
845 3394 981 3460 vetustis
1008 3404 1035 3459 'r
1067 3400 1099 3460 et
1124 3404 1154 3461 T
1179 3416 1252 3461 corr-

58 3497 296 3591 resumantur„
341 3498 422 3564 Hinc
445 3497 528 3583 apud
562 3496 758 3587 Hesychium
783 3498 902 3585 legitur
923 3506 1037 3565 ’λλτεῑ
1056 3520 1114 3586 pru
1136 3503 1250 3577 ἀλύει,

57 3612 179 3689 'rpem
200 3604 351 3689 φοβεῖται
382 3623 440 3689 pro
461 3612 544 3684 τρεῖ,
576 3604 690 3684 Ὀτρέοι
713 3624 770 3689 pru
797 3604 908 3685 οὐρία,
932 3612 964 3669 et
988 3605 1109 3691 duplici
1136 3607 1251 3673 mendo

52 3716 272 3793 Ἄτμαπα,
295 3708 485 3790 καίιίρματα
510 3727 567 3795 prn
589 3708 723 3786 λύματα
744 3728 784 3774 ex
803 3707 972 3775 Homerico
995 3729 1107 3778 versu:

196 3818 223 3883 οί
245 3816 273 3882 δ’
295 3814 544 3893 ἀπελυμαίνοντο
568 3814 620 3879 καὶ
646 3815 688 3887 είς
705 3810 773 3879 ι’ίλα
797 3815 910 3893 λιίμά
918 3819 947 3881 τ’
968 3816 1115 3896 ἔβαλλον.

105 3922 161 3991 aie
182 3929 306 3989 ATHN
333 3938 392 4006 pru
421 3927 541 3989 ATHN
566 3918 657 4008 (ἄτην
689 3940 747 4006 pm
781 3918 864 4007 δυίιν)
899 3922 1057 4008 scriptum
1087 3931 1136 3988 est
1163 3922 1250 4009 apud

55 4026 184 4099 helian.
217 4024 258 4093 fl.
287 4025 395 4093 duim.
422 4023 505 4089 xvl.
531 4027 584 4090 κίε.
619 4033 652 4091 et
683 4025 802 4091 similia
838 4026 941 4091 multa
974 4024 1049 4091 alibi
1085 4026 1249 4112 reperiun-

52 4144 125 4201 tur.
170 4132 209 4199 ln
237 4136 327 4220 511.
353 4128 431 4195 ferri
456 4149 518 4194 non
544 4136 648 4215 potest
672 4131 687 4193 έ
696 4130 763 4196 πιί
772 4156 862 4204 ντες
886 4134 912 4197 ol
935 4133 1249 4203 Μαντινεῖς-τίνα·

53 4238 171 4315 πάντες
194 4274 241 4287 -
263 4232 342 4314 ἦσαν
362 4236 393 4300 ἑν
416 4236 534 4317 intpp,
559 4233 636 4321 quid
660 4234 811 4315 tandem,
843 4256 982 4323 quidese,
1013 4244 1063 4302 cst
1085 4236 1246 4310 ἐπιίυτεςί

54 4342 94 4411 ln
117 4342 265 4411 albicent
296 4340 475 4421 έμπίνοντες
508 4339 597 4407 nullo
624 4361 741 4409 sensu:
777 4362 817 4407 ne
841 4343 1004 4419 ἐμπιόντες
1028 4340 1158 4427 quidem
1184 4342 1248 4428 pla·

1004 4455 1029 4492 25
