2940 5010
657 282 720 342 469

92 464 203 523 tamen
228 451 469 541 Xenophontem
495 470 529 517 so
557 459 660 517 totum
695 451 816 521 referre
839 453 1049 541 opinabatur!
1096 459 1206 528 Nudas
1232 473 1279 531 ta·

92 582 168 629 men
189 562 221 627 in
248 562 318 627 eius
337 558 478 624 dictione
501 556 704 642 deprehendo
735 558 845 625 sordes
867 569 924 625 aut
951 581 1076 629 errores
1100 585 1138 631 es
1163 569 1278 636 vitiosa

91 664 277 753 aequalium
307 665 449 747 συννίείμ
481 673 667 751 susceptos,
703 663 812 750 itaque
844 664 928 751 quod
953 666 1114 735 Lollianus
1141 671 1279 761 deliquit

91 770 211 859 aliquis
233 778 290 837 aut
317 770 449 837 Flavius
474 768 628 857 Iosephus
651 771 683 833 in
715 771 859 835 oratione
882 770 985 838 nitida
1011 782 1043 839 et
1073 777 1190 842 scitota
1221 782 1278 846 Αι-

91 878 179 943 ιίιιιιί
209 875 315 942 Ιοοιιιιι
349 894 412 940 ιιοιι
437 874 540 941 hahet.
588 873 708 940 Eadem
743 882 791 940 est
820 874 932 941 Dionis
963 878 1062 945 Cassii
1093 884 1198 959 ratio,
1221 886 1277 971 qui

90 980 222 1049 dicendi
244 988 434 1067 apparatum
464 988 496 1045 et
529 982 654 1066 copiam
683 981 877 1065 optimorum
913 984 1108 1069 scriptorum
1142 986 1278 1055 tectione

89 1086 284 1173 collegerat,
304 1093 337 1151 et
359 1104 422 1151 non
443 1094 587 1151 sectatur
610 1084 741 1171 quidem
760 1085 911 1151 dictionis
934 1099 1133 1157 venustatem
1152 1103 1210 1158 aut
1229 1097 1276 1159 ni-

91 1202 216 1267 torem,
238 1190 294 1257 sed
316 1191 472 1256 immunis
493 1200 541 1256 est
563 1199 669 1256 tamen
703 1198 767 1255 tam
790 1189 871 1256 foedi
899 1195 1034 1272 erroris,
1060 1205 1096 1262 ut
1123 1197 1277 1265 ἐδεδίεσαν

89 1298 234 1387 potuerit
256 1295 420 1373 scrihere,
443 1293 652 1381 quamohrem
678 1297 804 1381 corrige
824 1296 981 1363 xxxvii.
1006 1306 1059 1366 44.
1088 1302 1205 1377 πάντες
1223 1306 1276 1372 rte

87 1408 252 1485 Πομπήϊον
275 1401 465 1476 έδέδισαν,
490 1409 522 1468 ct
544 1399 623 1467 ΧΗ.
648 1406 679 1467 8.
711 1402 754 1466 σοὶ
777 1403 864 1468 αὐτοὶ
892 1404 1092 1485 ἐδέδισαν,
1119 1415 1152 1473 et
1171 1409 1275 1476 sicubi

85 1508 167 1576 aiibi
187 1508 340 1573 occurrit.

137 1610 352 1681 Memorabilis
374 1609 546 1677 admodum
568 1618 601 1677 et
623 1610 901 1678 animadversione
927 1613 1024 1699 digna
1048 1625 1096 1682 cst
1118 1622 1275 1706 suspicio,

86 1738 174 1809 quae
206 1718 370 1786 Dindorho
404 1717 444 1783 ad
474 1715 583 1804 Steph.
615 1717 710 1784 Thes.
743 1718 830 1784 uenit
862 1720 894 1783 in
931 1730 1072 1787 mentem
1108 1725 1161 1789 ιίιι
1181 1748 1276 1810 prosc

87 1824 333 1893 Atticontmvix
355 1824 489 1908 reperiri
509 1824 612 1900 δέδια,
635 1822 832 1901 δεδοίκαμεν,
857 1824 1023 1892 δεδοίκασιν
1044 1838 1074 1892 ct
1094 1830 1274 1908 δεδοικέναι,

86 1930 146 1997 sed
167 1930 231 1996 dici
251 1930 394 2002 δέδοικα,
417 1929 559 2008 δέδιμεν,
592 1928 726 1994 δεδίασιν
750 1938 782 1993 et
804 1929 954 2005 δεδιέναι,
990 1932 1055 1998 eho
1076 1946 1181 2001 etitem
1200 1956 1274 2020 pro-

85 2038 209 2103 miscue
230 2034 421 2121 usurpmiss’
456 2054 538 2120 quaa
571 2032 650 2098 ιιιίΙιί
687 2032 816 2118 quidem
842 2036 1010 2102 verissima
1042 2058 1113 2105 esse
1147 2040 1275 2107 videtur

84 2140 278 2209 observatio.
327 2138 486 2207 Notarunt
512 2140 643 2205 Veteres
665 2140 812 2222 magistri
834 2140 950 2205 δεδιυῖα
971 2140 1011 2207 ab
1028 2142 1154 2209 Eubuto
1173 2147 1274 2213 semel

83 2246 224 2313 dictum.
272 2243 359 2310 idem
393 2244 490 2309 semel
516 2246 683 2330 usurpavit
707 2243 813 2323 Plato,
837 2246 893 2311 sed
917 2248 948 2310 iu
973 2248 1116 2315 oratione
1141 2252 1272 2336 graudi-

83 2350 183 2439 loqua
205 2350 250 2417 τὰ
272 2348 539 2429 κατημαξευμένα
572 2352 677 2415 vitans
701 2350 733 2414 in
759 2349 904 2416 Phaedro
933 2372 1003 2437 pag.
1029 2358 1093 2421 cat
1119 2356 1154 2421 F.
1190 2357 1272 2424 Con·

85 2456 268 2523 iunctieum
302 2456 383 2537 δεδίιι
412 2453 552 2521 atterunt
587 2475 604 2521 e
634 2455 777 2542 Xenoph.
803 2458 880 2543 hep.
913 2457 1027 2524 Athen.
1048 2459 1075 2527 1.
1103 2467 1155 2526 11.
1179 2461 1217 2527 bv
1241 2465 1271 2530 δδ

84 2563 167 2645 δεδίιι
198 2564 212 2627 ὅ
241 2562 293 2635 σὸς
328 2563 432 2634 δοῦλος
466 2560 543 2640 ἐμέ,
581 2559 634 2625 ιιΙιι
658 2579 741 2646 quac
776 2561 971 2647 praeceduut
1002 2564 1103 2630 οὐκέτι
1138 2567 1272 2635 ἐνταῦθα

84 2674 250 2735 λυσιτελεῖ
269 2668 322 2733 rba
345 2668 418 2744 έμὸν
450 2667 555 2732 δοῦλον
581 2668 616 2731 σέ
646 2666 817 2733 δεδιέναι
843 2669 886 2757 (έν
905 2669 938 2734 δὲ
960 2680 999 2753 τῇ
1023 2673 1233 2752 Λακεδαίμονι
1256 2679 1272 2739 α’

83 2776 158 2855 epte
178 2774 284 2846 δοῦλος
306 2772 340 2837 σὲ
359 2771 569 2859 δέδοικεν),
594 2769 761 2837 Diridorfiii
782 2772 1036 2840 observationem
1056 2780 1184 2863 egregie
1197 2800 1270 2846 eou-

84 2880 226 2947 iirmant.
805 2872 808 2877 ’

125 2980 320 3051 Concludam
347 2980 429 3048 itanc
460 2982 698 3047 annotationem
731 2982 954 3050 emendatione
979 2985 1078 3052 Attici
1103 2985 1268 3070 Oratoris,

83 3088 167 3178 apud
191 3108 287 3175 quem
324 3087 467 3165 δεδίαμει
495 3088 608 3153 vitiose
631 3088 790 3173 scriptum
815 3096 874 3153 est.
922 3088 980 3155 Est
1009 3089 1098 3157 iocus
1124 3093 1206 3161 isaei
1234 3098 1268 3163 in

83 3194 171 3263 θεοί.
197 3194 235 3259 V.
261 3196 314 3259 Ἠ.
353 3194 543 3271 δεδίαμεν
578 3194 641 3273 γαρ
668 3196 713 3272 μὴ
737 3192 884 3274 ὄφλωμεν
917 3194 1026 3272 δίκας,
1061 3199 1114 3263 cui
1147 3202 1267 3281 δέδιμεν

79 3302 150 3369 sinc
171 3318 261 3365 mora
285 3297 495 3365 reddendum.

122 3406 172 3473 lde
205 3404 389 3491 imperativi
417 3402 520 3468 forma
542 3404 629 3468 δέδιθι
653 3412 685 3468 et
713 3403 813 3470 δειδιοι
849 3405 954 3471 media
986 3406 1079 3492 longa
1103 3410 1189 3495 apud
1213 3413 1269 3480 Ba·

74 3508 189 3579 brium
212 3519 245 3576 et
276 3508 472 3575 Nicandrum
505 3509 537 3572 in
572 3511 794 3595 prioreparte
825 3512 905 3575 satis
936 3511 1087 3579 diximus.
1135 3515 1267 3586 Brevem

69 3636 151 3687 esse
181 3622 329 3703 oportere
352 3616 435 3681 ratio
468 3612 581 3689 docet,
606 3634 702 3699 quam
727 3616 761 3680 in
783 3616 883 3681 δείδιίι
920 3616 1099 3695 Homerus,
1124 3621 1155 3685 in
1179 3623 1266 3690 δέδιίι

70 3719 311 3809 Aristophanes
333 3739 393 3786 usu
412 3716 672 3805 comprobarunt.
709 3718 801 3805 Apud
825 3718 1021 3808 hesychium
1045 3732 1076 3789 et
1096 3724 1158 3791 adia
1178 3747 1266 3794 mon·

65 3838 146 3895 stra
169 3826 344 3913 teguntur,
376 3845 459 3911 quac
482 3823 545 3890 huo
577 3826 756 3910 pertinent,
787 3833 820 3890 ct
844 3827 1029 3901 Δείνιιιίιι
1058 3832 1179 3910 Φιβοῦ,
1207 3853 1266 3899 suo

62 3928 147 4001 loco
177 3940 266 3997 recte
299 3932 456 4016 scriptum
493 3931 616 3996 Δειδιίι.
664 3929 753 4011 Quae
786 3928 949 3995 Dindortio
978 3934 1107 3999 obscuro
1139 3935 1267 4005 ridetur

64 4038 184 4127 glossa
213 4038 299 4102 inter
321 4037 434 4109 Δεδιώς
462 4044 494 4100 et
526 4033 637 4110 Δέδεξο
661 4035 766 4101 media
790 4037 893 4120 posita
925 4038 1118 4111 Δεδεκοίςῑ
1141 4041 1264 4123 δείσας,

66 4142 192 4211 veliem
224 4140 366 4227 reliquas
398 4162 461 4207 non
493 4160 563 4207 esse
594 4140 807 4207 obscuriores.
855 4140 941 4208 Luce
964 4144 1049 4209 enim
1074 4144 1193 4213 elarius
1217 4162 1266 4219 est

72 4247 282 4321 Δεδεκώςι
316 4248 413 4322 δήσας
443 4266 512 4313 osse
543 4244 789 4311 emendandum.
848 4247 970 4313 Δέδειια
1003 4248 1160 4316 Graccum
1195 4274 1265 4324 esse

71 4352 166 4419 obiiti
192 4361 268 4419 sunt
300 4350 446 4419 Editorcs
471 4350 638 4417 Aeschinis
673 4352 705 4417 in
736 4349 823 4418 Orat.
857 4351 896 4418 de
921 4353 955 4419 δ’.
977 4351 1010 4418 h.
1036 4352 1157 4441 3154.
1189 4363 1265 4428 διιέ-
