2940 5010
706 259 771 323 756

143 432 299 512 εὐδόκιμον
330 426 407 496 εἶναι
439 429 564 507 disseri
602 431 707 500 llerae
736 434 877 520 ineptiae
908 430 970 499 hac
1000 440 1090 501 sunt.
1136 432 1174 501 ld
1203 434 1316 522 quoda

143 537 353 625 Xenophonte
376 537 533 622 seriptum
555 545 605 603 est
625 540 754 605 restitui
779 559 841 605 uon
863 546 986 625 potest:
1010 558 1096 627 quae
1114 537 1216 607 luerit
1233 544 1319 611 ornis

141 665 250 710 sorum
277 642 444 709 verhorurn
470 652 501 708 et
525 640 772 729 depravatorum
803 646 964 711 sententia
985 662 1026 711 ex
1054 645 1131 713 aliis
1162 647 1319 733 scriptori·

139 749 200 816 hus
224 769 286 815 non
320 755 368 815 est
392 746 521 813 difficile
544 747 584 813 ad
617 748 861 831 intelligendum
886 757 936 816 est
967 751 1174 837 potissimum
1206 770 1246 817 ex
1273 750 1319 819 hix

141 855 306 923 Plutarchi
334 853 409 941 Lyc.
436 857 489 919 dd.
521 853 559 941 (oi
582 851 652 941 νέοι)
676 853 801 933 μόλις-α
838 855 925 937 παρόο
955 856 1027 931 τοὺς
1047 857 1202 931 κινδύνους
1224 854 1320 941 όόερό·

140 986 231 1028 πευον
262 963 317 1036 τὴν
352 960 449 1037 κόμην
482 959 620 1040 λιπαρόν
654 984 689 1025 τε
713 960 878 1041 φαίνεσόαι
911 961 964 1026 καὶ
993 962 1237 1043 διακεκριμὲκκκ.
1279 958 1320 1031 dl.

141 1065 256 1134 Herod.
280 1064 346 1130 vlt.
373 1068 438 1129 208
462 1073 495 1131 et
519 1068 595 1131 209.
645 1063 733 1131 Unde
756 1065 914 1150 suspicari
935 1068 1038 1153 possis
1057 1066 1136 1135 olirn
1158 1066 1210 1135 sic
1229 1064 1320 1135 tune

140 1173 321 1259 scripturn:
356 1167 437 1245 ἕξεςι
462 1170 492 1235 δὲ
516 1173 558 1250 τῷ
581 1169 635 1252 νέῳ
672 1168 817 1258 (λιπαρῷ)
850 1171 903 1236 καὶ
931 1172 1002 1261 (τοὶς
1030 1173 1133 1251 κόμας
1163 1170 1320 1261 διαμειρ-

139 1278 220 1359 μένῳ
243 1277 286 1348 εἰς
308 1274 419 1356 μόχκν
442 1274 536 1353 ἰέναι,
570 1273 625 1339 setl
660 1273 811 1341 hariolari
840 1274 900 1342 ltoc
922 1284 972 1343 cst
994 1287 1028 1345 ct
1051 1276 1134 1343 nihil
1158 1278 1209 1345 sic
1232 1275 1322 1345 effici·

143 1391 221 1460 tur,
244 1382 305 1446 nisi
331 1390 366 1444 ut
392 1378 432 1443 ah
456 1380 721 1465 interpretatione
751 1379 900 1465 vulgatae
930 1382 1114 1469 scripturae
1132 1391 1254 1451 cantus
1274 1380 1322 1451 alt·

140 1489 283 1565 stiones,
307 1483 392 1551 uude
417 1482 496 1550 nihil
520 1486 589 1550 sani
611 1485 743 1552 extundi
769 1493 891 1571 potest,
915 1495 948 1553 et
971 1497 1079 1555 metus
1097 1498 1172 1567 est,
1195 1489 1323 1557 sieta·

141 1592 227 1659 libus
251 1589 450 1677 pertinacius
474 1589 594 1676 aliquid
619 1589 735 1657 elicere
759 1589 908 1668 studeas,
944 1612 984 1658 ne
1005 1593 1074 1660 reri
1096 1602 1129 1660 et
1152 1595 1238 1663 certi
1259 1612 1325 1661 sear-

139 1718 234 1776 sum,
258 1697 369 1782 quiin
396 1703 426 1760 te
449 1705 519 1773 est,
543 1695 702 1763 obtundas
725 1706 756 1762 et
780 1696 946 1782 depraves.
993 1698 1084 1780 Quod
1109 1697 1324 1767 Schneiderus

139 1804 284 1891 reposuit
319 1802 540 1883 κεκτενιομόνῳ
578 1802 632 1890 (ex
668 1801 820 1867 Herodoti
851 1802 958 1870 verbis
982 1803 1051 1871 Vll.
1076 1808 1156 1872 208.
1192 1806 1264 1879 τοὺς
1295 1804 1324 1871 δὲ

138 1909 199 1992 κόρα
222 1907 282 1981 τόος
306 1906 407 1985 κόμας
436 1906 674 1994 κτενιζομένους)
700 1918 730 1973 et
754 1906 929 1973 barbarum
951 1918 1001 1974 est
1022 1929 1080 1995 pro
1105 1910 1325 1993 ἕκτευιομόνρ,

139 2025 172 2083 et
196 2034 258 2080 non
284 2010 445 2097 significat
470 2012 501 2076 id
527 2012 610 2096 quod
636 2011 696 2077 loci
721 2015 881 2079 sententia
903 2015 1050 2100 requirit.

184 2120 219 2185 ln
254 2137 323 2204 cap.
349 2116 432 2183 lllV.
457 2122 487 2182 3.
519 2119 627 2184 nescio
650 2116 809 2203 quomodo
829 2117 991 2185 claudicat
1014 2119 1178 2187 sententia
1202 2119 1236 2185 in
1260 2082 1324 2187 ver·

138 2225 225 2291 his’
210 2224 261 2290 επὶ
286 2225 327 2304 τῷ
352 2226 529 2298 κεκτῆσθαι.
577 2223 677 2288 Recto
712 2222 791 2287 mihi
822 2223 885 2288 talo
918 2233 1006 2291 stare
1035 2225 1204 2292 rideretur
1226 2225 1255 2290 si
1277 2224 1325 2291 iel

138 2334 180 2414 τῷ
218 2327 369 2418 (ποιεῖτον)
401 2331 589 2407 κεκτῆσθαι,
622 2328 669 2394 vel
696 2327 877 2417 (πάμπολυ)
911 2331 1104 2406 κεκτῆσθαι,
1136 2329 1188 2397 tel
1219 2329 1324 2404 huitte-

139 2435 226 2503 modi
250 2432 326 2520 quid
359 2432 506 2499 additum
535 2443 641 2512 esset,
673 2442 705 2499 et
730 2434 762 2498 in
796 2436 868 2518 §h
900 2454 1097 2522 quamquam
1122 2433 1203 2503 lerri
1223 2444 1325 2523 potest

140 2540 221 2613 ὅπως
245 2541 289 2618 μὴ
312 2539 504 2622 ῥᾳδιουργίας
528 2541 591 2604 cirri
626 2547 685 2605 τῶν
717 2537 809 2615 ξένων
840 2541 1175 2620 ἐμπόμπλαιντο,
1209 2548 1326 2628 quantu

140 2646 257 2713 melius
284 2652 317 2709 et
340 2644 558 2723 Ἀττικώτερον
590 2643 789 2710 scriberetur
816 2647 1076 2724 ἀναπίμπλαιντο
1112 2646 1324 2713 llultultcttittt

141 2752 180 2820 ad
205 2752 288 2817 Tim.
313 2768 342 2813 v.
366 2746 549 2822 Ἀνόποιεος
574 2749 730 2815 ostendet.
779 2750 906 2830 eranto
929 2752 1027 2817 etiam
1052 2752 1172 2818 melius
1194 2760 1227 2819 et
1249 2752 1325 2818 auti·

140 2879 204 2946 quo
228 2856 386 2942 scriptore
409 2851 539 2939 dignius
570 2853 720 2921 decurret
745 2856 905 2921 sententia
929 2856 956 2921 si
977 2857 1036 2935 μέν
1060 2858 1220 2924 omissum
1243 2874 1326 2923 reru-

142 2963 231 3030 cahis
254 2970 286 3028 et
313 2959 396 3025 male
423 2961 598 3046 repetitum
630 2961 786 3039 ἕπόςαμαι
819 2980 1002 3047 expurges,
1035 2972 1071 3028 ut
1103 2962 1152 3028 sic
1187 2960 1327 3048 legatur:

143 3071 298 3146 ἐπόςαμοοι
319 3067 351 3131 δὲ
375 3066 427 3131 καὶ
462 3064 534 3145 πρό
543 3066 634 3130 πόει
658 3066 730 3143 μὲν
762 3064 950 3142 ξενηλασίας
980 3066 1173 3147 γιγνομένας
1198 3105 1244 3117 -
1267 3071 1328 3133 xit

144 3176 182 3242 δὲ
207 3174 277 3245 τοὺς
302 3173 464 3245 δοκοῦντας
489 3172 623 3252 πρώτους
645 3167 722 3236 εἶναι
747 3173 812 3236 κτὲ.

190 3279 225 3344 lu
252 3277 317 3344 XV.
346 3280 362 3362 §
386 3282 416 3342 t.
441 3281 480 3351 ὡς
503 3279 625 3356 μήποτε
648 3278 801 3358 ἀπορήσαι
821 3277 974 3356 βασιλεὺς
998 3279 1112 3360 ἱερῶν
1135 3279 1172 3356 ἥν
1191 3302 1223 3343 τι
1246 3278 1327 3361 detuli

144 3388 219 3458 όεοῒς
232 3384 547 3462 ουμβουλειόσασόαι,
572 3382 810 3448 emendandum
834 3391 883 3449 est
902 3383 1031 3464 ἱερείων,
1054 3381 1086 3448 id
1108 3391 1157 3449 est
1170 3382 1328 3463 όυμιότιικ,

145 3509 284 3575 namque
309 3487 391 3566 hoe,
422 3509 484 3553 non
509 3491 637 3564 όυσόοος,
662 3486 722 3554 looi
746 3489 906 3553 sententia
930 3487 1066 3573 flagitat.
1115 3488 1201 3569 Quid
1225 3488 1329 3555 notius

143 3605 194 3662 est
218 3614 313 3681 quaru
338 3596 433 3675 ἱερεῖα
465 3592 530 3659 diei
556 3594 600 3659 τόο
623 3594 771 3672 όόματα,
796 3593 859 3669 ἤτοι
894 3594 971 3672 βοῦς
993 3596 1010 3671 ἢ
1035 3594 1184 3674 πρόβατα
1210 3596 1227 3671 ἣ
1256 3590 1328 3671 dri

142 3699 207 3768 ότι
229 3700 269 3766 to
291 3708 354 3772 τοῖς
379 3703 453 3773 όεοῑς
476 3699 596 3773 όιόκται.
643 3697 760 3764 Notum
785 3707 835 3763 cst
857 3699 956 3764 eliam
981 3697 1048 3780 ἱεροὶ
1070 3708 1103 3764 cl
1126 3702 1223 3781 ἱερεῖα
1247 3701 1328 3768 inter

144 3828 179 3875 se
209 3825 303 3891 saepe
335 3805 535 3891 permutari:
567 3803 638 3869 vide
668 3802 767 3867 Anah.
790 3802 842 3868 Vl.
868 3823 897 3867 v.
926 3811 940 3868 1
972 3812 1005 3871 et
1030 3803 1098 3869 Vll.
1121 3824 1187 3871 uu.
1212 3811 1254 3883 ὅ,
1277 3803 1329 3871 uhi

142 3916 208 3982 ἰδὼν
237 3913 269 3977 δὲ
300 3911 342 3976 rol
370 3913 491 3991 leprico
522 3910 691 3983 Εὐκλείδης
715 3904 801 3972 εἶπεν
829 3928 867 3974 ex
903 3908 1089 3975 melioribus
1122 3908 1216 3977 libris
1249 3909 1329 3979 male

139 4026 305 4104 receptum
338 4024 406 4090 est;
439 4033 551 4081 verum
576 4022 624 4078 est
656 4013 739 4098 quod
769 4012 888 4080 hahent
923 4014 1099 4082 deteriores
1132 4016 1201 4084 ἰδὼν
1231 4017 1264 4083 et
1287 4015 1327 4083 τό

139 4128 150 4190 i
158 4122 246 4205 ερό,
271 4132 342 4188 cetu
366 4122 472 4197 enirn,
497 4138 579 4206 qtrae
601 4117 760 4205 haruspex
783 4121 930 4207 inspicit,
953 4121 997 4187 τόν
1016 4119 1084 4203 repat
1105 4122 1329 4211 appellantur,

139 4229 303 4305 or'climue,
327 4247 409 4314 quae
435 4225 643 4294 imnrolautur
664 4222 704 4289 ad
728 4244 822 4304 aras,
850 4226 894 4293 τόο
916 4228 1021 4310 ἱερεῖα.
