2940 5010
699 282 765 345 luo

137 450 267 520 nomine
288 452 321 517 in
349 472 449 520 unum
472 450 688 531 coalescente,
712 463 750 520 ut
775 454 808 519 in
832 453 958 521 ιοοιιοδόν
981 473 1039 543 pro
1060 456 1130 522 οισι·
1152 453 1242 534 tto,
1265 476 1328 521 σοι·

136 567 228 640 ροῑνον
251 578 310 644 pro
330 565 403 641 παρ’
422 555 520 637 οἶνον,
551 557 688 644 aliisque
716 559 890 647 sexcentis)
923 567 956 626 ct
980 560 1209 627 terminatione
1235 578 1257 626 a
1282 568 1329 626 tu·

136 660 333 751 chygrapbis
364 661 404 730 de
431 682 521 730 more
553 663 684 730 omissa.
730 663 814 730 Hinc
839 662 891 730 Vl.
917 685 958 731 ιι.
984 669 1017 732 s.
1049 675 1191 752 quatuor
1213 664 1330 753 optimi

136 831 235 890 testes
264 825 315 890 ἐπ’
344 821 446 902 έξόδοιι
469 823 622 893 exhibent
650 845 708 914 pro
738 824 848 911 έξέδῳ,
879 834 1020 894 veterem
1055 827 1256 917 scripturam
1279 764 1334 907 έξέ

133 927 217 994 male
239 925 415 1015 explentes.
462 930 666 1016 Quicumque
688 928 820 999 Codices
840 929 936 1019 paulo
960 930 1162 1021 antiquiores
1184 930 1331 1001 versavit

132 1039 190 1099 aut
214 1031 354 1120 inspexit
383 1034 607 1106 recordabitur
636 1054 733 1124 quam
762 1036 807 1102 sit
837 1035 898 1103 hoc
930 1055 1033 1123 genus
1060 1035 1330 1125 compendiorum

137 1136 289 1224 frequens
311 1147 343 1204 et
368 1140 400 1205 in
421 1141 494 1208 aliis
516 1149 549 1208 et
569 1142 602 1207 in
623 1138 809 1206 nominibus
828 1159 866 1206 ex
887 1140 952 1216 ὁδός
971 1141 1168 1230 compositis.
1216 1138 1334 1227 ltaque

136 1242 264 1331 explosa
294 1243 476 1331 scriptura,
506 1264 602 1333 quam
636 1245 702 1312 sola
735 1246 860 1334 peperit
887 1245 1070 1315 scribarum
1100 1244 1250 1325 inscitia,
1279 1245 1334 1312 ἐπ’

134 1347 226 1430 ἐξόδῳ
250 1350 282 1413 in
307 1349 445 1436 pristina
472 1349 546 1417 sede
570 1349 743 1437 aliquando
764 1357 950 1439 reponatur.

178 1452 279 1520 Video
302 1473 389 1521 nunc
416 1455 618 1522 bindoriium
643 1455 740 1524 aliam
769 1454 829 1522 loci
853 1451 1046 1524 emendandi
1079 1453 1242 1523 rationem
1274 1474 1333 1523 ex-

133 1558 292 1644 cogitasse
318 1567 352 1624 et
380 1578 472 1627 suam
504 1558 664 1627 infelicem
697 1563 917 1628 coniecturam
949 1558 1110 1646 recepisse
1140 1557 1173 1625 iu
1200 1566 1331 1627 textum

132 1663 235 1729 ἐθύετο
259 1663 310 1728 ἐπ’
340 1662 479 1751 έξοδεέοο,
513 1686 609 1753 quam
642 1665 779 1732 formam
812 1673 979 1754 comparat
1009 1683 1085 1730 cum
1118 1664 1275 1747 πιοιοδιέοι
1298 1672 1332 1734 et

133 1768 282 1853 ἐφοδείοο,
306 1767 390 1856 quod
413 1777 447 1836 et
473 1771 580 1858 ipsum
604 1771 638 1837 in
666 1772 777 1855 ἐφοδιοο
807 1769 976 1859 depravari
1006 1767 1119 1836 solere.
1167 1766 1231 1835 Sed
1260 1788 1330 1835 non

133 1872 363 1941 animadvertit
386 1873 476 1941 verbi
498 1875 589 1942 δδιύιο
610 1876 788 1963 composita
811 1875 920 1942 omnia
955 1874 1096 1964 (praeter
1117 1892 1220 1941 unum
1252 1875 1332 1958 too·

132 1976 222 2067 δεύο)
254 1998 325 2046 esse
353 1979 545 2047 Graecitatis
574 1982 771 2048 senescentis
802 1990 833 2047 et
858 1978 1043 2066 decrepitae
1070 1976 1215 2065 adeoquo
1244 1998 1332 2046 nova

134 2085 265 2151 nomina
288 2083 365 2150 binc
392 2082 528 2153 lormata
554 2107 624 2154 esse
646 2085 755 2153 omnia
778 2089 832 2153 σοῦ
857 2088 984 2167 πονηροῦ
1007 2083 1180 2164 κόμματος.
1231 2082 1331 2151 Vete-

131 2188 241 2268 ribus,
277 2196 312 2255 ut
336 2189 434 2256 semel
459 2197 492 2257 et
519 2192 637 2258 iterum
672 2190 814 2258 breviter
847 2189 1086 2268 indicarimus,
1118 2207 1235 2257 nomeu
1260 2187 1329 2264 έδές

134 2295 182 2360 sic
204 2292 375 2381 respondet
397 2294 493 2362 verbo
515 2295 648 2380 ἔρχομοιι
674 2295 801 2385 (lisso),
837 2305 873 2361 ut
895 2294 985 2361 οὐσιοο
1009 2291 1107 2360 verbo
1128 2289 1231 2372 εἷνοιι,
1256 2313 1330 2362 cae·

133 2399 278 2485 terisque
305 2397 410 2464 verbis
436 2397 501 2466 lere
534 2402 683 2468 omnibus
709 2421 824 2468 nomen
859 2397 1029 2489 respondet
1060 2404 1180 2466 auter
1212 2417 1247 2466 ss
1272 2418 1327 2466 na·

133 2512 206 2570 tum
229 2509 287 2569 aut
306 2511 394 2569 certe
413 2513 605 2589 cognatum,
630 2505 814 2593 diciturque
835 2506 911 2573 ἰένοιι
932 2502 1016 2584 ὁδόν,
1042 2511 1078 2570 ut
1101 2502 1186 2571 νδσον
1209 2510 1325 2581 νοσεῖν,

134 2608 229 2688 λόγον
252 2606 380 2686 λέγειν,
404 2610 570 2694 ςιέφεσιοοι
602 2612 736 2696 spodio,
762 2610 888 2697 aliaque
907 2616 1068 2675 sexcenta.
1116 2609 1231 2698 ltaque
1254 2629 1323 2677 ver·

133 2710 174 2780 bo
196 2710 322 2779 οὶπιένοοι
348 2731 464 2779 nomen
488 2712 603 2799 ἄφοδος
626 2714 819 2803 respondet,
842 2714 939 2781 verbo
960 2713 1100 2796 ποιοιένοιι
1124 2712 1273 2797 πάροδος,
1293 2722 1325 2782 el

133 2818 181 2885 sic
216 2818 347 2888 nomina
379 2818 522 2899 μέθοδος,
554 2822 708 2903 περέοδος,
740 2821 870 2905 ἔφοδος,
900 2819 1043 2899 σύνοδος,
1074 2817 1196 2896 έξοδος,
1229 2819 1322 2895 δίοδος

133 2931 197 2994 tel.
220 2923 328 2991 verbis
348 2923 510 3005 μετιέιοιι,
533 2927 678 3009 περιιέναι
703 2934 764 2992 oet.
796 2926 840 2991 ila
862 2923 1074 3012 respondent,
1105 2943 1143 2991 ac
1166 2924 1194 2989 si
1218 2944 1260 2992 ex
1283 2922 1323 2991 iis

133 3025 271 3096 lormata
296 3038 435 3118 nataque
465 3040 581 3098 essent.
611 3033 748 3116 ’Ἂφοδος
773 3031 874 3119 igitur
896 3038 945 3097 est
962 3027 1046 3096 idem
1067 3036 1165 3117 atque
1187 3028 1331 3097 οἱπέιιιν·

133 3158 205 3213 σος,
236 3136 263 3201 si
289 3143 374 3202 esset
396 3135 456 3202 boc
479 3136 668 3203 vocabulum
695 3138 729 3203 in
755 3155 826 3202 usu.
875 3134 928 3201 Sic
953 3134 1056 3220 igitur
1084 3135 1237 3203 ποιεΐσέοιι
1263 3131 1330 3213 ἔξο-

133 3239 181 3307 δον
205 3239 367 3326 significat
390 3239 525 3320 έξιέιοοι,
557 3244 708 3309 rescindat
736 3240 863 3323 πάροδοι
888 3248 945 3306 aul
975 3236 1118 3321 πρέσοδοι
1148 3249 1199 3306 est
1231 3239 1375 3328 plan=

132 3343 218 3410 idem
243 3352 340 3431 atquc
362 3346 504 3428 ποοοιένοιι
529 3353 561 3412 et
585 3348 757 3431 προσιέναι,
781 3353 813 3413 et
837 3344 948 3413 eadem
973 3352 1023 3411 est
1044 3344 1237 3412 incaeteris
1258 3363 1375 3412 om—

135 3447 231 3522 nibus
255 3450 348 3521 ratio.

189 3553 322 3622 Veteres
354 3555 456 3642 igitur
477 3577 577 3644 quum
609 3556 705 3624 verbo
729 3557 776 3623 uti
808 3556 925 3624 vellent
953 3554 1038 3643 quod
1070 3553 1194 3623 nomini
1225 3552 1375 3632 trono

132 3657 341 3747 responderet
373 3679 434 3733 non
467 3661 561 3728 aliter
592 3681 688 3749 quarn
713 3661 824 3739 ἐξιέναι
848 3660 991 3728 solebant
1021 3661 1147 3739 dicere,
1177 3668 1215 3726 ut
1240 3684 1364 3744 περι-

130 3764 206 3831 ιὲνοιι
232 3784 289 3852 pro
312 3768 462 3837 ποιεῖσιοοι
488 3768 630 3851 περίοδον.
679 3765 868 3855 Sequiores,
892 3766 949 3854 qui
973 3764 1160 3833 nesciebant
1184 3764 1375 3833 nomini-*-

129 3869 191 3936 bus
214 3890 251 3936 es
276 3869 342 3945 δδές
368 3872 554 3960 compositis
586 3881 711 3940 certum
743 3870 876 3939 verbum
908 3872 972 3938 iam
998 3879 1191 3960 suppetere,
1223 3886 1374 3937 novara

129 3975 299 4045 verborum
325 3976 446 4043 lormas
469 3997 507 4045 ex
530 3977 570 4043 iis
602 3976 685 4045 mals
709 3976 885 4065 procudere
910 3985 1086 4066 coeperunt
1116 3977 1148 4041 in
1171 3975 1243 4045 -ειέοο
1268 3994 1361 4044 ex·-

129 4091 262 4156 ountes‚
287 4081 474 4170 pervulgato
497 4084 575 4150 vitio
597 4083 735 4151 labentis
758 4091 790 4150 et
807 4082 976 4149 morientis
1000 4080 1194 4151 Graecitatis
1206 4078 1375 4147 lormie

129 4186 271 4272 antiquis
302 4195 335 4253 et
366 4189 566 4275 simplicibus
595 4188 830 4255 substituentes
863 4186 981 4255 lormas
1014 4187 1213 4276 ineleganter
1245 4205 1372 4273 pro-

128 4288 250 4356 ductas.
300 4291 574 4373 Quemadmodum
607 4296 693 4362 enim
719 4292 866 4361 Graeculi
893 4314 932 4361 ex
955 4296 1055 4379 τροφοί
1082 4292 1182 4361 stulte
1207 4288 1367 4359 lorms‘
