2940 5010
696 272 761 335 726

139 449 173 514 ἐκ
197 455 253 522 τῆς
277 446 406 529 ποοτρίου
437 449 569 528 οἰμωγῆς
592 449 687 529 μηδὲν
712 448 764 540 (ἄν
791 445 988 538 addentium)
1011 450 1145 533 οοίπχρίν
1170 448 1306 533 προπίξοι

138 560 202 626 τοῖς
221 553 347 626 τέκνοις.

183 656 370 743 Elegantem
395 656 565 725 verborum
598 659 862 746 compositionem
898 658 1033 748 impedit
1066 669 1102 729 et
1129 661 1226 729 vitiet
1246 658 1309 729 ciro

136 767 262 845 μᾶλλον
293 782 459 850 perperam
487 765 644 831 insertum
669 765 694 832 l.
720 771 750 830 o.
783 770 816 830 in
847 764 972 832 verbis:
1006 762 1085 833 airu
1114 768 1147 835 li
1178 766 1310 835 τννίιτω

137 869 344 950 ποίεινοτίρωτ
368 871 426 949 μὲν
449 869 574 949 tityon
598 876 685 955 σφῶν
716 871 818 936 αὐτῶν
842 868 949 953 ἔχειν,
973 872 1199 955 ἕρρωμτνίτερω
1220 874 1252 939 δὲ
1270 872 1309 951 rt

137 979 264 1055 μνετίοοι
288 974 318 1041 εί
337 1001 368 1042 τι
391 973 507 1055 βλοίςοι
536 972 626 1064 [οὕτω
649 977 807 1061 amcam,
831 976 849 1053 ἢ
869 978 895 1043 εί
915 975 1044 1060 διοίιωροι
1068 978 1220 1054 ἀλλήλοιν
1241 972 1312 1057 rire,

136 1080 225 1147 sitlos
256 1081 340 1148 enim
368 1080 449 1148 haec
482 1079 633 1148 Veterum
667 1099 754 1147 more
788 1082 833 1147 ita
864 1083 1041 1169 composito
1073 1102 1147 1151 esse
1176 1090 1215 1151 ut
1241 1081 1312 1149 duae

136 1195 245 1273 partes
268 1187 393 1273 copulis
413 1186 471 1266 μίν
494 1195 527 1252 et
550 1186 582 1254 ll
601 1187 730 1253 iunctae
753 1205 793 1253 ex
813 1188 1001 1273 praemissis
1019 1184 1098 1255 οὕτω
1121 1187 1156 1255 δὲ
1176 1186 1311 1255 omlnes

135 1310 309 1378 suspensae
333 1293 410 1357 sint.

192 1396 312 1464 Plurali
343 1416 478 1462 numero
513 1394 687 1483 singularis
722 1396 969 1465 substituendus
1001 1406 1052 1467 est
1082 1398 1118 1464 iu
1148 1397 1176 1465 1.
1199 1400 1233 1463 o.
1266 1394 1313 1463 uli

136 1500 342 1570 scribentium
373 1501 566 1577 ἀποπαύσας
589 1507 643 1568 τοῦ
667 1503 978 1583 tetraptotam
1008 1500 1163 1577 inacte
1186 1508 1313 1582 γυναῖκα

134 1607 289 1689 tractat,
311 1627 369 1694 pro
392 1607 485 1674 ὁπίτε
505 1609 665 1688 βούλοιντο
686 1605 802 1680 laesor.
850 1608 885 1673 ln
908 1606 1000 1674 libris
1016 1606 1129 1682 ἔνατος
1153 1608 1202 1675 sic
1225 1608 1313 1675 senili

135 1733 215 1801 solet
232 1741 268 1799 ut
285 1734 392 1800 exitus
412 1732 559 1799 vocabuli
578 1732 751 1800 lectoribus
775 1732 972 1820 supplendus
994 1734 1203 1822 relinquatur
1221 1714 1313 1825 (ἔνιοί),

133 1838 220 1906 umle
244 1838 339 1905 multi
367 1859 494 1906 errores
522 1839 663 1925 susecpti
690 1848 778 1906 sunt.
827 1840 901 1905 Post
925 1858 1027 1925 pauca
1056 1841 1245 1927 scripserim
1266 1840 1313 1907 ποί
1355 1900 1357 1907 .

132 1950 223 2013 τοῦτο
247 1945 473 2028 συμφέρειν
496 1953 536 2027 τῇ
559 1944 684 2027 seranta
707 1944 834 2027 νομίζων
859 1963 916 2030 pro
944 1945 1114 2029 συμφέρον.

179 2051 231 2117 Bis
255 2051 389 2136 periisse
412 2049 585 2116 articulum
611 2050 759 2135 suspicor
781 2052 813 2115 in
838 2049 879 2116 ll.
906 2055 938 2116 5.
968 2049 1021 2117 κοί
1047 2051 1187 2129 πηδῆσαι
1208 2054 1241 2120 δὲ
1264 2060 1314 2137 (ιο-

131 2154 241 2244 μίζων)
266 2155 319 2222 xci
342 2157 496 2236 ἅνωίορείν
521 2154 572 2219 nai
606 2155 733 2237 δροομεῖν
757 2156 868 2221 ίοῖττον
889 2156 1101 2233 οίνυπίδιιτον,
1131 2159 1160 2223 εί
1184 2158 1313 2233 sicam

131 2260 179 2337 είιρ
203 2262 274 2336 τοὺς
306 2260 425 2338 πίδοις,
457 2260 475 2336 ἢ
500 2261 736 2341 ὑποδεδεμένον,
772 2262 838 2325 imo
861 2280 936 2326 vero
959 2263 1070 2327 ίοῖττον
1105 2262 1184 2351 (τὸν)
1210 2262 1313 2331 ιίιυπί·

129 2367 304 2445 lurco-23
332 2365 408 2455 (τὸν)
434 2366 660 2445 ὑποδεδεμένον.
711 2367 854 2432 l‘riorem
878 2365 1054 2432 articulum
1080 2368 1228 2446 incuria,
1250 2388 1314 2457 pos·

129 2474 281 2539 terionem
303 2471 386 2538 male
410 2469 542 2537 sedulus
569 2480 732 2539 corrector
756 2472 913 2537 exemisse
938 2471 1076 2537 videtur.
1126 2471 1313 2560 Saepissime

129 2577 250 2644 laetum
276 2585 382 2643 estut
405 2577 451 2642 sio
475 2577 634 2642 articulus
670 2578 789 2663 periret
813 2578 931 2642 omissa
956 2576 1077 2665 syllaba
1105 2598 1204 2664 quam
1230 2600 1312 2667 repe·

127 2684 221 2750 titum
247 2682 411 2769 oportuit,
435 2690 588 2768 utsupra
612 2684 643 2746 in
668 2682 840 2748 Plutarcho
860 2684 980 2765 Ἀνύτῳ
1000 2684 1200 2762 Ἀνθεμίωνος
1221 2685 1313 2751 scribi

127 2788 276 2856 videmus
297 2808 354 2875 pro
377 2788 496 2871 Ἀνύτῳ
518 2791 560 2871 τῷ
586 2788 807 2867 Ἀνθεμίωνος,
842 2787 896 2854 sod
926 2807 1085 2873 nusquam
1111 2809 1148 2856 ea
1173 2810 1226 2857 res
1244 2791 1312 2878 plus

128 2894 315 2982 importavit
335 2892 411 2959 mali
432 2914 528 2980 quam
551 2894 582 2958 in
603 2893 789 2979 Epicharmi
816 2894 865 2982 (ut
882 2893 1023 2981 videtur)
1049 2897 1217 2962 octonario
1231 2896 1310 2985 apul

127 3000 300 3069 zenobium
321 2999 375 3066 tv.
400 3004 460 3066 35:

263 3110 387 3173 Θοῐττον
411 3107 426 3171 ί
449 3105 536 3179 πίονος
560 3106 751 3186 ‘liparensium
776 3104 922 3186 Περινοιίω
946 3102 1075 3186 τρέχει,

127 3214 250 3278 inserto
273 3212 454 3278 necessario
487 3210 625 3277 articulo
650 3220 789 3276 metrum
823 3208 1003 3286 constabit,
1037 3209 1094 3276 scd
1127 3211 1206 3297 quid
1238 3214 1310 3281 latet

126 3319 161 3383 iu
184 3317 356 3400 Περινοιίωί
393 3318 532 3403 Apparet
556 3316 709 3382 Heracliti
731 3316 868 3401 patriam
896 3316 929 3380 in
955 3314 1065 3381 Sicilia
1083 3326 1140 3382 aut
1164 3318 1200 3383 in
1221 3317 1313 3387 Grae·

128 3426 179 3490 ria
201 3425 321 3490 maiore
346 3443 415 3491 csso
436 3421 671 3508 quaerendam:
698 3424 806 3508 itaque
828 3421 938 3486 statim
960 3423 1077 3488 emicat
1105 3442 1179 3490 vera
1202 3423 1312 3495 lectior

264 3533 388 3595 Θοῖττον
410 3529 424 3594 ί
447 3529 534 3602 τίνος
558 3528 750 3609 Ἦροικλείτω
775 3535 817 3594 τῶ
841 3529 989 3608 Τερινοοίω
1013 3528 1130 3611 τρέχει.

129 3635 184 3703 Sat
209 3640 285 3701 nota
308 3644 357 3701 est
379 3635 637 3701 crotoniatarum
663 3633 786 3699 colonia
811 3636 828 3710 ἡ
849 3633 985 3714 Τέριννο,
1011 3634 1097 3699 unde
1121 3655 1237 3703 nomen
1261 3637 1313 3705 lm·

126 3740 178 3810 het
201 3742 215 3808 i
239 3750 397 3825 Τερινοοῑος
428 3739 552 3814 κόλπος.
601 3738 762 3828 Scymnus
787 3741 818 3805 in
855 3740 976 3824 Porieg.
1011 3759 1056 3804 rs.
1079 3745 1162 3807 505:
1197 3741 1315 3825 Italic,

125 3851 254 3936 inquit,
285 3846 417 3930 μεροίοοι
441 3844 562 3921 Ἐνιοιοίς
593 3845 752 3934 appellato
782 3855 828 3911 cst
855 3854 983 3932 propter
1020 3844 1208 3916 Graecorum
1236 3850 1314 3918 colo·

121 3957 215 4023 nius:

304 4059 491 4135 Ἑλληνικὰς
515 4062 590 4138 γοῦν
614 4057 888 4140 πωροιίοολοοττίους
913 4055 981 4139 ἔχει

302 4166 421 4240 πόλεις.
467 4164 596 4247 Τίρινοον
620 4167 758 4245 πρῶτον,
782 4159 816 4239 ἣν
839 4163 1001 4248 οὶπῴιιιποιν

300 4274 508 4356 Κροτωνιᾶται
532 4270 683 4354 πρότερον.
