2940 5010
704 270 768 331 594

140 444 267 527 παρέχω
292 449 324 508 et
347 441 440 522 ὄχλον
465 442 592 523 παρέχω
617 460 692 507 cum
723 443 882 509 intinitiuo
913 445 1084 531 coniungi,
1119 447 1320 533 quemadmo-

141 549 217 616 dum
243 548 470 633 Aristophanes
490 546 570 611 dixit
590 544 626 611 ἵν’
647 548 712 626 έμοέ
737 549 877 630 παρέχῃς
900 550 1082 632 πράγματα
1100 552 1228 631 βόσκειν
1254 554 1320 643 (σε).

140 656 189 721 ita
213 654 339 720 locutus
367 661 416 718 est
441 650 614 737 Xenophon
641 654 672 717 in
697 653 870 740 Cyropaed.
894 654 947 721 tv.
972 676 1013 721 ru.
1039 658 1094 722 46.
1124 658 1217 739 ipaire
1237 656 1320 725 ἵπποι

139 758 200 827 όσοι
229 764 301 840 ἡμῖν
334 757 466 839 πόρεισι.
497 757 623 831 τούτους
647 754 696 824 οὖν
718 761 745 824 εἷ
768 762 826 839 μέν
850 759 982 839 έόσομεν
1013 762 1321 847 όναμβοόπονςόφε·

138 868 264 942 λήσουσι
288 865 345 943 μέν
368 864 450 929 οὐδὲν
481 864 589 941 ἡμᾶς,
621 862 836 943 πράγματα
868 867 900 931 δέ
933 864 1163 947 παρέξουσιν
1194 870 1321 949 ἐπιμέ-

138 974 285 1037 tectus.
332 968 451 1035 Eodem
475 967 568 1055 piane
595 987 712 1052 genere
736 968 864 1037 dicendi
889 990 967 1037 usus
988 982 1036 1038 est
1057 973 1090 1037 in
1113 972 1256 1039 huahasi
1273 973 1321 1041 ili.

139 1099 171 1144 11.
198 1081 251 1143 bi.
275 1072 370 1142 αὗται
395 1074 458 1157 γιὶρ
482 1071 523 1140 αὖ
545 1072 666 1155 όχλον
698 1076 755 1153 μὲν
790 1077 1045 1158 παρέχουσιν
1076 1074 1215 1156 ἄγειν,
1237 1104 1323 1147 σιονιι·

139 1186 270 1264 φιλοῦσι
295 1180 326 1245 δέ
349 1180 443 1245 οὐδέν.
491 1178 547 1244 Vei
571 1177 638 1243 sola
658 1198 727 1245 rem
751 1179 907 1248 conticere
936 1189 1067 1267 possent
1090 1180 1188 1249 rerba
1217 1182 1324 1251 Socra·

139 1289 182 1353 tis
204 1286 237 1350 iu
263 1284 404 1351 Platonis
426 1282 595 1349 Phaedone
625 1305 656 1370 p.
685 1290 747 1351 115
771 1295 812 1351 A.
845 1286 930 1353 iacet
949 1288 1013 1369 γόιρ
1036 1288 1071 1363 δέν
1093 1287 1223 1367 βέλτιον
1249 1284 1322 1355 εἶναι

139 1390 330 1470 λουσόμενον
354 1397 434 1456 πιεῖν
453 1392 489 1456 πὸ
508 1389 677 1472 φάρμακον
700 1391 754 1457 καὶ
779 1393 825 1471 μέν
849 1391 1083 1474 πράγματα
1105 1401 1178 1467 παῖς
1202 1392 1323 1473 γυναιξὶ

139 1498 340 1580 παρέχειν
376 1498 474 1576 νεκρόν
505 1498 667 1575 λούειν,
702 1515 785 1582 quae
808 1499 836 1563 si
859 1498 933 1583 quis
964 1516 1039 1563 curn
1072 1496 1181 1563 verbis
1202 1498 1322 1565 Aristo·

139 1602 255 1690 phanis
278 1601 514 1687 composuerit,
539 1601 579 1667 ad
608 1610 747 1669 veterem
772 1600 942 1668 tectionem
966 1612 999 1669 et
1027 1603 1324 1689 interpretationem

139 1707 335 1783 subridebit,
368 1713 400 1771 et
421 1726 515 1773 nemo
547 1707 687 1793 amptius
710 1727 780 1774 eam
803 1705 972 1785 detondet,
1003 1706 1039 1774 ἵν’
1063 1709 1130 1789 ipo>
1156 1708 1324 1789 πράγματ’

138 1813 285 1895 ἐλέγχειν
306 1811 442 1893 παρέχῃ.
489 1810 608 1878 Eodem
633 1812 727 1879 niodo
749 1811 952 1881 adiuvandus
975 1821 1025 1879 est
1046 1812 1214 1901 Sophoclis
1237 1813 1324 1882 locus

139 1919 224 2008 apud
247 1917 335 1985 Stoh.
359 1916 469 1984 aloru.
489 1914 645 1983 bxxvu.
671 1921 704 1984 9.

364 2026 398 2090 οὐ
424 2023 459 2096 ii
483 2021 562 2097 νόόος
583 2030 648 2096 τοῖς
672 2022 805 2100 γνησίοις
828 2021 892 2088 ι’σον
915 2023 1032 2097 σόένει;

362 2126 451 2195 ἅπαν
474 2129 510 2194 τὸ
531 2131 647 2211 χρνςόν
669 2128 800 2206 γννσόαν
824 2128 892 2209 ἔχει
916 2129 1022 2212 φόσιν.

140 2256 222 2323 quae
244 2236 291 2302 sic
316 2242 394 2300 sunt
415 2232 586 2299 dividenda
610 2241 643 2299 et
664 2232 875 2317 corrigenda:

362 2351 402 2406 A.
435 2345 474 2404 ‘0
498 2338 533 2412 iit
557 2340 636 2413 νόόος
659 2346 722 2412 τοῖς
746 2339 881 2418 γννσέοις
903 2338 967 2406 ἴσον
990 2338 1106 2413 σόένει;

362 2456 398 2510 B.
435 2439 523 2509 ἅπαν
545 2445 581 2512 πὸ
603 2444 718 2527 munia
741 2446 872 2524 γννσέαν
895 2445 964 2529 ἔχει
988 2445 1094 2529 φύσιν.

183 2552 252 2619 Una
275 2546 419 2616 litterula
438 2549 613 2615 oscitanter
634 2548 742 2615 addita
769 2548 863 2635 piane
890 2552 1037 2638 corrupit
1063 2549 1168 2617 locum
1202 2552 1237 2617 in
1267 2552 1325 2641 Gy·

139 2655 266 2745 ropned.
288 2655 355 2721 VH.
380 2676 401 2721 1.
429 2660 481 2718 11.
512 2653 613 2729 ἀλλ’,
646 2650 667 2719 ὦ
699 2652 827 2736 ἄνδρες,
860 2656 972 2734 αγαόοὶ
1007 2657 1182 2737 γενόμεθα.
1239 2656 1325 2725 Nihii

138 2767 222 2831 euim
245 2760 409 2847 significet
432 2758 518 2846 apud
544 2760 681 2827 Graecos
711 2761 824 2839 αγαόοὶ
856 2763 1039 2841 γενόμεθα,
1070 2760 1127 2828 sed
1158 2763 1324 2849 corrigen-

137 2868 235 2935 dum:
258 2869 334 2933 αλλ’
355 2864 460 2946 ἄνδρες
484 2865 597 2944 atrato}
621 2866 783 2946 γενόμεθα
806 2886 904 2933 sensu
928 2867 1098 2935 notissimo
1120 2875 1155 2935 et
1175 2866 1324 2957 trequen-

139 2976 263 3041 tissimo
288 2993 358 3039 usu.
406 2974 443 3039 ln
472 2972 546 3053 ἀνὴρ
575 2971 694 3050 αγαόός
732 2991 797 3038 una
830 2973 918 3038 notio
944 2973 1029 3040 inest
1060 2971 1187 3041 duobus
1218 2974 1324 3043 verbio

136 3099 305 3167 expressa,
329 3079 411 3145 utin
433 3080 509 3152 όεοῖς
532 3078 659 3160 έχόρός,
680 3078 832 3159 ό”Αρειος
857 3075 984 3157 πάγος,
1007 3081 1025 3156 ἠ
1049 3078 1193 3159 Μεγαλη
1216 3081 1324 3161 πόλις,

136 3185 226 3266 aliis,
250 3184 335 3251 unde
349 3185 384 3251 iit
404 3194 441 3251 ut
453 3204 492 3251 ex
513 3183 566 3249 his
587 3183 764 3272 composita
786 3191 1024 3270 propagentur,
1044 3193 1135 3252 etex
1155 3186 1322 3269 παραθέον

136 3301 290 3357 nascatur
309 3292 446 3365 σόιόεσις
471 3290 504 3355 in
526 3288 639 3355 formis
662 3289 875 3371 deiparentia,
907 3290 1114 3372 όεοισεχόρόα,
1138 3292 1322 3372 ’Apenni-

136 3421 215 3473 πνς,
236 3398 527 3476 Μεγαλοπολίτας,
551 3394 590 3461 de
620 3412 683 3480 qua
706 3413 742 3460 re
765 3393 871 3460 dicam
895 3394 1049 3461 nonnulla
1071 3394 1112 3461 ad
1136 3394 1323 3465 liemoetha·

136 3520 221 3567 nem.
268 3500 391 3567 Novum
416 3500 574 3567 emblema
598 3497 681 3565 maie
704 3498 782 3567 latet
803 3500 835 3565 in
859 3499 1036 3587 Cynopaed.
1061 3500 1130 3569 vlt.
1155 3521 1186 3567 r.
1211 3502 1322 3569 11111

136 3607 264 3673 uerbis:
288 3613 397 3689 πρῶτοι
420 3608 507 3691 φέλοι
532 3610 605 3686 ἡμῖν
629 3605 766 3684 ἐγένοντο
789 3604 842 3671 καὶ
864 3604 960 3685 μόλοι
979 3612 1101 3673 πεινῶσι
1121 3606 1322 3691 συμμάχοις,

136 3710 194 3783 tice
217 3711 306 3792 μόνον
329 3714 382 3778 οὐκ
405 3713 437 3777 έν
459 3719 531 3785 παῖς
567 3710 729 3789 όγκόλαις
759 3710 977 3793 περιεφέρομεν
1009 3712 1123 3786 αὐτοὺς
1159 3712 1323 3801 [ἀγαπῶν

136 3821 217 3906 τες].
262 3815 418 3885 Dicebant
440 3817 553 3883 Graeci
573 3816 686 3884 iestive
715 3826 748 3883 et
776 3825 910 3883 uenuste
931 3818 962 3881 ἐν
985 3827 1057 3893 παῖς
1078 3818 1246 3898 αγαόλαις
1269 3842 1322 3887 σι·

136 3925 266 4009 ριφέρειν
288 3922 360 3989 πινιό
382 3929 415 3989 et
437 3923 488 3988 ε’πὶ
510 3932 583 3998 παῖς
606 3929 767 4006 κεφαλαῖς
791 3921 963 4006 περιφέρειν
986 3922 1057 3989 πινιέ
1080 3943 1138 4011 pro
1160 3925 1323 4008 όπεραγα·

135 4035 223 4108 πῖον,
258 4048 354 4117 quam
387 4029 495 4117 inopte
517 4030 619 4117 igitur
650 4027 817 4117 putabitur
849 4027 1027 4116 Xenophon
1058 4029 1128 4117 ipso
1159 4028 1324 4097 additione

135 4140 335 4217 ἀγαπῶντες.
381 4133 502 4202 Eodem
531 4134 639 4221 lepore
662 4132 744 4200 dixit
775 4131 866 4200 Plato
893 4132 934 4200 do
964 4132 1043 4222 hep.
1065 4135 1106 4203 X.
1138 4136 1324 4223 1160011.

44 4260 46 4264 ’
136 4240 212 4310 οὔτοι
235 4242 357 4327 σφόδρα
378 4246 544 4326 φιλοῦνται
566 4238 627 4311 cis-c
658 4237 748 4318 μόνον
777 4241 831 4307 οὐκ
861 4238 914 4305 έπὶ
943 4246 1015 4315 παῖς
1043 4245 1207 4325 κεφαλαῖς
1240 4266 1325 4327 περι·

138 4347 280 4432 φέρουσιν
305 4349 419 4424 αὐτοὺς
449 4350 475 4415 οἱ
506 4349 649 4435 ἑταῖροι..
685 4345 851 4434 hppnnam
883 4345 986 4415 animi
1016 4364 1115 4417 causa
1146 4346 1326 4419 mirificam
