2940 5010
773 256 836 319 hrt

218 440 279 502 cet
326 428 513 500 Ridiculum
536 438 585 496 cst
603 429 691 496 enirn
713 427 773 495 hoc
795 426 930 506 addere,
954 430 1048 516 quasi
1070 449 1148 497 vero
1169 431 1293 500 caeteri
1311 428 1412 499 sohrii

220 538 434 608 saltavissent.
482 533 611 603 Omittit
642 532 735 623 piane
769 533 954 602 Athenaeus
986 533 1084 623 idque
1103 536 1139 602 ῖιι
1167 542 1229 603 τοῖν
1250 535 1412 620 παρόντων

220 645 307 712 iactu
331 644 500 733 optimum.

266 752 304 818 In
327 756 346 837 §
369 755 422 816 11.
446 750 473 815 οἱ
496 744 633 828 λοχαγοὶ
657 743 765 825 ἔλεγον
790 743 963 828 προσιόντος
981 782 1028 797 ·-
1048 745 1102 813 καὶ
1123 745 1243 814 εὔνοιαν
1262 746 1414 815 όνδιικνύ·

223 880 313 936 μενος
337 852 448 928 ἕναςος
481 853 638 919 ἔπειόεν
668 852 784 928 αὐτόν,
807 851 984 937 corrigenti
1007 849 1089 917 mihi
1112 849 1230 920 ἔπειόον
1248 853 1417 943 egregiam

224 980 316 1047 opem
341 957 404 1026 ient
426 955 657 1044 Aristophanes
680 956 713 1021 in
737 953 831 1023 Pluto
854 959 998 1022 nstitit.
1022 957 1070 1023 ita
1096 956 1265 1026 scribens:

405 1065 547 1130 νύττουσι
570 1062 634 1144 γὰρ
657 1059 710 1126 καὶ
733 1066 839 1144 Φλύσι
862 1063 1070 1143 τόντικνιὶμια

406 1169 627 1247 ἐνδεικνύμενος
650 1163 760 1241 ἕκαςος
783 1165 901 1233 edacior
921 1191 1004 1233 τινα.

270 1275 443 1361 Perperene
474 1271 584 1339 addita
613 1278 664 1337 est
685 1272 877 1358 praepositio
901 1273 935 1339 in
959 1271 1012 1338 VI.
1037 1292 1058 1338 1.
1083 1275 1139 1339 nt.
1170 1274 1255 1353 μύτε
1273 1274 1421 1358 προσδεῖ·

223 1384 293 1446 σόαι
316 1390 373 1457 τῖς
395 1383 498 1462 οὶρχιῖο
521 1380 597 1457 μήτ’
620 1379 646 1443 si
669 1379 799 1458 αἱροῖντο
833 1377 1140 1459 οῖποδόχετόαι,
1178 1377 1346 1448 imovero
1369 1380 1420 1448 δό-

224 1487 355 1570 χεσόαιε
387 1486 415 1550 si
446 1484 521 1571 quis
555 1481 633 1569 quid
666 1480 760 1548 oiiert
786 1481 869 1569 quod
902 1481 1009 1569 piacet
1035 1482 1212 1565 δεχόμεόα,
1244 1483 1421 1554 audientes

224 1590 309 1679 quod
333 1590 506 1678 probamus
524 1588 756 1669 οἱποδεχόμιόα.
802 1587 910 1654 Etiam
933 1586 1109 1654 οόποδιδόναι
1129 1596 1163 1656 ct
1180 1588 1331 1672 δόχετόαι
1352 1590 1420 1659 sibi

225 1699 311 1764 inter
342 1717 378 1763 se
401 1692 616 1781 respondent,
649 1701 685 1760 ut
709 1692 778 1759 Vll.
802 1712 856 1759 ru.
880 1696 935 1760 40.
967 1691 1080 1772 όμννμι
1110 1694 1144 1760 δέ
1166 1718 1212 1761 σοι
1235 1696 1316 1776 μηδὲ
1337 1699 1419 1764 iis-o·

225 1802 355 1876 διδόντος
378 1799 523 1878 δέξασθαι
546 1796 608 1876 νῖν,
631 1806 663 1864 et
690 1797 763 1865 aliis
785 1797 874 1865 locis.
922 1797 1105 1865 Discrimen
1135 1808 1262 1867 certum
1287 1809 1322 1871 et
1344 1822 1419 1890 per·

225 1917 360 1995 petuum
381 1915 452 1985 est,
485 1923 563 1970 usus
584 1901 669 1989 apud
693 1923 803 1970 omnes
826 1902 1119 1989 frequentissimus
1164 1903 1337 1974 Contraria
1362 1926 1420 1975 er-

225 2033 297 2080 rore
320 2020 489 2101 peccatum
512 2017 563 2077 est
592 2007 677 2095 apud
712 2008 904 2076 Aeschinem
937 2008 978 2075 de
1009 2008 1046 2075 F.
1068 2009 1103 2075 h.
1128 2013 1147 2096 §
1171 2015 1226 2078 to.
1250 2013 1323 2094 δρῶν
1345 2014 1418 2081 ότι-

226 2118 448 2200 remandaretis
479 2116 531 2181 τδν
561 2116 656 2194 δῆμον
689 2114 743 2180 καὶ
771 2114 1020 2194 δεδεγμένον
1051 2116 1122 2189 τοὺς
1153 2118 1228 2198 παρ’
1256 2117 1335 2197 ἐμοῦ
1364 2118 1419 2186 λό·

225 2249 322 2305 γους,
349 2221 544 2308 intelligisne
562 2220 806 2300 ἀποδεδεγμένον
831 2220 1012 2285 necessario
1036 2220 1184 2308 requiri?

271 2329 309 2395 in
343 2330 439 2414 §h'h
469 2329 616 2402 insinnare
649 2325 784 2413 [πᾶσαν]
819 2327 875 2402 cir
905 2323 995 2391 πόλιν
1026 2327 1189 2406 ὁμολογεῖν
1218 2328 1420 2410 Λακεδαιμο-

229 2435 306 2507 νόονς
325 2431 378 2498 καὶ
399 2434 501 2499 αὐτῶν
524 2430 681 2510 ἡγεμόνας
702 2427 780 2496 εἶναι
798 2430 979 2496 rectissime
1000 2431 1143 2516 optimus
1164 2431 1246 2499 iiber
1264 2432 1305 2500 Η.
1325 2436 1419 2503 omit·

228 2542 270 2604 tit
293 2542 411 2604 πσῖσαν.
444 2537 480 2602 ln
504 2535 601 2603 nehus
621 2537 757 2623 privatis
779 2534 1012 2621 omnibusque,
1035 2554 1118 2622 quae
1138 2537 1265 2622 privato
1283 2541 1420 2607 consitio

229 2651 390 2729 agimtur,
410 2646 502 2708 πιῖσα
521 2645 539 2717 ιδ
561 2641 650 2715 πόλις
675 2640 856 2707 rectissime
878 2639 1018 2719 dicitur,
1042 2660 1104 2707 non
1130 2642 1207 2708 item
1221 2644 1255 2710 in
1279 2645 1419 2732 puhlicis

231 2746 374 2815 consiliis
397 2746 619 2832 decretisque,
649 2743 704 2811 uhi
725 2748 742 2822 i
766 2745 856 2819 πόλις
881 2744 945 2812 dici
969 2755 1002 2812 et
1030 2745 1124 2814 dehet
1149 2757 1182 2814 et
1204 2748 1299 2820 solet.
1346 2750 1419 2819 Fas·

232 2853 298 2920 tire
328 2851 501 2920 admodum
530 2850 678 2917 Comicus
713 2849 879 2936 Euripidis
910 2850 1105 2918 versiculum
1138 2855 1283 2938 παρῳδῶν
1317 2854 1419 2926 dixit:

415 2961 432 3034 ἦ
456 2957 576 3032 πόλις
599 2956 758 3038 ἐβούλεθ’,
781 2953 800 3038 ᾗ
822 2955 920 3035 νόμον
941 2958 1024 3024 οὐδὲν
1048 2958 1161 3038 μόλει,

234 3085 337 3151 quum
363 3061 535 3150 Euripides
559 3066 576 3140 ἡ
598 3064 694 3146 φύσις
714 3058 858 3127 dixisset.
907 3061 968 3128 Sed
993 3062 1071 3150 quid
1093 3063 1249 3151 exemplis
1269 3086 1352 3153 opus
1374 3076 1422 3136 est

236 3171 268 3237 in
292 3189 329 3236 re
351 3165 547 3235 tritissima?

282 3273 391 3341 Facite
413 3282 545 3359 apparet
576 3269 614 3337 ι’ῖν
637 3269 793 3338 excidisse
825 3272 858 3336 in
883 3275 902 3358 ς
924 3276 977 3337 32.
1002 3274 1016 3337 δ
1039 3273 1066 3338 δ’
1089 3272 1152 3358 ἔφη
1175 3275 1310 3358 νομίζειν
1329 3278 1425 3346 einh

237 3381 410 3460 Τιμασίωνι
434 3382 559 3456 μοῖλλον
586 3374 750 3459 συνάρχειν
781 3378 923 3454 ε’όελιῖοαι
957 3379 1114 3459 Δαρδανεῖ
1140 3379 1224 3458 όντι,
1252 3383 1320 3449 imo
1350 3404 1462 3452 vert-

239 3485 404 3566 συνάρχειν
434 3482 473 3549 διν
506 3482 671 3557 ἑόελῆσιιι,
704 3482 732 3546 si
767 3482 853 3548 enim
885 3481 924 3548 ἄν
957 3485 1117 3552 omisisset
1150 3485 1328 3574 Xenophon
1362 3510 1462 3557 nnt-

238 3592 381 3667 ἐθελῆσαι
405 3586 460 3654 sed
483 3586 596 3652 ι’όόλειν
619 3585 778 3672 scripturn
800 3586 977 3672 oportebat.

286 3695 321 3761 in
347 3693 400 3759 Vl.
425 3714 458 3758 tt.
485 3698 514 3756 1.
547 3691 688 3777 primum
712 3691 848 3758 restitue
877 3694 1112 3773 ἀναγαγόμενοι
1137 3715 1195 3783 pro
1217 3697 1455 3779 ἀναγόμενοι,

240 3801 335 3866 cuius
359 3796 568 3864 correctionis
590 3795 760 3881 perspicua
783 3797 865 3862 ratio
891 3806 951 3863 est.
998 3798 1035 3864 ln
1067 3803 1139 3886 §²-
1163 3800 1235 3867 ἓνόα
1256 3803 1393 3882 λέγεται
1415 3806 1462 3871 ὲ

241 3912 397 3988 Ἡρακλῆς
421 3904 472 3968 ἐπὶ
496 3902 549 3968 τόν
573 3900 748 3989 [Κέρβερον]
775 3902 852 3968 κύνα
883 3905 1083 3985 καταβῆναι,
1106 3903 1282 3974 bellissime
1305 3907 1462 3977 dictust

241 4020 309 4090 est,
340 4018 378 4077 ut
400 4007 511 4086 rides,
541 4007 726 4088 ῖΚέρβερος
750 4008 838 4074 κύων.
886 4008 994 4090 Quum
1024 4011 1218 4079 alterutrum
1247 4013 1462 4085 insiticiun·

238 4137 311 4184 esse
334 4120 487 4202 apparent
517 4130 581 4178 non
604 4119 801 4198 potestesse
833 4113 974 4181 difficilis
1008 4119 1104 4202 optio.
1150 4115 1359 4204 lhid.§10.
1392 4125 1462 4198 ὥς

238 4222 369 4304 αἰσχρόν
395 4219 443 4297 εῖν
474 4218 583 4300 ἄρχειν
617 4214 698 4306 [ἕνα]
730 4221 888 4296 Ἀόνναῖον
911 4222 1158 4297 Πελοπονννσόιον
1189 4223 1241 4289 καὶ
1273 4227 1462 4295 Λακεδαι-

238 4327 347 4405 μινΙιιι
368 4325 496 4395 vicinae
518 4321 659 4412 spitahae
681 4320 735 4390 ἕνα
757 4333 974 4414 pepererunt,
1004 4327 1090 4414 quod
1112 4327 1174 4397 ioci
1197 4333 1361 4401 sententia
1385 4354 1462 4403 re-
