2940 5010
731 274 795 337 758

214 450 294 516 Utor
324 444 463 533 denique
490 445 559 513 loeo
589 465 628 512 ex
651 443 711 512 boe
733 444 840 513 libello
863 442 903 512 ad
927 445 1168 517 restituendum
1203 446 1356 539 ingruen-

167 565 239 622 tum
263 553 429 620 Menandri
453 551 538 638 apud
563 550 733 618 stobaeum
765 551 850 618 Illor.
871 555 933 631 50,
959 557 998 619 'tr

440 660 535 739 ιίρνὸς
560 659 586 723 δ’
607 658 752 736 ὑγιαίνων
775 664 828 725 τοῦ
852 656 1054 740 τνρίττοντοο
1075 660 1160 729 md

304 765 506 844 ἀθλιώτερος,
529 762 684 831 διτλοίοια
707 768 782 841 γοῦν
806 764 936 832 ἐσθίει
957 763 1074 844 ροοίτιρν.

170 867 328 956 quomodo
360 870 546 935 octonarius
577 867 798 935 restituendus
824 868 867 934 sit
895 868 975 937 baeu
1005 869 1105 939 verta
1138 870 1354 960 Xenophontis

169 974 396 1041 monstrabunt
418 975 501 1040 XIV.
526 980 558 1041 l.
591 975 644 1042 nal
675 974 806 1058 διμοιρία
834 1000 874 1054 γε
897 975 950 1041 ἐπὶ
972 977 1016 1059 τῷ
1047 976 1160 1062 δείπνῳ
1193 978 1353 1059 ἐτίμησεν,

169 1085 230 1165 οὐχ
253 1078 302 1147 ίνοι
335 1080 541 1147 διτλοίοια
569 1079 866 1163 sermocinarer
889 1082 956 1147 οιτὲ.
981 1080 1067 1150 unde
1088 1080 1272 1151 Menandro
1292 1082 1353 1153 tetl-

169 1186 304 1255 demus:

304 1295 503 1373 οίίλιιίτερος,
525 1289 680 1357 stanton
702 1296 778 1370 γοῦν
800 1291 1011 1359 κατεσθίει
1033 1291 1152 1373 pedena.

215 1399 357 1464 l'ranseo
388 1395 428 1463 ad
463 1394 617 1482 reliquias
651 1394 749 1463 libelli
780 1397 847 1479 περὶ
882 1406 939 1475 τιῑς
974 1398 1143 1474 ’Δίοιναίιον
1178 1402 1349 1481 τολιτιίορ,

167 1523 250 1589 quae
273 1503 376 1569 multo
395 1511 472 1569 sunt
494 1501 645 1569 exiliores
668 1509 701 1567 et
721 1500 815 1587 longe
835 1502 934 1569 etiam
955 1503 1138 1571 vitiosiores
1155 1522 1260 1591 qus·
1278 1526 1349 1595 qnae

166 1608 207 1673 de
229 1630 294 1698 rep.
327 1608 641 1673 lacedaemoniorum
665 1615 815 1694 excerpta
839 1615 1025 1695 supersunt.
1071 1608 1183 1677 Pausa
1202 1610 1347 1699 quadam

167 1713 200 1779 in
232 1715 272 1780 iis
294 1714 420 1799 integra
451 1722 548 1779 sunt:
581 1712 734 1799 pleraque
758 1722 824 1780 tam
857 1716 976 1782 misere
1002 1723 1157 1802 corrupta
1189 1724 1228 1783 nt
1249 1717 1345 1785 nullo

165 1819 272 1886 exitus
295 1820 477 1905 reperiatur
500 1838 605 1904 neque
630 1817 694 1884 ulla
718 1821 896 1886 sententiae
927 1819 1128 1906 indagandae
1151 1829 1187 1890 et
1210 1823 1246 1889 in
1274 1823 1344 1891 inte·

165 1945 262 2010 grum
285 1924 504 1992 restituendae
526 1945 598 2011 spes
621 1943 789 2010 superesse
811 1923 969 1993 uideatur.
1018 1924 1119 2014 Saepe
1138 1928 1229 1996 inter
1248 1928 1342 2015 legen·

165 2030 242 2096 dum
275 2032 395 2096 senties
428 2030 594 2117 complura
619 2029 823 2096 intercidisse
845 2039 878 2097 et
904 2030 988 2117 qnod
1012 2042 1099 2098 esset
1122 2031 1343 2101 verborumet

164 2134 361 2225 syllabarum
383 2135 415 2200 in
433 2134 513 2201 libro
531 2134 637 2201 lacero
656 2141 689 2201 et
701 2134 851 2201 mutilato
870 2134 1033 2221 reliquum
1054 2144 1176 2205 temere
1198 2138 1232 2205 io
1251 2158 1342 2223 unum

163 2239 338 2307 eonllatum
365 2249 397 2307 et
421 2240 678 2327 oonglutinatum
708 2259 787 2307 esse.
835 2239 1025 2327 Exemplum
1051 2262 1155 2311 unum
1178 2244 1219 2311 de
1240 2242 1342 2313 multis

163 2347 222 2413 ltuc
246 2355 315 2412 esto
335 2346 376 2414 ll.
403 2352 443 2413 17
457 2371 466 2412 ι
493 2348 527 2424 ἢν
551 2349 583 2414 δὲ
608 2349 653 2426 μὴ
678 2345 832 2425 ἐμμένωσι
854 2353 926 2421 ταῖς
951 2347 1112 2424 suedritanus
1137 2351 1155 2428 ἢ
1181 2352 1246 2436 ὑφ’
1267 2348 1341 2419 ὅσον

161 2453 299 2520 diruet*
330 2451 506 2531 ίνίροοιτα
540 2452 615 2517 οξτο
647 2456 706 2516 τῶν
735 2452 847 2529 ὀλίγων
877 2444 905 2518 οἳ
935 2452 1103 2520 συνέθεντο.
1162 2454 1202 2521 lu
1232 2456 1341 2525 talibus

159 2559 215 2643 qui
239 2557 323 2642 sapit
346 2555 407 2622 boo
439 2556 542 2622 solum
573 2554 725 2641 intelligit
755 2556 817 2622 ista
843 2576 946 2643 neque
980 2557 1118 2644 intelligi
1143 2578 1163 2625 a
1188 2580 1341 2650 quoquam

160 2682 263 2748 neque
293 2660 458 2728 emendari
491 2661 556 2726 ullo
579 2661 672 2727 modo
695 2680 798 2747 posse.
846 2662 966 2728 Eadem
992 2673 1042 2729 est
1066 2664 1213 2733 conditio
1236 2674 1340 2735 eteris

162 2766 344 2851 Θεοφροίςον
355 2769 561 2849 χαρακτήρων
573 2767 692 2852 passim
707 2776 738 2833 et
752 2766 868 2855 bysiae
881 2768 1034 2833 orationis
1047 2768 1132 2834 vltt.
1155 2778 1192 2836 et
1209 2772 1341 2861 eomple-

163 2874 247 2939 rium
263 2872 517 2960 fragmentorum
541 2892 558 2938 e
571 2871 717 2956 Tragiois
730 2880 762 2937 et
774 2871 912 2938 Comiois
931 2873 1014 2959 apud
1028 2872 1269 2944 Grammaticos
1284 2898 1342 2946 ser·

160 2986 330 3055 vatorum,
356 2978 474 3065 quibus
497 2997 556 3043 neo
574 2985 671 3063 eaput
693 2997 752 3043 nee
774 2998 829 3063 pes
853 2987 979 3045 constat
999 2988 1032 3045 et
1056 2979 1090 3045 in
1110 2980 1341 3067 quibusonmis

157 3082 348 3151 emendandi
373 3104 468 3171 opera
499 3082 635 3150 luditur.
683 3082 831 3170 Deposita
865 3083 944 3151 baeu
968 3093 1043 3151 sunt
1073 3094 1106 3152 et
1135 3090 1341 3157 conclamate

153 3189 389 3255 Abstinendum
413 3199 471 3256 est.
520 3187 621 3274 Saepe
644 3197 753 3254 autem
786 3189 867 3255 mibi
889 3190 922 3254 in
947 3190 1148 3257 excutiendis
1178 3194 1340 3282 exploran-

153 3293 268 3382 disque
292 3295 407 3362 laoeris
432 3295 505 3360 istis
529 3293 655 3379 antiqui
679 3296 785 3380 operis
809 3294 936 3360 laciniis
959 3295 1096 3362 subnata
1121 3301 1267 3385 suspicio
1296 3309 1339 3369 est

154 3422 192 3466 ex
217 3399 325 3487 aliquo
358 3401 488 3486 llialogo
520 3399 598 3465 baeo
627 3418 697 3466 esse
726 3397 913 3485 depromta,
944 3401 978 3466 in
1009 3421 1073 3488 qno
1101 3400 1141 3469 de
1169 3405 1340 3475 Athenien·

153 3507 239 3572 sium
263 3526 331 3592 rep.
366 3505 430 3571 duo
456 3508 540 3570 inter
564 3525 598 3571 se
622 3505 669 3571 sio
700 3504 848 3571 oolloouti
871 3515 979 3573 essent
1004 3515 1039 3573 ut
1063 3507 1146 3575 alter
1175 3530 1248 3579 eam
1272 3533 1338 3600 gra·

153 3613 236 3678 viter
258 3611 527 3698 reprehenderet,
551 3613 604 3676 eui
629 3609 711 3677 alter
734 3612 778 3676 ita
802 3611 1003 3698 responderit
1023 3620 1058 3679 ut
1083 3632 1120 3680 ea
1140 3618 1251 3684 omnia
1273 3621 1338 3686 inm

152 3717 344 3806 reprehendi
369 3716 526 3783 fateretur
549 3715 602 3782 sed
628 3715 723 3781 aliter
745 3735 842 3802 quam
867 3718 915 3782 sio
938 3717 1170 3786 democratiam
1196 3730 1338 3791 οοιιεῑοιο

153 3845 215 3891 non
241 3843 331 3910 posse
355 3822 608 3899 demonstraret,
632 3819 732 3887 veluti
754 3820 778 3886 l.
806 3827 841 3887 1:
872 3820 918 3889 ίτι
941 3825 999 3903 μὲν
1021 3821 1136 3891 είλοντο
1157 3832 1269 3894 τοῦτον
1290 3830 1338 3895 τίν

50 3985 53 3995 .
153 3929 262 4011 τρίτον
281 3937 337 4004 τῆς
364 3929 524 4001 σολιτείας
548 3930 603 3994 οὐκ
628 3927 752 3993 ἐπαινῶ.
777 3963 823 3978 —-
846 3928 912 3994 ἔοι-εὶ
935 3930 966 3995 δὲ
991 3934 1097 3995 ταῦτα
1119 3927 1216 4006 odone
1241 3931 1337 4011 ἔδοξεν

154 4038 259 4108 αὐτοῖς
284 4036 321 4108 ὦς
349 4031 383 4100 εὖ
414 4033 612 4114 διασώζονται
639 4034 694 4105 τὴν
727 4033 887 4099 πολιτείαν
910 4036 963 4099 καί
994 4033 1103 4101 τᾶλλα
1135 4036 1337 4120 διατροίττοο·

153 4135 253 4206 ταιὲι
284 4140 419 4206 δοκοῦσιν
447 4135 638 4218 ἁμαρτάνειν
666 4147 730 4211 τοῖς
755 4137 865 4213 ἄλλοις
893 4140 1029 4216 Ἕλλησι
1056 4144 1143 4208 τοῦτ’
1165 4142 1337 4223 οὶτοδείξοο,

158 4245 226 4335 (ubi
251 4246 370 4324 inserta
403 4243 508 4310 Attico
540 4264 629 4312 more
660 4242 774 4330 copula
807 4243 939 4333 legerim
970 4245 1172 4329 διατοίζονταί
1201 4247 1263 4338 (τε)
1287 4251 1339 4327 τὴν
