2940 5010
696 301 760 363 tto

194 476 229 542 ln
255 480 273 562 §
300 482 350 540 11.
381 477 433 541 ccl
459 473 709 555 ὁμολογουμένως
730 498 770 552 γε
794 474 808 537 1
832 473 926 553 λόγος
951 475 1026 553 ἡμῖν
1049 484 1149 559 χωρεῖ
1165 484 1200 545 et
1223 475 1334 543 11111111

150 582 358 649 manifestum
384 590 431 647 est
458 589 491 647 et
520 579 702 647 emendatio
733 588 832 647 certa.
880 578 1001 667 Nempe
1032 581 1269 669 corrigendum
1291 592 1336 650 est

150 689 203 757 κο1
225 690 262 756 δι’
286 687 536 769 ὁμολογουμένων
560 711 622 765 γε,
644 685 730 772 quod
762 694 795 752 et
828 696 916 753 recte
948 693 980 752 et
1016 686 1184 773 eleganter
1216 686 1335 757 dictum

151 804 210 861 cst.
258 793 327 860 Non
363 803 413 860 est
444 793 557 861 melior
588 791 757 858 fideiussor
786 811 884 877 quam
918 792 987 878 ipse
1019 792 1199 881 Xenophon
1223 794 1260 860 iu
1283 794 1337 861 llo·

150 899 415 967 irrorah.lV.v1.
443 904 493 964 15.
528 898 581 964 lul
613 903 672 963 τῶν
702 896 828 977 punica
852 898 1104 979 ὃμολογονμένων
1125 900 1290 983 ἐπορεύετο
1309 908 1338 967 et

152 1007 185 1072 in
209 1005 421 1073 Oeconomico
446 1004 535 1071 XIX.
565 1009 616 1070 ru.
648 1002 755 1082 ἄγων
778 1028 824 1084 με
857 1004 900 1070 δι’
931 1001 977 1071 ὧν
1009 1006 1217 1086 ἐπίτομον
1252 1002 1337 1088 ὅμοια

150 1111 269 1185 τούτοις
292 1111 462 1184 ἐπιδεικνὺς
483 1106 506 1176 ἃ
530 1112 584 1175 οὖν
607 1109 744 1191 ἐνόμιζον
774 1109 962 1187 luicardae,
987 1112 1166 1187 ἄνοπεΙδενς
1185 1108 1276 1194 οἶμαι
1303 1116 1338 1186 oie

151 1222 257 1283 τοῦτον
281 1219 448 1295 dulcorem.
495 1215 769 1295 Ὁμολογουμένιος
795 1217 854 1284 hoc
879 1216 947 1283 loco
973 1216 1052 1283 111111
1076 1217 1268 1304 significare
1289 1238 1337 1307 pe·

151 1323 215 1390 lam
241 1332 308 1399 est,
332 1333 365 1390 et
384 1324 463 1387 satis
486 1330 613 1388 constat
636 1323 764 1408 saepius
777 1323 1020 1403 ὁμολογούμενος
1032 1333 1066 1392 et
1088 1324 1337 1405 ὁμολογουμένος

150 1432 236 1495 inter
259 1449 293 1494 sc
316 1427 493 1505 conlundi,
527 1427 621 1493 cuius
645 1428 693 1492 rei
725 1434 758 1494 et
784 1429 846 1514 ipsi
881 1449 980 1515 supra
1009 1431 1156 1518 exempla
1183 1431 1338 1519 quaedam

149 1533 330 1599 attulimus.
378 1534 438 1614 Qui
465 1532 586 1598 lactum
611 1534 654 1597 sit
677 1543 713 1601 ut
736 1534 774 1599 δι’
799 1534 956 1601 exciderit
981 1534 1086 1601 uides:
1111 1555 1232 1624 nempe
1254 1556 1339 1625 prae-

150 1639 267 1706 cedens
289 1649 361 1705 1<A1
393 1639 473 1704 duas
505 1637 665 1703 litterulas
690 1648 861 1726 sequentes
883 1652 947 1718 ΔΙ,
972 1649 1009 1706 ut
1034 1643 1131 1709 toties
1163 1641 1267 1720 alibi,
1291 1641 1339 1709 ah

151 1745 279 1812 sorhsit.

197 1851 294 1918 Plano
317 1871 414 1917 sensu
438 1871 567 1916 cassum
596 1850 753 1937 estquod
778 1850 898 1936 legitur
921 1852 954 1916 in
990 1856 1008 1938 §
1034 1857 1086 1919 11.
1118 1857 1146 1921 εἰ
1170 1856 1203 1922 δὲ
1229 1856 1340 1931 nutele

150 1956 192 2025 οὗ
227 1959 299 2039 πρὸς
335 1965 466 2023 τοῦτον
498 1953 534 2030 ic
566 1959 610 2036 pt
645 1958 786 2026 ἑπίςοιιτο
811 1959 943 2038 χρῆσθαι
972 1959 1039 2024 οὐδὲ
1071 1961 1270 2041 πιολοόμενο1
1287 1963 1340 2028 εἱσι

149 2064 306 2147 χρῆμοιτοο
326 2062 413 2129 acad
436 2088 475 2141 γε
499 2064 550 2129 τὸν
574 2065 626 2129 τὸν
650 2064 763 2140 λόγον,
789 2082 862 2128 nam
887 2064 915 2127 si
942 2064 1016 2149 quis
1035 2064 1115 2151 quid
1139 2068 1260 2133 currerit
1282 2087 1342 2154 quo

152 2172 277 2237 nesciat
301 2171 350 2234 uti
374 2168 450 2256 quid
481 2188 518 2235 ca
553 2190 605 2235 res
632 2167 671 2233 ad
696 2168 918 2248 uenditorem,
941 2190 1085 2256 quaeso,
1111 2173 1258 2239 attinet?
1303 2172 1341 2241 lit

152 2275 311 2364 quomodo
343 2274 471 2342 tandem
503 2294 541 2339 ex
572 2271 624 2338 his
648 2273 798 2360 colligere
824 2277 930 2362 potuit
961 2275 1147 2345 Critobulus
1178 2278 1267 2365 quod
1296 2299 1341 2347 re·

152 2383 308 2469 spondet:
340 2382 445 2460 λέγειν
465 2380 593 2456 ἔοικοις,·
619 2377 640 2445 ὦ
671 2382 855 2462 Σώκρατες,
886 2379 933 2448 ὅτι
962 2384 1029 2450 οὐδὲ
1064 2386 1099 2451 τὸ
1131 2384 1278 2467 ἀργύριόν
1299 2386 1340 2455 ἔτι

152 2491 307 2570 χρήματα
329 2489 354 2554 ei
378 2489 423 2565 psi
450 2512 498 2559 τις
522 2487 664 2554 tolcam
688 2488 821 2567 χρῆτδοιι
846 2488 950 2570 edepl
1000 2487 1062 2555 Sed
1087 2488 1258 2557 lenissima
1282 2510 1340 2558 me·

154 2594 262 2660 diuina
286 2613 403 2659 manus
429 2591 649 2677 Xenophontis
671 2594 800 2658 restitui
822 2595 940 2680 poterit
961 2603 992 2661 et
1016 2597 1126 2661 omnia
1146 2616 1225 2662 sana
1251 2604 1338 2663 crunt

155 2709 187 2766 et
210 2700 329 2786 optime
359 2696 510 2785 procedet
533 2697 721 2784 disputatio.
769 2699 888 2785 Nempe
909 2700 1148 2767 emendandum
1169 2712 1236 2769 est:
1266 2704 1291 2769 el
1310 2703 1337 2767 11

156 2805 273 2881 cotula
303 2802 343 2870 οὖ
375 2805 448 2884 πρὸς
470 2807 611 2878 τοῦτο,
644 2798 731 2885 pipi
761 2806 904 2873 ἐπίςοιτο
927 2807 1139 2887 9411111111
1164 2818 1214 2874 est
1233 2813 1260 2876 ε1
1281 2832 1336 2875 τοι·

157 2917 218 2978 λῶν
252 2908 484 2990 ἄντιλοομβοὲνοι
519 2914 630 2985 τοῦτο,
666 2905 688 2991 ᾧ
716 2912 850 2991 χρῆσθαι
884 2913 928 2989 μὴ
957 2912 1109 2981 ἕπΙςοοιτο.
1167 2914 1233 2980 linc
1259 2914 1334 2981 cuitu

158 3037 257 3085 sensu
281 3016 403 3082 dicitur
424 3014 544 3081 Graece
568 3023 700 3091 πωλεῖν,
723 3017 883 3092 ὠνεῖσθαι,
909 3017 1073 3099 οὶγοροὶζειν
1096 3019 1170 3100 πρός
1191 3045 1234 3087 τι.
1277 3018 1334 3087 tion

161 3125 234 3188 noui
260 3123 376 3189 molius
396 3121 576 3208 exemplum
602 3141 699 3207 qnam
722 3122 888 3188 Menandri
918 3124 1114 3191 versiculum
1143 3126 1230 3213 apud
1253 3125 1334 3192 Zeno·

160 3228 389 3295 1111111111.

345 3332 433 3417 Θρᾲξ
455 3333 582 3410 εὐγενὴς
607 3330 638 3397 ri
659 3334 749 3415 euple
773 3331 873 3407 ἅλοις
898 3335 1125 3415 mopsopium,
1373 3414 1375 3423 Ι

163 3437 220 3504 uhi
241 3437 399 3504 Zeuohius
423 3439 467 3503 ita
489 3438 619 3503 scribit:
646 3441 689 3512 εἷς
710 3441 766 3514 τὴν
790 3439 953 3518 μεσόγειον
975 3441 1157 3520 ον’νοοβοὶντες
1177 3445 1205 3509 ol
1228 3443 1331 3524 ἔμποροι

165 3542 304 3625 ἐκόμιζον
325 3542 430 3622 ἅλοις,
453 3545 518 3609 eot'
540 3540 579 3608 ὦν
602 3546 672 3618 τοὺς
693 3545 814 3620 οἰκέτας
836 3545 1038 3625 ε’λοὶμβοονον,
1055 3547 1231 3636 eodemque
1254 3564 1330 3617 seusu

165 3650 315 3716 dicebant
346 3659 460 3716 πωλεῖν
491 3650 563 3729 πρὸς
587 3651 735 3731 χρυσίον,
768 3653 840 3734 πρὸς
870 3655 1012 3735 ἀργύριον
1039 3664 1071 3721 el
1105 3657 1179 3722 sint.
1227 3656 1330 3739 Quanta

165 3755 237 3823 luce
268 3755 357 3821 locus
390 3754 613 3841 Xenophontis
642 3757 690 3823 sic
719 3759 893 3824 restitutus
918 3758 1085 3844 splendeat
1116 3763 1161 3827 nil
1195 3784 1272 3849 opus
1296 3764 1331 3825 est
1373 3736 1375 3773 Ι

166 3862 273 3930 uerbis
301 3862 533 3928 demonstrare.

212 3968 248 4034 ln
275 3971 293 4052 §
318 3973 369 4033 15.
402 3968 611 4054 participium
636 3966 815 4036 intercidit.
863 3970 994 4036 Dixerat
1019 3972 1222 4038 Critobulus:
1249 3970 1332 4048 λέγειν

167 4073 285 4151 ἔοικοος,
309 4072 528 4155 deceperit,
550 4069 597 4138 irc
618 4075 684 4140 οὐδὲ
703 4073 737 4139 τὸ
760 4075 902 4158 οὶργύςιόν
920 4077 966 4147 ε’ςι
978 4080 1156 4157 χρήματα,
1180 4078 1233 4144 cui
1245 4077 1335 4144 Sourt-

165 4187 236 4246 les:
261 4180 313 4246 uoci
334 4183 372 4246 σὺ
386 4181 418 4246 δέ
429 4205 480 4261 μοι
499 4181 596 4252 δοκεῖς
614 4177 691 4246 οὕτω
704 4192 940 4261 συνομολογεῖν,
967 4186 1027 4266 ἀφ’
1048 4181 1087 4249 ὦν
1100 4209 1146 4257 τις
1168 4181 1334 4267 &petriolo

166 4286 296 4352 δύνοντοι
319 4288 474 4368 zosium
497 4282 585 4350 εἶνοιι.
622 4283 713 4352 Οὕτω
730 4285 870 4353 rcierlur
883 4288 922 4355 ad
942 4289 1167 4377 praecedentia
1179 4288 1225 4357 ὅτι
1242 4283 1336 4357 certet

163 4390 306 4474 ἀργύριόν
331 4392 376 4459 lec
397 4393 553 4472 χρήματα
574 4400 605 4457 et
630 4390 838 4459 manifestum
862 4395 1014 4463 mendum
1037 4396 1084 4463 sic
1108 4394 1281 4463 tollendum
1300 4393 1338 4459 erl
