2940 5010
144 488 163 509 ·'
191 480 307 569 ltaque
337 479 368 545 iu
395 485 484 544 trinta
507 477 659 564 peccandi
682 477 860 565 frequentia
890 477 1131 563 constantiaque
1161 475 1220 543 hoc
1245 483 1330 543 tenu

144 584 275 666 bimus,
298 603 362 673 quo
390 585 431 649 sit
461 591 570 650 certus
601 603 691 650 error
715 584 747 649 in
772 581 864 648 libris
885 581 1027 649 crebrior
1056 601 1093 649 eo
1126 601 1196 649 esse
1227 583 1329 648 orani·

144 692 312 763 tutiorem
339 709 439 777 eoque
466 689 622 755 minorem
655 688 748 755 iidem
774 686 872 753 libros
898 687 971 752 uss.
997 707 1141 766 merere,
1165 706 1268 774 neque
1291 686 1333 753 ob

143 794 304 867 librorum
337 814 528 861 conoensum
559 795 665 880 pravis
696 792 888 861 lectionibus
917 811 987 859 esse
1018 791 1237 880 parcendum,
1272 791 1328 859 sed

144 902 266 971 sitium
296 899 476 968 sexcenties
507 897 582 964 aiibi
605 899 812 966 commissum
838 907 866 963 et
901 906 1081 964 correctum
1113 898 1329 984 quotiescum·

146 1024 216 1097 qus
234 1013 383 1075 mcurrat
405 1002 516 1070 eodem
539 1005 609 1070 iure
632 1004 748 1090 ubique
773 1002 839 1068 totti
863 1010 1018 1089 oportere.
1067 1003 1101 1069 si
1125 1003 1246 1090 patebit
1271 1003 1330 1089 igi·

144 1116 205 1183 tur
226 1118 260 1179 ct
280 1108 439 1178 constabit
460 1127 522 1173 non
543 1128 613 1175 esse
632 1108 719 1176 aliud
744 1107 835 1174 iacile
862 1106 968 1174 urendi
992 1127 1094 1194 genus
1114 1106 1330 1195 frequentius,

143 1226 247 1309 qm
268 1222 304 1283 ut
328 1212 429 1281 futuri
456 1213 557 1280 torma
583 1215 614 1279 in
647 1214 801 1279 aoristum
826 1221 1052 1299 corrumpatur
1082 1221 1112 1280 et
1142 1221 1252 1279 contra
1280 1233 1332 1278 ra·

144 1320 278 1389 rissiuu
301 1318 374 1397 dat,
407 1328 442 1386 nt
465 1319 593 1387 aoristis
624 1317 732 1385 iutura
763 1318 1023 1396 substituantur,
1059 1338 1224 1405 quumque
1255 1337 1328 1385 euur

141 1432 291 1495 mrem
327 1424 444 1513 passim
480 1423 565 1511 apud
598 1443 710 1491 omnes
742 1432 829 1490 certa
863 1423 1054 1489 auctoritate
1088 1432 1120 1489 et
1145 1425 1216 1490 iure
1241 1432 1331 1490 certo

142 1516 312 1601 inhiatum
343 1529 406 1594 iarn
435 1549 506 1596 esse
525 1537 667 1609 constet,
696 1528 773 1594 nihii
803 1527 1001 1594 morabimur
1031 1528 1108 1594 istos
1138 1537 1236 1596 testes
1267 1549 1331 1616 quo

141 1634 260 1705 miuus
282 1632 316 1701 id
341 1632 425 1720 quod
449 1654 560 1700 return
585 1654 655 1701 esse
676 1644 875 1720 compertum
899 1634 942 1699 sit
970 1631 1087 1720 ubique
1110 1635 1141 1699 in
1166 1636 1329 1721 integrum

140 1740 369 1811 mittimus.
423 1739 548 1806 Dixisse
580 1738 699 1830 Cyrum
736 1740 841 1826 ipsum
877 1742 909 1805 οθ
949 1739 1073 1821 τοθσθευ
1115 1739 1330 1820 ταθσομαι

142 1854 246 1915 namo
266 1852 362 1930 negat
380 1851 436 1910 aut
460 1844 593 1930 ambigit
616 1852 671 1910 aut
699 1842 891 1930 obloquitur.
940 1843 1025 1928 Ergo
1048 1842 1249 1930 Xenophonti
1271 1843 1330 1910 hoc

141 1950 197 2021 tie
220 1946 424 2019 merendum
449 1956 498 2014 est
524 1957 560 2015 ut
587 1948 692 2016 dicat:
724 1949 883 2032 ὑπέσχετο
904 1952 1009 2021 αὐτοῖς
1032 1949 1064 2015 οθ
1087 1946 1212 2030 τοθσθειι
1232 1951 1331 2016 ταθ-

140 2056 292 2127 ertias.
339 2052 470 2136 Quive!
492 2054 524 2118 in
548 2073 612 2119 uuo
635 2053 703 2120 ioco
725 2051 822 2140 probe
848 2054 983 2120 senserit
1004 2071 1100 2138 quant
1125 2051 1247 2120 sithoc
1274 2073 1329 2119 uc·

139 2159 326 2233 dentium
358 2157 468 2225 eadem
493 2157 652 2224 medicina
675 2157 831 2244 quidquid
855 2165 904 2224 est
936 2155 1055 2244 ubique
1081 2176 1213 2244 aegrum
1239 2177 1329 2224 sana-

141 2266 208 2337 bu„
252 2262 322 2333 Nou
347 2262 484 2330 muitum
508 2264 536 2327 is
554 2261 713 2330 dubitabit
738 2265 770 2330 io
793 2262 891 2329 duab.
913 2263 953 2329 11.
976 2283 1021 2329 ιιι.
1046 2266 1100 2329 bo.
1132 2262 1332 2330 rescribere:

144 2370 203 2441 ui
226 2368 294 2453 rent
316 2370 374 2451 μθιι
397 2366 512 2434 τοθτιιν
535 2367 694 2451 θτθσχετθ
716 2393 768 2449 μοι
798 2368 1088 2447 βουλεύσεσθαι
1121 2388 1178 2455 pro
1200 2369 1330 2449 βουλεθ·

145 2476 281 2545 εισθιιιι
315 2473 371 2562 qui
399 2473 485 2539 eninr
508 2473 648 2559 spatium
679 2473 740 2540 sibi
770 2472 809 2540 ad
841 2472 1080 2540 deliberandum
1105 2473 1227 2551 sumit,
1255 2493 1329 2540 eunr

149 2598 245 2673 nepe
271 2579 384 2647 audies
405 2578 616 2659 βουλεύσομαι
650 2577 808 2646 dicentem
829 2587 886 2645 uui
912 2578 1088 2661 σκέψομαι,
1112 2576 1196 2665 quod
1219 2586 1267 2644 est
1297 2579 1330 2644 in

152 2684 311 2757 indirecte
331 2685 474 2752 oratione
490 2683 707 2752 retinendum.
754 2684 826 2751 Noti
844 2692 921 2750 sunt
942 2703 1054 2751 versus
1078 2682 1261 2749 Menandri:

331 2792 357 2859 oi
380 2789 440 2864 ‘tois
463 2793 557 2874 θΦςῦς
580 2788 715 2872 αἴροντες
737 2792 776 2863 uic
800 2790 982 2870 tutareris,

212 2890 216 2897 ’
330 2896 383 2963 καθ
408 2894 665 2978 »σκέψομαι”
689 2895 846 2973 λέγοντες.
867 2892 1018 2975 ἄνθρωπος
1042 2894 1105 2973 γὰρ
1128 2895 1167 2960 bu

329 2999 438 3084 σκθψει
462 3001 499 3067 σὺ
524 2999 593 3080 napi
613 3019 687 3074 του;
709 3001 868 3082 busensis,
890 2996 965 3064 θτακ
986 2999 1082 3081 rixa.

131 3170 134 3175 .
169 3105 411 3189 {tttcommode
422 3104 569 3173 adhibuit
588 3103 793 3170 Casaubonus
813 3103 852 3169 ad
866 3102 1076 3190 Theophrasti
1096 3101 1202 3183 εθροια
1220 3122 1290 3192 cap.
1304 3103 1327 3171 i.

170 3200 225 3287 ΙΙ.
249 3210 301 3279 καθ
324 3210 369 3279 rai
394 3211 452 3292 μέιι
475 3211 696 3294 σκέψεσθαι
737 3209 890 3293 Φθσκειυ,
918 3208 961 3275 roi
986 3208 1017 3274 δὲ
1039 3210 1092 3274 οθκ
1113 3206 1234 3274 εἰδέναι.
1282 3208 1329 3275 be

170 3306 258 3383 “tut
278 3320 298 3407 §
315 3319 348 3382 θ.
371 3315 499 3383 scribit:
523 3314 576 3382 καὶ
599 3316 693 3395 μηδὲν
717 3312 754 3380 oia
777 3312 908 3395 τοοθττει
939 3313 1130 3394 θμολογιῑσαι
1152 3312 1242 3378 θλλθι
1266 3319 1326 3395 Φῆ-

171 3418 532 3500 ἸΙιθουλεθσεσθαι,
567 3420 620 3487 ubi
651 3421 725 3507 quis
749 3421 832 3486 serio
864 3418 1035 3486 contendat
1064 3418 1194 3485 aoristis
1221 3417 1326 3486 iocum

133 3580 136 3585 .
172 3524 280 3595 flubii
312 3526 427 3615 pmset
475 3524 631 3593 Similiter
663 3528 694 3592 in
723 3525 822 3591 hnab.
843 3524 896 3590 Vl.
921 3546 950 3590 ιι.
979 3530 1029 3591 17.
1063 3524 1132 3589 sine
1160 3543 1248 3589 mora
1278 3545 1327 3592 re·

172 3626 330 3703 mum
350 3633 411 3701 οὐδ’
430 3633 519 3712 ὑμεῖς
535 3631 680 3714 θλτθζετε
699 3633 811 3704 αὐτοὺς
830 3629 1012 3707 δέξεσθαι
1037 3631 1121 3709 ὑμᾶς
1142 3647 1199 3715 pro
1218 3629 1326 3717 inepto

173 3716 312 3817 Μαι,
344 3736 428 3825 quod
454 3746 503 3804 est
535 3738 683 3825 impetum
716 3736 906 3802 sustinuisse.
953 3736 1074 3802 lterum
1108 3736 1326 3801 necessarium

175 3818 295 3910 ilerum
326 3841 544 3931 seponendum
570 3850 618 3909 est
644 3843 670 3909 1.
695 3862 747 3908 vu.
773 3849 803 3910 a.
837 3841 876 3907 θιο
899 3843 924 3908 θ’
946 3838 979 3908 εὖ
1002 3839 1133 3919 odorra!
1154 3863 1185 3904 τι
1209 3842 1241 3905 οὐ
1264 3864 1325 3919 με·

174 3940 365 4019 *sinuat
395 3948 432 4014 σθ
452 3954 551 4032 φασιν
574 3949 845 4041 prooemiatur,
871 3966 933 4012 non
959 3947 1043 4012 euim
1072 3964 1240 4009 memorem
1261 3965 1327 4011 case

175 4028 269 4129 iiim
294 4052 454 4141 negabant
477 4051 531 4120 sed
557 4061 628 4140 pust
659 4053 827 4119 victoriam
857 4057 926 4139 sore
961 4051 1191 4137 promissorum
1215 4050 1324 4116 imme-

175 4158 267 4226 *sor
295 4156 498 4227 dictitabunt.
545 4154 675 4243 Expeile
707 4157 790 4224 idern
820 4175 953 4244 prorsus
982 4155 1097 4221 uitium
1128 4152 1326 4221 cxviiii.

177 4246 218 4324 ἢ
240 4264 361 4348 sariba
390 4288 432 4344 με
467 4265 610 4330 ἐκαλεῖτε
650 4262 702 4328 καὶ
737 4264 785 4329 oiri
821 4266 859 4337 ὥς
896 4260 1056 4343 εὐεργέτου
1095 4264 1326 4339 μεμυῆσθαι

177 4352 374 4455 henricis,
398 4370 463 4439 inno
484 4389 558 4437 rero
588 4370 820 4450 μεμνήσεσθαι,
845 4388 919 4436 nunt
943 4365 1016 4434 tatis
1035 4365 1136 4433 oratio
1160 4383 1229 4432 ossa
1250 4365 1329 4434 sotet
