2940 5010
724 301 745 361 9

144 469 235 554 Quod
263 472 295 536 in
320 467 430 539 eadem
463 492 497 538 re
522 471 688 560 proprium
714 470 847 539 verbum
873 476 919 537 est
945 467 1100 546 ἐξακούειν
1124 470 1164 536 do
1192 491 1228 537 eo
1257 471 1331 557 poni

144 576 294 657 solitum,
324 576 364 642 ad
392 578 485 644 cuius
512 597 607 644 aures
638 597 697 642 vox
721 584 778 643 aut
807 576 965 643 clamore
992 575 1136 662 longiore
1165 575 1332 643 intervallo

144 682 251 749 editus
272 683 436 770 pervenit,
460 682 662 770 Xenophonti
687 680 886 749 reddendum
906 693 955 749 est
975 682 1008 746 in
1027 681 1166 747 Anabasi
1180 682 1216 747 V.
1232 687 1262 748 l.
1278 687 1332 748 51.

143 790 279 870 ἀντεῖχον
298 790 332 854 al
356 787 463 863 πόλεις
485 790 543 854 ἆτ’
567 790 715 866 ἀλλήλων
739 787 834 858 educ
862 788 1068 865 ὀγδοήκοντα,
1098 789 1132 852 et
1155 788 1187 852 δὲ
1210 796 1332 867 πλεῖον,

144 894 178 960 οἱ
206 895 237 960 δὲ
259 901 364 974 μεῖον.
387 895 590 974 οξνοοβοώντυν
609 894 641 962 δὲ
666 894 815 970 ἀλλήλων
837 890 998 970 ξυνήκουον
1022 893 1066 966 εἰς
1088 893 1144 968 τὴν
1167 893 1273 975 ἑτέρον
1296 894 1332 960 ἐκ

143 1007 199 1077 τῆς
224 998 330 1081 ἑτέροιο
353 999 494 1079 πόλεως,
518 1001 584 1066 imo
608 1019 682 1067 vero
705 997 863 1078 ἐξήκουον,
887 998 914 1063 si
935 1018 999 1085 quo
1019 1017 1058 1064 ex
1080 996 1195 1084 oppido
1212 997 1333 1065 clamor

143 1103 312 1171 tolleretur
343 1105 371 1171 is
404 1106 437 1171 in
469 1104 570 1172 altero
598 1102 714 1192 oppido
739 1102 982 1171 exaudiebatur.
1041 1102 1124 1170 Hinc
1155 1101 1272 1171 melius
1299 1104 1332 1170 in

143 1208 318 1299 Cyropaed.
341 1209 396 1277 tv,
418 1216 449 1278 5.
473 1215 492 1277 3
517 1210 700 1278 servabitur
719 1218 812 1276 vetus
836 1207 931 1275 lectio
950 1208 1010 1282 τοὶς
1031 1203 1106 1277 ὅτου
1126 1209 1332 1290 coroddam·

141 1330 195 1383 λον
216 1314 438 1394 ἕξοικούσεοθοον
456 1335 533 1403 prae
556 1335 638 1383 nova
657 1315 790 1395 ἔμελλον
808 1314 1015 1391 eminatas,
1040 1315 1163 1401 etquis
1182 1333 1245 1382 non
1266 1333 1331 1381 me·

143 1422 240 1488 minit
265 1420 490 1509 Aristophanis
514 1422 547 1486 in
573 1419 765 1507 Thesmoph.
791 1423 867 1486 293.

323 1533 404 1604 τοῦ,
427 1531 486 1594 τοῦ
510 1526 662 1609 κονδὲζονοί
683 1530 715 1592 ἐν
736 1528 842 1608 κοολῷ,
865 1524 924 1592 τῶν
949 1524 1076 1608 ῥητόρων

326 1628 365 1698 ἵν’
388 1630 538 1709 &enodem

189 1736 330 1805 Transeo
348 1756 434 1803 nunc
454 1735 494 1803 ad
512 1735 680 1804 Strattidis
695 1736 803 1804 locum
821 1735 1074 1812 emendandum,
1098 1734 1131 1800 in
1155 1753 1219 1821 qno
1242 1753 1332 1801 voca·

141 1840 255 1910 bulum
289 1862 390 1909 unum
417 1840 583 1908 intercidit
614 1850 647 1909 et
675 1853 844 1929 propterea
870 1840 954 1928 quod
983 1847 1052 1906 erat
1081 1838 1333 1928 facetissimum,

142 1945 205 2013 loci
227 1946 392 2034 Sophoclei
406 1947 563 2030 τκοῳδίοο,
590 1967 651 2011 non
671 1947 809 2034 amplius
822 1954 965 2037 apparet.
1013 1945 1224 2013 Praemittam
1237 1944 1333 2013 verba

144 2051 296 2138 Tragici,
326 2053 358 2117 in
377 2051 495 2138 quihus
511 2051 605 2117 multi
624 2071 718 2138 saepe
739 2053 834 2119 iocati
852 2060 948 2130 sunt,
974 2059 1083 2137 utpote
1102 2051 1276 2136 unicuique
1293 2049 1333 2117 de

142 2155 260 2245 populo
280 2156 478 2235 notissimis,
503 2158 536 2223 in
554 2176 617 2243 quo
638 2176 755 2243 genere
777 2156 968 2243 lepidissimi
990 2164 1065 2221 sunt
1086 2163 1145 2223 τῶν
1164 2156 1332 2239 supplode-

141 2287 202 2330 τον
232 2261 315 2329 sales
342 2271 373 2329 et
397 2262 530 2351 lepores.
587 2262 693 2344 Quum
718 2263 901 2330 Demetrius
924 2260 1101 2328 Poliorceta
1126 2262 1158 2328 in
1190 2262 1332 2352 Phrygia

143 2368 278 2454 ignarus
296 2368 450 2435 itinerum
471 2367 615 2436 indeuia
633 2377 665 2436 et
687 2370 854 2455 angustias
872 2374 1015 2455 sequeet
1032 2368 1139 2454 copias
1156 2368 1332 2456 implicuis-

143 2480 210 2553 set,
234 2481 266 2542 et
290 2493 402 2541 scurra
423 2474 540 2561 aliquis
564 2476 689 2542 ineius
711 2475 850 2542 tentorio
870 2473 1104 2560 inscripsisset:

321 2580 425 2647 τέκνον
445 2585 569 2663 τυφλοῦ
592 2581 733 2664 γέροντος
751 2579 949 2659 ’uuistuom
972 2578 1060 2652 τίνος

321 2687 437 2767 χώρους
457 2686 647 2769 solymam

143 2798 180 2859 ut
200 2799 312 2857 namet
329 2788 523 2857 Plutarchus
536 2793 573 2873 in
596 2794 737 2862 Demetr.
751 2813 821 2880 cap.
836 2795 894 2866 to,
917 2810 979 2856 non
1001 2789 1096 2858 oredo
1110 2807 1209 2856 unum
1232 2787 1331 2858 luisse

142 2897 177 2964 in
201 2896 318 2964 castris
340 2894 499 2963 Graecum
520 2897 673 2979 militem,
698 2900 840 2987 quinon
864 2895 977 2984 Oedipi
996 2895 1123 2962 Colonei
1147 2894 1331 2965 recordare·

140 3009 206 3069 tur.
252 3001 321 3069 Non
338 3001 447 3068 minus
467 3003 615 3071 omnibus
636 3014 711 3071 nota
731 3012 823 3071 erant
846 3001 945 3068 haec:

321 3109 557 3189 Ἀγαμέμνονος
582 3119 663 3188 ποῖ,
687 3116 739 3176 νῦν
761 3110 850 3174 ἐκεῖν’
873 3105 957 3182 lissi
979 3130 1024 3172 τοο

320 3214 449 3297 παρόντι
470 3217 633 3293 λεύσσειν,
657 3214 695 3280 ὧν
718 3212 867 3296 πρόθυμος
889 3209 955 3287 ἦσθ’
973 3210 1045 3277 ciel.

320 3321 355 3385 τὸ
379 3321 443 3402 γὰρ
466 3322 602 3387 τοολκνὸν
620 3322 739 3401 ’Ἄργος
758 3314 895 3390 οὑπόθεις
914 3316 1004 3384 τόδε.

321 3422 402 3500 οοῦτκ
426 3426 464 3500 δ’,
489 3424 627 3507 Ὀοέςοι,
651 3430 705 3491 τοῦ
726 3422 909 3491 λυκοκτόνου
933 3425 998 3488 θεοῦ

320 3530 422 3611 dyene
446 3530 593 3610 Λύκειος,
617 3530 672 3609 οὑξ
692 3533 835 3615 ἄρνςεοῖος
858 3530 883 3594 δ’
902 3525 953 3594 ὅδε

321 3634 419 3718 Ἥρας
443 3636 457 3701 ὀ
477 3638 594 3712 κλεινὸς
613 3637 695 3713 νοός.

140 3735 338 3824 etreliqua,
364 3761 446 3827 quae
470 3741 623 3829 leguntur
647 3745 679 3809 in
701 3743 847 3811 Electrae
871 3738 1011 3808 exordio.
1058 3736 1175 3803 Notum
1193 3746 1241 3804 est
1261 3759 1327 3807 me·

139 3843 326 3910 retriculam
359 3846 500 3914 Atticam
533 3869 549 3914 a
582 3847 744 3916 Demetrio
775 3847 888 3914 multis
920 3842 1110 3911 muneribus
1141 3849 1178 3908 ut
1206 3851 1330 3913 vestem

139 3959 272 4034 poneret
294 3962 529 4038 expugnatam,
553 3975 653 4041 quum
681 3954 810 4021 tandem
834 3970 957 4018 morem
975 3956 1121 4036 gereret,
1146 3947 1281 4016 dixisse:

321 4058 556 4139 Ἀγαμέμνονος
580 4070 659 4138 τοοῖ,
685 4068 735 4128 νῦν
759 4060 849 4127 ἐκεῖν’
873 4056 957 4135 ἔξεεί
976 4080 1022 4123 τον

319 4163 448 4247 ποορόντο
472 4167 631 4244 λεύσσειν,
655 4165 693 4235 ὧν
713 4167 862 4249 πρόθυμος
885 4162 949 4242 ἦσθ’
972 4161 1034 4228 olel.

103 4332 106 4340 ,
140 4262 303 4337 Machonis
327 4267 416 4338 locus
433 4280 482 4338 est
506 4273 591 4360 apud
615 4273 731 4342 Athen.
757 4272 840 4340 Xlll.
862 4273 937 4337 579.
959 4268 995 4333 Α.

322 4377 503 4457 οιῖτουμένκν
523 4378 650 4458 λέγουσι
671 4383 726 4458 τὴν
750 4380 853 4474 πυγήν
880 4399 955 4443 ποτε
