2940 5010
704 298 846 362 76·

311 479 365 542 οὐκ
387 474 432 544 ἔτι
453 474 489 537 τὸ
510 470 564 553 ζῆν
587 474 753 538 αὐτὸκαθ’
781 475 872 539 ὲκντὸ
891 472 995 550 pavet

311 583 372 647 οὐδ’
394 577 435 646 αὖ
456 582 492 643 τὸ
517 577 651 653 θνήσκειν
677 577 787 655 δεινθν,
813 579 878 645 κτὲ.

132 691 222 754 rivas
243 693 311 753 tum
334 704 375 751 an
397 683 545 749 moriaris
576 682 708 770 perinde
726 693 791 761 cst,
815 683 937 769 inquit:
963 680 996 747 id
1019 679 1123 749 uelum
1150 680 1327 749 discrimen

137 794 212 860 een
235 800 346 859 utrum
368 808 479 857 eurum
505 786 584 855 bene
604 796 635 854 et
661 787 792 855 honeste
817 789 917 875 possit
941 786 1021 855 lieri.
1071 784 1105 852 Si
1128 784 1265 853 honeste
1283 786 1326 853 vi-

137 896 349 970 recedatur,
374 895 439 959 vita
463 902 514 960 est
534 893 657 979 potior:
682 913 744 959 nen
768 892 886 968 datur,
912 892 1016 960 setius
1038 899 1089 959 est
1108 893 1203 959 muri.

184 1004 219 1070 lu
242 999 407 1068 Menandri
432 996 611 1084 fragmento
634 997 719 1085 apud
745 998 858 1065 dthen.
874 995 1096 1066 mitesce.

612 1106 646 1170 οὐ
670 1113 808 1185 γαμεῖς,
831 1103 871 1171 άν
894 1108 961 1170 νοῦν
984 1102 1080 1187 ἔχης,

323 1215 429 1276 τοῦτον
448 1214 632 1276 καταλιπὼν
649 1211 702 1276 τὸν
724 1212 814 1290 βίον.
838 1208 1016 1289 γεγάμηκα
1037 1207 1101 1292 γάρ

322 1315 437 1393 αὖτίς,
460 1315 511 1381 διά
530 1314 622 1381 τοῦπθ
639 1339 685 1382 τοι
709 1321 846 1397 παραινῶ
866 1316 911 1394 μὴ
931 1320 1061 1394 γαμεῖν.

253 1435 287 1487 B.
321 1419 501 1500 δεδογμένον
520 1419 556 1484 τί
580 1424 717 1502 πρᾶγμ’,
740 1422 908 1503 ἀνερρίφθω
929 1420 1038 1501 κύβος.

253 1537 292 1592 Α.
321 1527 464 1609 πέραινε,
487 1525 611 1600 σωθείης
631 1526 662 1591 δὲ
686 1530 755 1592 νῦν·
779 1524 920 1602 άληθινθν

322 1632 365 1706 είς
388 1631 530 1710 πέλαγος
552 1631 646 1697 αὑτὸν
665 1632 824 1710 ἐμβαλεῖς
843 1631 908 1713 γάρ
928 1627 1149 1712 πραγμάτων,

322 1738 355 1802 οὐ
380 1734 540 1817 Λιβνκθν,
563 1736 625 1802 ott·
645 1738 777 1814 Αἰγαῖον
801 1780 1002 1812 .......

322 1838 358 1907 οὗ
381 1848 440 1907 τῶν
462 1841 615 1923 τριάκοντ’
635 1844 690 1907 οὐκ
709 1842 890 1908 άπθλλνται
911 1842 982 1922 τρία

324 1947 493 2030 πλοιάρια,
519 1948 628 2027 γημας
653 1948 679 2011 δ’
704 1948 770 2015 οὐδὲ
794 1942 837 2021 είς
858 1947 985 2013 σέσωσθ’
1007 1942 1102 2020 θλως.

145 2056 292 2122 lacunam
318 2050 410 2119 lacile
430 2054 477 2119 sic
500 2052 697 2139 expleveris:

323 2161 356 2225 ori
377 2158 535 2238 Λιβυκόν,
557 2158 618 2225 οὐδ’
639 2159 791 2235 Αἰγαῖον,
817 2159 884 2224 οὐδὲ
909 2147 1092 2236 Σικελικόν,

146 2272 177 2333 in
197 2284 290 2330 versu
311 2264 409 2329 lertio
429 2264 555 2349 corrige
574 2262 625 2329 tet
644 2268 734 2329 τοῦτο
754 2263 973 2345 caletacensi,
997 2270 1031 2329 et
1050 2262 1083 2329 iu
1100 2260 1215 2349 quinto
1234 2256 1315 2324 verita

145 2373 176 2435 in
203 2370 289 2435 lrunc
313 2367 442 2433 modum
467 2367 594 2434 ‹liridet
623 2368 770 2448 πέραινε,
795 2369 919 2444 σωθείης
942 2368 997 2435 δι’.
1024 2373 1076 2436 νῦν
1098 2364 1240 2441 άληθινθν
1261 2362 1316 2429 ντί.

189 2476 414 2563 'lyranncrum
434 2472 581 2538 miserias
598 2493 853 2539 commemorans
873 2475 981 2541 neseio
1000 2474 1074 2560 quis
1093 2471 1180 2559 apud
1203 2471 1321 2537 denno·

143 2580 236 2655 drnnr
262 2580 295 2644 in
318 2577 404 2644 stou.
430 2575 537 2643 Glcril.
559 2578 665 2644 XLIX.
687 2584 719 2646 8.
743 2580 788 2644 ita
813 2579 909 2647 dicit:

696 2681 718 2750 ὦ
739 2686 928 2765 τριτάθλιοι,

323 2787 356 2853 τί
379 2787 472 2854 πλέον
492 2786 600 2869 ἔχοντι
625 2796 684 2856 τῶν
703 2788 828 2866 άλλωνς
852 2791 921 2870 βίον

324 2897 362 2967 ὡς
385 2882 500 2975 οἰκτρὸν
522 2891 721 2970 ε’ξαντλοῦοιν
743 2898 769 2961 οἱ
792 2896 835 2962 τά
858 2895 987 2977 Φροιίρια
1071 2954 1078 2969 ,

323 3005 502 3080 τηροῦντες,
527 3002 554 3065 οί
572 3000 631 3074 τάς
655 3002 837 3081 άκροπθλεις
860 3000 1059 3081 κεκτημένοι.

145 3108 227 3172 lianc
247 3124 374 3192 quoque
397 3104 545 3171 lacunam
570 3112 603 3171 et
623 3106 838 3192 corruptelam
864 3105 949 3173 iecili
975 3107 1102 3192 negotio
1122 3106 1170 3173 sic
1193 3103 1321 3175 sustule-

144 3215 206 3279 ris:
231 3210 252 3279 ὦ
275 3210 461 3293 τριτάθλιοι,
484 3204 512 3275 oi
531 3211 625 3276 πλέον
648 3211 734 3293 ἔχειν
753 3212 877 3294 ζητοῦσι
900 3220 960 3279 τῶν
981 3210 1104 3289 άλλων,
1127 3214 1194 3280 xri.

187 3318 350 3385 Glossema
389 3314 520 3400 irrepsit
560 3316 592 3380 in
629 3315 793 3384 llenandri
831 3318 936 3385 locum
977 3316 1061 3404 apud
1097 3316 1186 3385 Stclr.
1222 3314 1324 3387 mont

145 3422 280 3489 LXXIV.
307 3428 359 3485 11.

325 3525 397 3599 τοὺς
418 3532 475 3600 τῆς
498 3535 645 3606 γαμετῆς
667 3526 749 3608 θρονς
769 3527 987 3609 ὑπερβαίνεις,
1009 3527 1126 3608 γιίναι,

324 3632 380 3706 τὴν
400 3631 532 3696 αὖλίαν.
558 3631 654 3713 πέρας
674 3634 738 3713 γάρ
758 3634 863 3709 αθλιος
886 3635 959 3717 θύρα

324 3737 467 3820 ἐλευθέρα
490 3738 613 3814 γυναικί
634 3740 767 3817 erodere
791 3740 909 3813 οίκίας.

143 3840 228 3907 mala
247 3860 363 3906 manrrs
383 3839 490 3907 allevit
510 3842 566 3918 rto
591 3843 715 3909 αὐλίαν.
764 3843 809 3910 Ne
831 3842 936 3911 dicam
963 3843 1078 3930 frigide
1100 3844 1275 3913 admodum
1296 3852 1327 3913 el

145 3948 251 4034 inepte
270 3946 330 4013 lroc
351 3945 542 4013 vccabulum
560 3950 742 4035 praemitti,
768 3948 822 4015 uhi
844 3951 992 4036 sequitur
1011 3953 1107 4033 πέρας
1125 3950 1190 4033 γάρ
1209 3950 1330 4027 αθλεως

142 4053 216 4132 θύρα
238 4054 315 4125 ert„
341 4053 407 4138 ipsa
429 4050 530 4119 torma
555 4055 664 4138 arr-guil
686 4054 848 4121 hominem
871 4056 989 4125 Graece
1007 4058 1194 4144 imperitum
1217 4056 1258 4125 de
1273 4076 1332 4125 sue

143 4164 263 4225 tenuere
283 4156 315 4231 id
337 4158 501 4225 adiecisse.
549 4157 615 4227 Non
640 4160 735 4229 aliter
758 4161 878 4228 Graece
902 4160 966 4229 dici
990 4170 1094 4249 potest
1113 4181 1213 4249 quam
1235 4166 1254 4239 d
1277 4162 1332 4231 ad·

138 4277 218 4336 λειω
246 4264 341 4345 θιίρα,
374 4283 476 4351 neqrrc
500 4265 573 4345 θύρα
593 4266 699 4331 omitti
720 4274 822 4352 potest
849 4274 882 4335 et
901 4266 1009 4335 αὔλιος
1033 4267 1126 4356 plane
1148 4276 1199 4335 est
1220 4267 1332 4343 barba,-

138 4387 221 4434 runr.
269 4368 416 4437 Graeculi
434 4378 503 4445 tane
519 4366 577 4439 diu
596 4379 629 4439 et
654 4379 719 4443 tam
738 4392 831 4460 saepe
852 4371 971 4443 termas
989 4376 1031 4459 iu¹
1043 4399 1106 4450 -ιος
1120 4382 1154 4447 et
1171 4398 1241 4450 -ειος
1260 4394 1332 4443 een·
