2940 5010
715 260 779 323 598

156 438 309 521 cipridem
334 436 495 511 dixerint,
521 431 605 520 quod
627 452 742 501 nomen
763 433 803 503 de
825 452 914 501 more
935 437 968 503 in
994 436 1158 522 οΰμδίχην
1187 438 1335 530 deprana-

157 554 232 621 tnr‚
259 552 294 609 ut
313 540 398 628 apud
419 539 572 605 Glenrent.
596 538 766 606 Alexandr.
792 540 825 605 in
854 539 990 630 Pacdag.
1011 542 1053 611 lt
1076 564 1108 633 p.
1131 547 1215 611 162:
1238 548 1336 629 χκοιίη

155 649 186 714 δὲ
209 648 260 713 καί
294 649 395 726 γέλως
422 646 547 719 πλατὺς
581 645 745 727 οὐροδίχαο
771 644 882 733 (scrib.
906 646 1079 739 οὐροδίκοος)
1114 652 1256 733 ἀργυρᾶς
1287 653 1335 719 καί

153 754 271 833 οίμίδοοι,Ι
296 754 390 825 dende
416 750 615 833 ἐπιφέρεσθαι
635 750 706 824 τοὺς
730 747 854 832 ἄνδρας.
902 754 1071 837 Οὖροδίκην
1097 754 1236 823 Phutlus
1257 758 1291 825 in
1307 776 1334 823 r.

152 880 193 927 cx
218 856 426 946 Xenophonte
454 855 564 922 attulit
588 874 647 942 par
673 873 839 937 errorem,
862 865 899 923 ut
926 859 1059 945 opinor:
1081 859 1170 948 quod
1191 860 1279 930 idem
1300 882 1336 931 cx

152 963 344 1034 Antisthene
375 960 496 1050 prolert
521 960 646 1045 οὔρειον
675 961 766 1039 βῖκον
788 962 874 1050 apud
902 962 1100 1052 hesychium
1130 967 1337 1055 depravatum

152 1079 203 1139 est
227 1071 260 1136 in
292 1069 585 1151 Οὖριίμβικονε
616 1067 672 1142 την
700 1069 802 1147 οὶμίδοο
825 1069 843 1147 ἢ
867 1068 1030 1153 οὔροδίχην
1062 1070 1186 1163 (·ίκην).
1234 1072 1337 1143 Crete·

151 1195 227 1245 rum
251 1174 376 1241 dudum
393 1175 456 1239 viri
481 1172 568 1240 docti
591 1172 698 1239 locum
724 1172 896 1263 hesychii:
930 1178 1183 1261 Πησχοίδαοε
1206 1179 1338 1259 ἀμίδος,

152 1280 191 1348 ad
225 1278 467 1367 Xenophontem
502 1276 707 1356 retulerunt,
738 1280 795 1366 qui
818 1298 856 1347 eo
885 1279 1040 1349 vocabulo
1069 1283 1118 1349 sic
1151 1282 1281 1371 primns
1307 1292 1338 1353 et

153 1386 242 1453 solus
266 1405 345 1450 usus
365 1403 435 1449 esse
463 1381 602 1449 videtur.

197 1491 339 1579 Ineptire
361 1488 490 1555 ridetur
521 1487 730 1556 librariorum
754 1490 833 1557 vitio
857 1490 1034 1577 Xenophon
1058 1492 1224 1561 Villius.
1250 1498 1281 1562 t.
1302 1494 1341 1561 ol-

151 1599 228 1665 καδε
258 1595 398 1662 ἀπελθὼν
421 1591 520 1670 ἔδοξεν
549 1595 794 1662 οὶνοιιτοιιίσασίαι
828 1597 1017 1675 κατεκλίθη,
1051 1595 1146 1665 nihili
1175 1607 1230 1667 est
1257 1598 1341 1688 quud

151 1702 238 1769 docti
257 1700 404 1767 homines
424 1708 584 1786 reponunt
605 1700 705 1779 ἔδοξεν
725 1702 963 1768 ἀναπαύσεσθαι
975 1707 1009 1768 et
1028 1700 1216 1787 significare
1235 1705 1340 1773 aiunt:

146 1807 269 1896 placuit
289 1806 318 1872 ei
338 1806 551 1892 requiescere,
575 1804 794 1873 diversissima
814 1805 1007 1883 miscentes,
1032 1814 1071 1873 ut
1089 1806 1191 1876 vides.
1225 1810 1342 1880 Emen-

151 1913 295 1982 dandum
317 1931 388 1979 esse
417 1909 578 1977 arbitror:
601 1910 726 1989 δόξαν
749 1912 993 1978 οίνοοντοιύσοοσίοοι
1017 1914 1239 1992 κατεκλίνη.

196 2018 313 2106 Reponi
334 2016 538 2083 verissimam
562 2015 798 2083 tlemsterhnsii
823 2018 1057 2085 correctionem
1085 2020 1256 2089 excutiens
1280 2022 1342 2091 Xe·

151 2124 325 2213 nophontis
349 2121 521 2188 editionem
548 2119 819 2208 Stephanionem,
851 2142 914 2208 qua
936 2124 986 2189 vir
1009 2142 1148 2211 magnus
1168 2144 1253 2193 usus
1278 2136 1345 2206 eet,

152 2231 209 2298 ubi
235 2227 458 2296 annotationes
481 2225 655 2313 quasdam,
687 2234 725 2292 ut
747 2226 885 2304 assolet,
917 2228 951 2294 in
980 2249 1037 2297 ora
1058 2229 1133 2297 libri
1166 2238 1227 2299 aut
1256 2232 1345 2301 iuter·

151 2356 264 2404 versus
288 2332 478 2400 tenuissima
503 2331 559 2397 sed
591 2329 788 2418 pereleganti
819 2334 981 2420 scriptura
1009 2333 1129 2402 allenit.
1175 2336 1215 2403 ln
1245 2336 1345 2429 Cyro

150 2440 242 2530 paed.
268 2439 321 2505 vt.
345 2459 380 2505 n.
406 2440 460 2503 28.
492 2436 620 2503 editur:
643 2434 707 2509 ίςις
730 2439 935 2520 ἀλφιτοσιτεῖ
955 2438 1045 2507 ὕδατι
1066 2440 1272 2522 μεμιγμίνην
1292 2445 1344 2513 ἰοί

149 2551 206 2623 την
229 2546 335 2627 μῖιζοιν
365 2542 478 2618 ίσίίει,
502 2541 555 2607 καί
578 2539 641 2615 dere
664 2544 823 2624 οίρτοσιτεῖ
843 2542 932 2612 ὕδατι
964 2546 1139 2627 δεδευμένον
1161 2550 1217 2615 τίν
1237 2546 1342 2633 ἄρτον.

151 2653 293 2734 Quartae
315 2646 462 2715 literulae
486 2648 649 2735 participii
670 2650 870 2729 μεμιγμένην
893 2669 992 2736 supra
1014 2653 1145 2739 scripsit
1162 2676 1205 2733 α,
1229 2658 1344 2723 rectis·

152 2760 234 2825 sime
257 2757 304 2822 sic
327 2754 503 2820 admoneus
522 2753 734 2835 μεμαγμένην
757 2773 868 2821 veram
889 2755 1058 2823 lectionem
1083 2776 1164 2825 esse.
1212 2758 1344 2831 Dicitur

150 2864 238 2932 enim
260 2861 349 2929 ὕδατι
371 2857 524 2939 μοίττειν,
558 2869 594 2927 ut
615 2860 710 2927 δεύειν
734 2868 766 2926 el
789 2866 913 2944 Φνρῑον,
938 2860 993 2928 sed
1018 2863 1189 2952 perspicua
1214 2886 1271 2935 res
1292 2876 1343 2937 est

155 2989 213 3037 nec
238 2966 345 3034 verbis
373 2962 505 3050 indiget.

198 3075 340 3140 Transeo
376 3068 414 3136 ad
450 3068 711 3155 Xenophonteam
749 3069 932 3148 dnahasin,
965 3091 1062 3158 quem
1098 3075 1273 3161 egregium
1305 3076 1341 3145 li·

150 3180 246 3247 hrum
271 3178 485 3265 plurimorum
505 3194 633 3262 semper
651 3176 802 3242 manibus
820 3177 942 3243 uersari
968 3178 1094 3265 torique
1119 3177 1255 3249 solitum
1274 3200 1343 3271 per·

151 3287 243 3352 simis
276 3282 431 3369 exemplis
453 3282 575 3367 passim
600 3280 810 3369 depravatum
834 3291 866 3349 et
897 3280 1129 3370 interpolatum
1159 3286 1195 3352 in
1218 3286 1342 3355 Codici-

149 3391 297 3458 huonon
324 3384 495 3452 admodum
522 3387 661 3453 vetustis
691 3386 730 3453 ad
756 3407 813 3453 nos
836 3388 1021 3474 pervenisse
1052 3389 1133 3456 satis
1159 3390 1249 3459 inter
1272 3410 1341 3461 um-

151 3516 210 3563 nes
233 3500 368 3561 constat.
418 3490 609 3557 Incredibile
632 3490 722 3559 dictu
753 3501 803 3559 est
835 3501 955 3579 quanto
985 3494 1091 3580 magis
1119 3514 1220 3582 quam
1243 3494 1342 3587 Cyro·

151 3600 263 3688 paedia
296 3597 472 3683 legentium
507 3597 632 3663 animos
665 3604 792 3663 moveat
822 3607 996 3684 captosque
1027 3606 1135 3667 teneat
1166 3598 1340 3671 Anamis.

146 3706 184 3773 ln
215 3701 411 3793 Cyropaedia
434 3704 533 3769 satias
556 3701 713 3789 quaedam
746 3701 834 3768 subit
868 3703 1034 3783 animum,
1064 3712 1098 3772 et
1134 3703 1191 3772 uhi
1213 3703 1341 3775 diutior

149 3811 251 3880 tueris
282 3810 473 3875 immoratus
495 3808 662 3876 fastidium
694 3807 853 3894 quoddam
887 3808 1054 3876 suboritur
1075 3818 1109 3877 et
1132 3810 1231 3878 taedii
1261 3830 1340 3879 non·

150 3916 231 3984 nihil
249 3911 468 3983 devorandum
488 3923 552 3993 est,
575 3921 611 3981 ut
625 3913 761 3980 subinde
779 3913 841 3981 loci
861 3914 999 3982 alicuius
1022 3914 1180 4003 praeclari
1200 3915 1341 3987 lectione

147 4025 277 4092 animus
306 4026 458 4108 pascatur
478 4028 511 4086 et
532 4028 712 4089 recreetur.
760 4019 843 4086 Vera
863 4028 896 4086 et
920 4030 1008 4088 certa
1032 4020 1139 4109 legere
1160 4020 1270 4091 soritis
1294 4022 1341 4113 sm

146 4128 264 4217 quibus
295 4126 447 4194 eximium
481 4124 645 4191 scribendi
669 4143 771 4210 genus
803 4134 836 4192 et
860 4126 971 4207 lingua
1006 4125 1139 4213 limpida
1170 4133 1206 4195 ct
1230 4126 1338 4197 nitida

37 4251 39 4255 ·
146 4245 178 4302 ct
202 4233 408 4302 dulcissimae
432 4230 603 4299 suavitatis
625 4229 768 4298 efficiunt
794 4240 831 4298 ut
854 4232 975 4318 optime
1005 4251 1116 4300 rerum
1138 4240 1172 4301 et
1195 4242 1338 4303 naturae

146 4341 267 4407 veritae
288 4335 451 4426 appareat)
482 4335 631 4423 displicet
662 4345 889 4423 argumentum
915 4356 972 4405 nec
997 4358 1108 4406 verum
1139 4356 1199 4406 nec
1229 4340 1341 4409 simile
