2940 5010
703 290 767 349 5625

190 468 227 537 ln
253 469 284 554 §.
310 470 341 533 7.
377 462 469 552 piane
501 461 659 529 assentior
690 463 751 537 iis,
783 463 838 551 qui
870 463 935 535 σῶς
959 476 1156 534 censuerunt
1188 470 1329 541 inseren-

141 572 222 641 dum
258 579 292 639 et
326 571 374 637 sic
407 566 637 635 scribendum:
672 568 761 657 (πῶς)
797 570 851 633 ούκ
885 566 1012 646 οίιιίγκκ
1041 607 1086 620 —-
1115 575 1230 655 εἰρήνης
1265 580 1329 659 pat·

142 694 222 751 λιςα
244 678 419 757 ἔσιύνμεῑνς
451 682 488 740 ut
522 676 596 760 §⁸-
628 675 692 747 πῶς
716 676 771 740 ούκ
805 671 930 753 οίνιίνκν
953 674 1117 752 δασανῖινς
1147 689 1179 746 et
1209 685 1329 769 passim

143 782 234 851 aiibi.

190 886 227 955 111
255 905 326 975 cap.
343 886 399 953 xl.
426 888 456 951 1.
488 888 515 952 εί
537 885 580 950 σίι
609 885 652 950 cd
684 884 747 968 ίδίρι
769 883 859 963 μύνον
883 884 994 966 ἐνεργοὶ
1017 883 1123 969 ἔχοις,
1147 908 1259 960 verum
1285 896 1331 960 vi.

145 992 196 1061 dit
219 991 403 1080 Stephanus
426 991 469 1057 οδ
489 989 533 1056 cb
554 990 617 1057 ίδιιι
638 990 749 1076 reponi
770 988 900 1070 iubens,
924 989 980 1057 sed
1003 1010 1097 1057 nemu
1120 994 1329 1085 obtemperat.

144 1096 246 1165 Recte
268 1103 507 1184 componuntur
531 1096 570 1162 X.
595 1101 627 1161 11.
659 1103 723 1169 σοῖς
746 1103 811 1170 σοῖς
834 1096 927 1170 ίδίοις.
974 1095 1093 1163 deutra
1116 1098 1170 1167 xl.
1198 1108 1249 1169 12.
1273 1108 1330 1189 πρδ

142 1209 205 1271 rev
227 1208 287 1271 σύν
310 1202 421 1289 [ίδίων]
452 1198 552 1284 decep
576 1207 635 1266 σῶν
658 1202 738 1267 ἰδίων
766 1200 966 1283 μαχομένους
995 1201 1044 1269 rel
1068 1205 1157 1271 auris
1181 1207 1332 1279 admonet

144 1309 309 1399 eptimea
343 1307 424 1374 uiris
447 1305 550 1373 doctis
573 1306 653 1372 ίδίων
676 1325 747 1373 esse
769 1314 943 1374 resectum.
992 1306 1149 1389 Quoniam
1174 1312 1189 1378 1
1212 1312 1332 1383 adscri-

144 1422 239 1503 ptum
270 1414 369 1481 etiam
401 1415 436 1479 in
469 1412 706 1497 antiquissimis
730 1410 822 1477 libris
852 1418 884 1477 et
914 1414 1093 1481 sexcenties
1117 1419 1281 1486 emittitur
1300 1431 1333 1489 et

143 1517 282 1589 subinde
311 1527 433 1586 temere
463 1515 595 1583 additur
617 1518 680 1584 ίδια
710 1525 742 1584 et
773 1518 836 1602 ίδία
859 1518 980 1604 passim
1015 1519 1276 1604 contunduntur,
1300 1536 1333 1593 et

145 1625 251 1693 nestri
274 1622 394 1711 ubique
415 1621 542 1690 arbitrii
567 1629 617 1687 cst
648 1629 721 1688 utra
752 1623 916 1710 scriptura
945 1643 1020 1690 vcra
1049 1626 1092 1691 sit
1123 1632 1331 1699 constituere.

145 1728 401 1817 muneremur
428 1725 605 1815 quaedam:
639 1725 723 1815 apud
755 1727 919 1794 Itemcstb.
953 1726 1041 1796 Orat.
1063 1735 1128 1810 47,
1153 1738 1206 1799 44.
1238 1756 1333 1824 eppo·

145 1844 275 1905 1111111111
304 1837 391 1902 inter
420 1853 456 1900 se
486 1829 518 1904 tc
542 1831 581 1898 ἂν
611 1831 692 1914 ἔχων
715 1833 810 1907 σκεύη
833 1835 878 1912 ab
900 1835 1032 1918 ιίνιοδιδῷ
1061 1847 1100 1919 τῇ
1124 1838 1213 1906 σύλει
1237 1851 1269 1908 et
1301 1840 1332 1920 ὃς

145 1942 187 2013 ἂν
209 1942 295 2027 tete
317 1937 512 2020 κτησάμενοι
535 1942 580 2017 μίν
603 1949 712 2021 πωλῇ,
736 1937 808 2004 luce
832 1937 952 2005 clarius
973 1949 1022 2007 est
1047 1940 1109 2007 ἴδιοι
1137 1963 1204 2010 esse
1225 1964 1333 2015 emen·

144 2046 305 2116 dandum:
328 2047 474 2132 ineptum
499 2053 548 2111 est
571 2044 657 2111 enim
679 2044 742 2129 ίδίρι
764 2046 931 2117 κεκτῆσθαι
950 2046 1042 2132 quasi
1063 2048 1233 2136 quisquam
1255 2058 1333 2140 quid

144 2153 281 2237 διιριοσίρι
312 2153 479 2227 κεκσῆσίαι
500 2159 625 2238 posset,
648 2158 679 2216 et
703 2147 975 2235 quemadmodum
1003 2152 1138 2218 reddere
1167 2156 1298 2226 iubetur
1318 2164 1333 2228 δ

141 2266 202 2335 τῆς
224 2258 344 2332 πόλεως
368 2257 462 2334 σκεύη
489 2256 592 2339 ἔχων,
627 2256 674 2322 sic
698 2254 829 2320 uendere
851 2255 865 2320 ί
885 2254 950 2321 ίδια
970 2258 1175 2338 κτνσοίρκενος.
1223 2264 1257 2331 ln
1282 2287 1333 2334 ea.

143 2360 220 2431 dem
241 2362 386 2431 cretione
411 2366 429 2449 §
452 2366 505 2429 25.
530 2363 645 2429 vitiose
668 2359 844 2427 scribitur:
872 2362 1067 2429 ούδεσοίνιοσε
1099 2364 1215 2447 ἔλαβον
1238 2375 1332 2450 σκεύν

141 2470 180 2537 dx
202 2474 257 2537 σοῦ
289 2468 406 2550 νεωρίου
436 2470 513 2535 ἀλλ’
542 2470 637 2542 eadric
660 2469 722 2550 ίδίρι
751 2466 1004 2549 παρεσκεύαζον,
1028 2467 1082 2534 ubi
1108 2491 1169 2538 nen
1194 2473 1251 2541 diu
1274 2477 1332 2545 du·

142 2574 263 2643 nitebis
286 2572 352 2641 ίδια
371 2574 534 2659 corrigere
557 2574 584 2638 si
605 2572 843 2659 comparaveris
867 2569 955 2639 Orat.
979 2572 1013 2640 L.
1033 2579 1063 2641 7.
1088 2578 1229 2645 σκεύεσιν
1249 2583 1331 2660 ἰδίοις

142 2682 202 2759 σὺν
232 2687 309 2749 ναῦν
338 2678 471 2747 ύαασαν
502 2678 725 2745 κατεσκεύασα
757 2678 810 2744 καί
833 2684 893 2744 σύν
916 2681 1065 2758 δημοσίων
1089 2680 1204 2763 ἔλαβον
1228 2690 1331 2768 οὐδέν,

141 2794 178 2855 et
201 2790 222 2875 §
244 2790 299 2853 26.
322 2784 465 2865 καὶπερὶ
490 2790 548 2851 σῶν
571 2790 684 2850 σκευῶν
707 2783 841 2868 ἔφραζεν
859 2786 944 2867 αύτῷ
969 2781 1015 2852 tn
1039 2786 1119 2854 ίδια
1147 2789 1252 2874 ἔχοιμι
1276 2799 1329 2863 καί

142 2890 288 2973 διρροίσισν
312 2891 407 2958 οὐδέν.
441 2888 488 2955 Gi.
513 2899 545 2955 ct
577 2893 656 2975 §27
690 2899 721 2956 et
747 2895 801 2956 54.
846 2887 899 2955 Sie
922 2899 951 2956 et
977 2890 1062 2978 apud
1088 2892 1284 2965 Dinarchum
1305 2903 1330 2969 1.

143 3002 201 3065 89.
223 2994 319 3072 οὕτως
341 2994 412 3074 σύν,
435 2993 457 3062 d
481 2993 589 3075 ἄριςε,
612 2996 681 3061 είσέ
703 3019 773 3074 μοι,
792 2994 978 3078 Φυλοίξοαεν
1003 2998 1057 3061 ίαν
1088 2997 1127 3062 σὺ
1154 3000 1210 3079 μὲν
1234 3005 1328 3075 είκισι

141 3102 292 3171 τάλαντα
315 3104 423 3184 λαβὼν
447 3101 522 3185 [xpc
555 3101 568 3166 ί
575 3102 658 3172 δια,
682 3097 781 3183 ἕτερον
805 3102 838 3168 δὲ
861 3102 1107 3180 πεντεκαίδεκα,
1135 3103 1188 3170 ubi
1211 3118 1241 3175 et
1267 3115 1328 3199 ίδίρι

140 3204 382 3275 restituendum
422 3217 471 3274 est
511 3215 543 3271 et
578 3205 618 3271 ab
655 3207 747 3271 initio
781 3203 1039 3272 emendandum:
1086 3216 1170 3285 Πῶς
1210 3212 1259 3282 on
1283 3258 1328 3269 .-

139 3310 350 3399 φυλιίξορνοις
382 3310 466 3378 Utile
510 3314 572 3378 erit
608 3309 706 3377 simui
749 3312 860 3397 parteis
900 3309 1068 3379 estendere
1103 3336 1199 3402 qnam
1235 3343 1329 3413 saepe

138 3419 193 3489 M
225 3424 259 3485 et
288 3416 352 3501 ίδίρ
386 3417 662 3503 permisceantur,
699 3425 732 3482 ut
768 3416 853 3503 apud
884 3415 1057 3485 Diodorum
1088 3419 1153 3488 Sic.
1176 3424 1241 3492 XV·
1272 3437 1325 3500 78.

141 3526 199 3595 ubi
224 3522 376 3590 inlibris
405 3522 556 3588 omnibus
578 3532 627 3589 est
658 3523 827 3597 διακοσίαις
856 3524 944 3590 ναυσί
967 3526 1241 3612 διακληροῦνται,
1272 3537 1328 3603 sed

139 3629 324 3701 eeriissime
355 3628 577 3694 emendatione
609 3626 851 3694 rescribendum
884 3627 1041 3704 διακοσίας
1065 3639 1139 3707 ναῦς
1160 3636 1222 3721 tite
1250 3656 1329 3716 m„

138 3742 292 3823 ριῦνσιιο,
331 3734 415 3821 qrrcd
454 3734 624 3819 occuparit
666 3731 838 3800 emendare
879 3732 1074 3803 bindorsrus.
1135 3740 1226 3826 Apud
1268 3745 1326 3813 ite·

141 3841 343 3913 mcutbenem
389 3860 419 3926 p.
456 3843 563 3915 1152,
600 3845 630 3904 7.
674 3838 746 3903 iibri
788 3837 959 3906 exhibent:
1000 3844 1052 3908 καί
1093 3846 1225 3925 κρύβδην
1265 3854 1327 3939 ι’δίρι

138 3946 370 4033 ψηφισαμένων
387 3951 448 4010 σῶν
480 3947 624 4019 δικαςῶν,
651 3944 799 4009 Reisirius
827 3946 946 4031 optime
975 3946 1108 4027 κρύβδην
1131 3950 1327 4038 διαψηφιη.

139 4052 241 4135 μίνων
269 4050 422 4117 restituit.
472 4050 575 4116 Siuriii
612 4049 705 4115 modo
737 4055 959 4136 ρ.8115,15.
995 4050 1155 4120 titubatur
1185 4057 1217 4123 iu
1252 4061 1325 4132 Ced.

140 4158 176 4225 S.
200 4156 259 4244 qui
282 4161 389 4221 servet
423 4157 530 4221 πολλὰ
561 4156 754 4237 διεκὲρδανα;
780 4175 838 4242 pru
865 4157 971 4223 πολλοὶ
1003 4157 1065 4242 ίδίρι
1093 4159 1262 4242 κερδοίνας,
1295 4180 1327 4235 et

140 4282 174 4351 p.
198 4266 303 4339 1033,
326 4265 359 4327 9.
397 4259 451 4326 ubi
487 4281 544 4348 pre
578 4262 676 4346 λοίίρρι
709 4263 771 4327 καί
805 4262 886 4346 ίδίρι
918 4262 1167 4344 κρυψσίμενοι
1202 4273 1328 4351 τούτους

139 4368 218 4435 ced.
243 4366 276 4435 S.
300 4365 428 4434 exbibet
457 4368 510 4432 καί
539 4366 799 4449 διακρυψάμενοι,
829 4386 1014 4454 perperam,
1040 4379 1073 4435 ut
1103 4372 1200 4441 rides.
1249 4380 1328 4463 tntis
