2940 5010
706 292 769 353 ilii

147 486 191 531 νιν
222 462 327 543 ἡμῶν,
361 460 392 527 id
424 458 509 548 quotl
539 467 571 527 et
598 482 636 528 eu
671 472 786 529 natura
819 462 906 528 venhi
937 462 1079 546 προέχειν
1109 463 1327 530 uneeessmium

145 574 214 647 est,
245 573 279 633 et
308 566 452 632 omnium
488 565 608 633 Graece
641 568 852 635 scribentium
887 577 1040 655 perpetuu
1066 588 1125 634 usu
1152 567 1325 634 stabilitur.

145 672 307 749 Tenetur,
329 669 446 748 eredo,
472 670 647 759 Xenophon
677 673 788 740 eatlem
811 672 880 759 lege
904 692 968 759 qua
990 693 1122 750 omnes,
1148 682 1183 739 ut
1207 671 1327 740 ritlieu·

145 775 212 845 lum
243 776 287 844 sit
317 777 475 863 suspicari
508 776 701 845 eollultuisse
724 780 754 845 ei
775 776 873 845 semel
897 777 1076 861 προέχουσιν
1100 777 1325 859 insistimus.

144 879 228 965 unit
250 882 279 947 si
300 882 455 966 διαφέρειν
479 902 553 949 eum
582 884 765 950 accusativo
786 884 920 969 iungere
943 885 1015 970 quis
1039 881 1155 950 vellet?
1180 884 1253 970 quis
1272 904 1326 970 pa·

144 986 264 1055 tientes
286 986 385 1053 lenset
407 1007 511 1074 neque
533 1007 607 1055 eum
639 991 695 1075 qui
724 990 771 1055 sio
801 988 957 1055 scriberet
980 1006 1037 1075 pro
1069 986 1168 1055 stulto
1197 987 1325 1054 stolido·

144 1110 208 1179 que
240 1090 396 1159 haberet?
443 1091 606 1159 Permulta
630 1102 706 1160 sunt
738 1114 821 1180 quae
853 1101 986 1160 venusta
1018 1096 1162 1178 sciteque
1192 1100 1327 1179 possunt

144 1195 311 1282 solentque
335 1198 466 1276 novari,
490 1198 524 1263 in
549 1196 600 1263 his
623 1199 776 1265 nonnulla
799 1197 993 1275 audaciora,
1017 1197 1072 1264 sed
1104 1198 1258 1281 διαφέρειν
1281 1222 1326 1264 πι·

142 1302 191 1377 sle
214 1309 248 1368 et
270 1302 412 1384 προέχειν
435 1302 537 1380 πινίρ,
570 1304 752 1391 similiaque
777 1304 884 1369 omnia
907 1303 1030 1369 ratione
1058 1315 1090 1370 et
1122 1322 1184 1369 usu
1211 1301 1325 1368 confir·

144 1414 232 1475 mats
264 1426 383 1474 novare
418 1406 499 1473 velle
532 1409 724 1475 insanientis
756 1418 815 1476 est.
863 1406 925 1475 Setl
953 1428 1016 1473 non
1048 1408 1128 1474 satis
1158 1416 1207 1474 est
1240 1408 1327 1489 προέ-

142 1535 253 1595 χουσιν
275 1514 359 1591 ὐμῶν
390 1512 587 1592 correxisse,
619 1534 678 1600 pro
707 1514 748 1579 ἑνί
779 1514 811 1581 δὲ
834 1516 915 1595 μένῳ
938 1512 1174 1580 emendandum
1205 1520 1254 1580 est
1288 1510 1304 1578 ἓ
1311 1538 1326 1578 ν

143 1616 177 1683 δέ
206 1616 327 1698 μένεν
358 1618 539 1701 προέχουσιν
562 1621 670 1698 ἡμῶν,
702 1619 756 1685 eui
778 1617 995 1685 emendationi
1025 1616 1148 1704 aliquid
1176 1617 1328 1704 praesidii

142 1720 238 1789 allert
270 1722 477 1802 Priscianus,
511 1724 618 1812 (euius
653 1722 758 1789 losum
793 1724 871 1790 lntt.
906 1720 1137 1810 apposuerunt)
1172 1720 1204 1788 ἓν
1238 1725 1327 1802 μόνον

142 1828 326 1911 τρέχουσιν
348 1831 456 1904 ἱππεῖς
481 1832 565 1906 ἡμᾶς
585 1849 604 1896 e
622 1828 832 1916 Xenophonte
851 1828 1009 1907 laudam,
1033 1827 1089 1894 sed
1110 1826 1231 1913 absque
1243 1829 1327 1894 Pris-

141 1934 240 2002 siano
259 1933 389 2012 luisset,
410 1942 535 2020 poterat
558 1933 643 2000 idem
666 1954 706 2000 ex
729 1933 875 2020 diligenti
899 1933 1090 1999 Graecitatis
1108 1932 1329 1999 observatione

141 2038 292 2125 reperiri.
337 2038 457 2125 Nempe
479 2038 601 2105 dicitur
632 2037 762 2125 quidem
788 2038 930 2121 προέχειν
955 2040 1082 2118 πλιίύει,
1105 2038 1217 2122 οὐσίᾳ,
1239 2037 1328 2103 δυνοί·

141 2168 217 2225 μοι,
238 2142 417 2223 οὐξιύματι,
449 2143 539 2227 δόξᾳ,
575 2144 741 2227 ἐμπειρίᾳ,
765 2144 962 2227 εὐδαιμονίᾳ,
992 2142 1116 2228 τόλμᾳ,
1137 2144 1240 2226 ρ’ὐμρ,
1264 2144 1327 2218 ἧλι-

141 2250 220 2335 ste,
243 2248 370 2336 aliaque
399 2249 581 2336 permulta,
604 2248 660 2315 sed
691 2256 741 2314 est
770 2247 931 2333 quoddam
952 2246 1179 2314 vocabulorum
1208 2266 1328 2333 genus,

143 2352 233 2443 qnod
265 2374 340 2421 eum
377 2354 562 2421 huiusmodi
595 2351 702 2419 verbis
742 2356 955 2440 compositum
989 2363 1078 2420 sento
1112 2362 1330 2441 perpetuoque

142 2460 292 2527 omnium
314 2479 376 2527 usu
400 2460 432 2525 in
457 2459 640 2527 accusativo
672 2458 747 2545 poni
775 2459 877 2538 solet,
907 2458 1088 2526 cuiusmodi
1120 2467 1197 2525 sunt
1223 2458 1328 2535 οὐδέν,

142 2566 197 2641 πί,
220 2572 254 2631 el
276 2563 480 2631 indefinitum
497 2589 550 2641 πι,
573 2563 654 2629 πολύ
677 2572 784 2631 πλεῖον
807 2574 956 2641 πλεῒςον,
979 2566 1083 2644 ὀλίγον
1102 2563 1234 2630 ἔλασσον
1255 2562 1329 2629 έλοί·

140 2692 255 2755 χιςον,
286 2670 334 2737 sic
364 2679 397 2737 et
427 2670 534 2736 πολλοί
558 2678 590 2736 el
613 2669 708 2747 ὀλίγα
737 2677 769 2736 et
790 2672 873 2750 ὀλίγ’
904 2669 1011 2749 ἄσσα,
1044 2668 1075 2735 ἕν
1098 2678 1130 2736 el
1159 2667 1192 2735 ἓν
1220 2668 1328 2749 μένον,

140 2780 258 2855 τοῦτο,
280 2781 407 2855 ταῦτα,
430 2782 593 2854 ποσούτον,
617 2779 759 2841 τοσοῦτον
779 2776 890 2855 μόνον,
913 2776 1024 2856 μέγα,
1045 2774 1193 2856 σμικρόν,
1217 2774 1328 2857 βραχύ

141 2906 199 2959 πι,
230 2888 264 2948 et
290 2879 353 2948 alia
375 2882 552 2969 quaedam,
575 2901 659 2969 quae
681 2880 775 2948 laeile
794 2891 844 2948 est
866 2880 1144 2958 animadvertere,
1167 2880 1328 2967 quintam

141 3006 243 3075 saepe
270 2986 355 3074 apud
384 3007 495 3055 omnes
523 2994 710 3054 occurrunt.
757 2986 793 3053 ln
818 2985 915 3052 verbo
944 2986 1100 3068 διαφέρειν
1129 2986 1328 3071 experimen-

140 3100 217 3159 tum
247 3092 334 3159 sumi
363 3095 497 3179 poterit:
522 3092 618 3158 habet
638 3090 783 3157 dativum
815 3090 1071 3177 significantem,
1099 3112 1160 3177 quo
1181 3089 1260 3176 quid
1288 3089 1328 3156 ah

141 3194 211 3263 alio
224 3194 369 3263 dill'ersl:
393 3196 449 3264 sed
471 3200 553 3265 istae
575 3196 726 3276 nosulae,
749 3216 829 3282 quas
851 3194 1010 3273 diximus,
1034 3197 1066 3261 in
1079 3196 1262 3262 accusativo
1274 3216 1327 3282 ap

141 3309 331 3391 ponuntur:
361 3303 444 3369 οὐδὲν
467 3303 626 3387 διαφέρει,
649 3303 682 3369 πί
704 3303 864 3388 διαφέρει,
889 3303 970 3369 πολὺ
1002 3301 1162 3384 διαφέρει,
1185 3297 1217 3366 ἓν
1238 3301 1328 3381 μόνον

140 3404 284 3491 διαφέρει
315 3414 379 3473 eto.
425 3407 545 3475 Eadem
580 3416 629 3475 est
664 3410 746 3475 ratio
782 3409 815 3474 in
850 3407 1001 3488 προέχειν.
1055 3406 1211 3475 llioelsant
1246 3408 1329 3475 οὐδέν

140 3510 309 3595 προέχειν,
333 3513 367 3579 πί
389 3514 535 3596 προέχει,
567 3515 647 3579 πολὺ
670 3513 854 3597 προέχουσι,
884 3518 1027 3578 τοσοῦτον
1050 3513 1194 3596 προέχει,
1219 3514 1328 3601 itaque

139 3614 256 3685 sotem
286 3616 381 3683 modo
411 3616 442 3684 ἓν
470 3620 559 3698 μένον
587 3619 729 3701 προέχειν
759 3617 903 3685 solebant
934 3616 1059 3695 dicere,
1095 3616 1191 3706 itique
1222 3619 1328 3704 ipsum

139 3720 348 3811 Xenophonti
371 3721 607 3790 restituendum
631 3744 700 3791 esse
723 3743 847 3790 censeo.

192 3825 229 3893 lu
260 3830 352 3914 525.
384 3828 560 3907 ἕπιςιίμεύα
590 3829 653 3911 γὰρ
688 3831 835 3906 Μυσοὺς,
869 3828 919 3903 οὓς
943 3832 997 3897 οὐκ
1020 3828 1058 3896 διν
1082 3832 1164 3908 ἡμῶν
1187 3830 1328 3910 φαίημεν

139 3934 292 4013 βελτίους
316 3929 418 4013 εἶναι,
442 3932 470 4001 οἳ
496 3935 665 4022 [βασιλέως
689 3933 826 4021 ἄκοντος]
854 3935 885 4000 ἕν
908 3945 947 4017 πέρ’
965 3933 1123 4014 βασιλέως
1142 3935 1229 4017 χώρᾳ
1252 3949 1327 4000 πολ·

138 4036 207 4113 λίς
228 4063 267 4106 οε
287 4039 340 4105 καί
361 4040 547 4119 εὐδαίμονας
569 4041 621 4107 καὶ
646 4040 796 4120 μεγοίλας
820 4038 926 4114 πόλεις
949 4042 1088 4106 οἰκοῦσιν.
1120 4039 1155 4105 ln
1181 4038 1232 4105 his
1254 4059 1328 4107 asu·

141 4154 181 4213 te
209 4144 373 4233 perspexit
404 4143 587 4211 iliodorlius
612 4144 801 4232 interpolata
835 4165 905 4211 esse
927 4145 1025 4212 verba
1053 4144 1209 4223 βασιλέως
1240 4144 1329 4212 οίιιον-

142 4274 222 4329 soe,
257 4248 355 4337 ithue
385 4250 482 4317 etiam
515 4250 666 4319 Codicum
703 4249 872 4319 meliorum
911 4249 1030 4317 indicio
1063 4250 1248 4317 coinfirmari
1278 4251 1331 4318 do-

144 4355 228 4425 euit.
276 4354 476 4424 lleetissime.
509 4357 570 4424 Sed
603 4358 684 4444 sugit
707 4376 781 4423 eum
814 4356 900 4424 aliutl
924 4356 985 4426 loei
1009 4356 1144 4424 vitium:
1169 4357 1333 4444 conligen-
