2940 5010
692 263 751 325 lut

126 444 185 506 τοῦ
208 440 304 506 αὐτοῦ
325 438 411 504 κατά
432 440 469 505 τὸ
493 435 659 512 παίντικὸν
685 438 910 518 παρακείμενον
936 437 967 503 ἐν
990 446 1029 521 τῇ
1052 439 1139 523 τρίτς
1161 439 1316 525 συζυγίᾳ,

129 564 271 632 namque
295 553 362 612 tam
393 542 526 631 puerilis
548 551 596 609 est
625 550 657 609 el
678 541 983 627 Constantinopolim
1015 543 1180 624 redolens,
1213 556 1250 613 nl
1276 545 1316 612 ab

127 650 239 737 aliquo
269 650 423 735 scriptam
459 657 567 736 putem
598 649 650 714 oui
682 650 813 727 ἀτιμοῦν
838 656 870 712 ει
895 649 1014 726 ἀτιμάν
1045 647 1151 716 dicere
1180 650 1315 738 perinde

128 773 202 823 σεεν
226 753 400 821 uideretur.
449 754 506 819 lsti
536 754 597 839 ipsi
621 772 692 820 sero
723 754 790 817 nati
815 751 962 819 Graeculi
990 754 1023 819 in
1058 754 1210 822 Veterum
1235 757 1313 822 seri·

128 860 197 948 plis
227 868 294 927 tam
333 878 427 945 saepe
459 859 656 946 ineptissime
689 860 865 937 ἀτιμῶσαι,
898 860 1054 938 ἀτιμάσαι
1091 870 1123 926 et
1157 862 1311 940 ἀτιμῆσαι

127 963 356 1035 uonluderunt.
403 970 550 1044 Ἀτιμοῦν
574 965 606 1028 iu
632 962 735 1029 soluta
759 964 940 1030 Atticorum
961 967 1104 1032 oratione
1133 986 1259 1054 semper
1281 977 1314 1034 et

126 1062 249 1157 nmque
273 1069 434 1156 signifieat
456 1081 563 1136 ποιοιο
585 1069 720 1157 infamio
740 1088 829 1135 reum
853 1069 886 1134 iu
912 1069 1031 1136 iudicio
1052 1069 1312 1140 condemnatum.

123 1177 259 1256 ’Λτιμία
282 1185 331 1243 est
354 1158 413 1242 hoo
448 1177 553 1262 ipsum
587 1194 707 1263 poenae
731 1195 854 1259 genus,
886 1175 970 1261 quod
1002 1175 1128 1262 legibus
1156 1181 1312 1247 eonstitu-

127 1290 200 1351 tum
224 1282 382 1369 optimum
406 1284 458 1348 ius
482 1283 624 1347 civitatis
647 1289 703 1348 aut
738 1282 867 1367 perimit
897 1289 956 1347 aut
983 1282 1117 1349 minuit:
1154 1284 1262 1372 itaque
1285 1288 1312 1352 οί

124 1386 236 1469 ἀτιμοι
258 1398 322 1461 τοῖς
356 1389 508 1467 ἐπιτίμοις
540 1396 747 1473 opponuntur
777 1387 846 1464 eie,
877 1397 909 1453 ul
935 1386 969 1453 hi
1000 1387 1066 1454 sint
1098 1389 1178 1456 eires
1198 1391 1311 1477 optimo

122 1494 214 1574 ίοιτο,
239 1493 284 1560 illi
307 1492 451 1559 iudicum
474 1493 644 1560 sententiis
662 1491 808 1559 damnati
831 1493 942 1578 eapitis
962 1492 1204 1562 deminutionem
1221 1500 1308 1584 porri

122 1600 201 1667 niul.
250 1597 331 1666 Nola
362 1597 441 1666 liaeo
474 1608 549 1665 sunt
584 1597 752 1676 omnihus,
787 1597 929 1664 sednon
964 1619 1074 1667 omnes
1108 1601 1141 1666 in
1168 1610 1310 1690 temporo

123 1706 344 1773 meminerunt
371 1716 478 1771 notare
500 1705 634 1791 infamio
658 1705 787 1770 nonnisi
810 1707 941 1782 ἀτιμοῦν
966 1704 1072 1770 Attice
1100 1705 1164 1772 dici
1197 1727 1309 1793 posse,

122 1830 230 1898 aquo
252 1818 320 1878 toto
344 1810 431 1876 eoelo
466 1808 596 1876 differre
627 1808 803 1891 ἀτιμάζειν.
850 1808 971 1875 Eodem
1005 1809 1097 1876 modo
1129 1811 1305 1881 absurdum

122 1924 172 1985 ol
194 1914 302 1983 (liuere
324 1918 395 1989 τοὺς
426 1916 557 1995 ἀτίμους
584 1916 758 1993 ἐντίμους
790 1923 886 1981 ποιεῖν
915 1935 971 2001 pru
1004 1917 1186 1996 ἐπιτίμους.
1222 1927 1255 1985 et
1278 1920 1306 1985 si

122 2020 252 2108 quaudo
275 2021 456 2088 scribarum
481 2022 607 2087 incuria
627 2022 841 2107 easnriptura
864 2021 1025 2099 ooourrit,
1050 2042 1107 2108 pro
1132 2022 1232 2090 nilrilo
1252 2023 1307 2092 ha·

122 2124 191 2194 luite
224 2127 377 2194 Codicum
409 2128 602 2194 auctoritate
641 2126 870 2205 fallacissima,
909 2128 1068 2207 ἐπιτίμους
1110 2128 1307 2198 confidenter

122 2232 267 2299 emenda.
320 2230 500 2320 Opponitur
531 2234 618 2298 enim
648 2233 663 2297 d
695 2231 815 2312 ἔντιμος
846 2234 888 2314 τῷ
920 2233 1121 2316 ἀπιμασμένῳ
1156 2234 1307 2321 quemad·

122 2337 253 2405 mudum
279 2339 292 2404 ί
317 2341 458 2419 ἐπίτιμος
482 2340 524 2419 τῷ
549 2338 729 2420 ἀτιμωμὲνῳ
749 2338 817 2404 sive
839 2340 882 2420 τῷ
905 2339 1031 2421 ἀτίμῳ,
1054 2349 1087 2405 el
1110 2339 1203 2426 plene
1223 2339 1305 2407 idem

122 2452 172 2511 eet
188 2445 358 2524 ἠτιμῶσθαι
382 2454 479 2530 alque
497 2452 554 2520 τῆς
576 2444 735 2524 ἐπιτιμίας
760 2444 936 2526 ἕτερῆσίαι,
960 2443 1230 2530 quemadmodum
1243 2451 1305 2522 ἠτι·

122 2549 238 2630 μάοίαι
264 2560 312 2615 est
336 2552 493 2631 ίςερῆσίοοι
526 2557 630 2627 τιμῆς.
678 2548 791 2635 ltaque
822 2548 956 2616 emenda
987 2548 1091 2617 obiter
1122 2549 1306 2638 psephisma

122 2654 205 2743 uptld
227 2655 432 2723 Demosthen.
457 2656 544 2721 κατά
567 2655 704 2735 Νεαίρας
729 2676 759 2742 p.
786 2659 893 2735 1380,
920 2659 980 2721 25:
1005 2654 1211 2738 Ἱππνκράτνςς
1233 2654 1302 2725 alm

122 2760 300 2834 Πλαταιέας
333 2760 380 2849 (l.
406 2760 588 2847 Πλαταιάς)
620 2756 697 2826 εἶναι
731 2762 907 2836 Ἀθηναίους
937 2762 1130 2840 ἐντίμους
1163 2762 1303 2844 καίάπερ

122 2868 142 2934 u
165 2865 449 2943 determinentur,
475 2868 541 2930 ἰιιιι)
563 2886 636 2931 vero
665 2867 837 2945 ἐπιτίμους.
886 2865 987 2951 Turpi
1017 2885 1126 2931 errore
1152 2867 1305 2935 scribitur

122 2974 151 3038 iu
176 2970 288 3038 eadem
312 2980 392 3037 orat.
417 2992 448 3058 p.
474 2977 578 3051 1545,
604 2976 666 3037 12:
701 2975 744 3045 είς
768 2973 924 3055 ἕσχάτονς
951 2971 1102 3045 κινδύνους
1127 2973 1305 3053 κατέςιιμεν

122 3079 186 3160 rapi
207 3102 243 3144 τε
267 3085 323 3153 τῆς
353 3078 498 3159 πατμιάος
528 3081 580 3142 καί
614 3079 695 3158 περί
730 3079 905 3159 ἀτιμίας.
939 3078 1145 3163 perspicuum
1179 3088 1229 3144 est
1253 3100 1301 3148 re·

122 3183 222 3272 quiri:
246 3183 298 3249 καί
324 3182 408 3264 περὶ
432 3192 500 3258 τῆς
525 3181 741 3259 ἐπιτιμίας.
788 3183 847 3249 Est
866 3183 964 3249 ellam
988 3181 1110 3269 aliquid
1137 3184 1223 3250 iulet·
1246 3211 1301 3252 κα-

122 3296 280 3371 ταφρονεῖν
304 3298 336 3355 et
359 3289 545 3371 ἀτιμάζεινε
572 3286 650 3352 illud
671 3289 757 3353 enim
778 3296 827 3354 est
850 3298 1064 3366 contemnere,
1089 3307 1154 3353 non
1174 3310 1303 3369 rurore,

122 3395 201 3462 ιιίίνίί
223 3393 359 3470 ταυτασί,
384 3392 444 3458 lroo
468 3393 582 3459 dooere
605 3403 634 3457 et
656 3394 829 3458 reverentia
852 3393 984 3478 dippum
1009 3393 1226 3461 contumeliose
1248 3396 1303 3462 ίιο·

122 3501 208 3567 lere:
233 3500 343 3586 ideque
366 3498 513 3564 homines
536 3504 761 3582 καταφρονοῦσι
784 3499 841 3579 μὲν
865 3499 971 3579 ὁμοίως
993 3505 1052 3564 τῶν
1074 3522 1110 3564 τε
1134 3498 1227 3577 ἀξίαν
1249 3504 1301 3568 καί

122 3613 176 3674 τῶν
205 3607 273 3685 μή,
308 3604 494 3686 ἀτιμάζονσι
526 3605 557 3670 δὲ
582 3605 690 3684 μόνους
724 3605 794 3678 τοὺς
828 3602 982 3682 ἀναξίους.
1031 3603 1169 3671 Librarii
1202 3608 1303 3692 igilur

122 3710 174 3779 ubi
195 3712 353 3790 ἀτιμῶσαι
377 3719 410 3776 et
437 3709 594 3789 ἀτιμάσαι
625 3709 847 3787 confundunt,
878 3718 934 3776 uul
966 3712 1155 3789 diruptiones
1180 3720 1211 3777 el
1234 3716 1301 3779 ἀτι-

122 3818 272 3893 μασθῆναι
305 3817 406 3882 risum
432 3813 688 3900 intelligentibus
711 3823 861 3894 mouent,
893 3813 947 3880 sed
978 3835 1071 3902 saepe
1103 3826 1210 3882 tamen
1245 3818 1303 3882 im·

122 3940 205 4009 puna
244 3921 331 3987 nullo
368 3919 645 3987 animadvertente
681 3921 757 3986 talia
790 3921 1035 3987 commiserunt.
1090 3921 1125 3987 ln
1161 3921 1303 3989 Platonis

122 4026 270 4114 Apologia
301 4047 333 4114 p.
353 4031 407 4092 30.
438 4026 473 4091 u.
527 4023 758 4093 stalthanmms
792 4025 837 4091 nil
867 4024 943 4091 mali
977 4025 1146 4110 suspicans
1180 4026 1298 4095 edidit:

122 4134 172 4214 tet
195 4133 253 4212 plu
277 4132 340 4214 γάμ
371 4133 454 4198 οὐδὲν
477 4129 516 4195 ἀν
538 4131 695 4214 diducto
722 4131 793 4200 οὔτε
813 4132 959 4207 Μίλητος
990 4132 1060 4197 οὔτε
1085 4133 1229 4207 Ἄνυτος.
1254 4170 1291 4182 -

122 4238 306 4305 ἀποκτείνειε
335 4237 454 4318 μίντάν
484 4235 555 4310 ίσονς
579 4239 597 4315 ἀ
622 4236 798 4316 ε’ξελάσειεν
824 4240 841 4316 ἢ
874 4236 1135 4317 ἀτιμάσειεν.
1183 4237 1299 4308 Neues·

122 4345 236 4412 tarium
253 4346 437 4426 ἀτιμώσειεν
458 4340 631 4410 lllmsleius
650 4342 726 4412 olim
748 4343 768 4410 l.
787 4343 806 4411 Ι.
830 4343 939 4431 reponi
961 4343 1118 4420 iusserat,
1143 4340 1198 4410 sed
1217 4344 1293 4430 quia
