2940 5010
700 268 765 332 782

140 458 227 523 λιιι,
250 444 455 532 perspicuum
479 449 528 511 est
548 441 633 509 enim
654 440 863 526 ἐξολιίψοριιν
886 440 1019 509 rescribi
1040 438 1201 531 oportere.
1245 444 1316 515 &s-

140 555 226 638 petit
250 559 281 617 et
300 558 328 633 ψ
346 551 431 615 inter
451 569 486 615 sc
506 549 740 635 permiscentur
765 556 798 614 ut
825 549 857 614 in
875 547 962 633 ὄφεις
983 586 1027 599 -
1045 548 1155 632 ὄψοις,
1177 552 1313 635 φίλοι-

139 655 228 739 ψιλοί
238 679 246 724 :
275 655 373 722 etium
394 654 470 743 olibi
493 651 649 739 ἐξολείφιι
675 661 708 720 ot
735 653 892 737 ίξιιλιίψιι
917 651 983 720 vitii
1013 654 1165 722 intereo
1195 674 1315 745 permn-

138 767 228 837 totu‚
261 760 359 827 veluti
395 757 480 847 opud
515 759 761 827 Demosthenem
796 779 827 846 p.
854 762 963 837 1358,
988 763 1053 827 10:
1087 760 1191 827 ἆκοιίιι
1225 762 1316 830 vobo

139 865 252 939 circite
275 864 403 945 μέλλειν
424 866 582 947 ἐρήσεσθαι
604 870 667 940 τοῖς
688 866 753 932 cirri
768 867 824 931 rori
841 864 915 946 μηδ’
935 864 1203 945 ἐγγογροιροριένον
1227 868 1317 935 ι’τκ·

139 972 200 1039 λεί
206 976 360 1054 Φονοιν,
384 971 450 1036 imo
471 989 545 1036 uero
564 972 796 1054 οἱποιλείψιιοιν.
844 970 964 1057 Nempe
983 971 1017 1035 in
1035 968 1094 1036 rati
1113 989 1152 1037 rc
1173 977 1241 1046 reis
1260 990 1317 1039 nort

138 1076 249 1143 minus
273 1074 468 1142 coniunctiori
489 1076 645 1141 ooristum
677 1075 815 1161 requirit
838 1093 876 1141 ec
905 1076 933 1141 si
955 1076 1065 1156 βούλει
1088 1083 1149 1143 eut
1174 1077 1320 1158 βούλειίι

138 1189 224 1249 esset
245 1179 412 1247 additum:
436 1186 499 1255 τῶς
522 1180 774 1263 ἁτοιλοίψιιμενς
799 1189 857 1246 eut
877 1186 941 1254 τῶς
962 1180 1116 1261 floriberto
1135 1182 1321 1265 demipo-

140 1307 216 1367 μεν;
239 1285 324 1374 quod
346 1286 379 1350 in
403 1287 547 1352 oratione
578 1284 735 1353 indirecta
764 1284 969 1353 retinendum
996 1304 1066 1353 esso
1088 1304 1188 1353 nemo
1212 1287 1320 1355 nescit,

184 1389 342 1478 impedita
371 1397 405 1457 et
428 1391 540 1457 vitioso
572 1399 620 1457 est
648 1389 818 1456 verborum
851 1391 1040 1478 compositio
1063 1390 1097 1456 in
1121 1390 1149 1458 1.
1175 1395 1217 1460 2:
1248 1389 1319 1461 obre

139 1497 191 1564 κοιί
218 1494 314 1564 innoc
337 1495 553 1576 τολομιςκρίον
576 1497 659 1562 οὐδὲν
680 1495 721 1563 ἂν
744 1494 857 1579 ὄφελος
876 1495 922 1571 rin
946 1497 1006 1565 οὐδ’
1030 1497 1057 1563 οί
1080 1495 1195 1565 τᾶλλο
1217 1498 1320 1565 πάντα

137 1602 249 1681 doctri
270 1601 360 1684 ἔχοι,
385 1602 538 1675 κοικίτονο
566 1602 593 1667 ὃ·
618 1600 674 1676 rin.
723 1602 821 1668 Recte
841 1601 1013 1686 procedent
1036 1603 1147 1669 omnia
1173 1602 1214 1671 ed
1238 1603 1319 1671 butte

137 1706 268 1775 modurn
300 1709 441 1794 scripio:
463 1747 507 1757 —
531 1708 577 1783 εἴν
610 1709 634 1772 εί
665 1711 709 1774 τὰ
741 1708 798 1786 μὲν
830 1706 918 1773 ἄλλοι
949 1708 1057 1775 odora
1091 1711 1208 1786 erate
1238 1709 1322 1793 ἔχοι,

138 1813 292 1888 mortue
314 1814 341 1880 δ’
364 1812 421 1879 εί.

185 1917 479 1986 Vetus-scribendi
513 1919 628 1984 vitium
659 1916 778 1985 insidet
809 1917 877 1985 ioco
898 1918 923 1986 1.
947 1925 987 1986 e:
1021 1921 1056 1987 οὐ
1081 1920 1146 2001 γὰρ
1178 1917 1320 2001 iperiu-

144 2048 305 2100 ττοντες
336 2027 412 2093 ἀλλ’
435 2026 619 2098 ἐκτείνοντες
643 2025 695 2090 τὸν
714 2023 895 2107 τράχηλον,
919 2044 992 2091 nam
1016 2024 1321 2105 οννκοίμττοντεςο

140 2131 360 2219 Xenophontis
384 2150 482 2197 manu
503 2127 680 2218 proiectum
706 2139 763 2195 est.
811 2128 946 2197 Difficile
969 2139 1019 2196 est
1040 2130 1072 2195 in
1095 2131 1213 2199 multis
1235 2131 1321 2199 iibrir

142 2237 218 2305 hiso.
243 2236 425 2304 discernere
452 2244 565 2302 utrum
595 2237 625 2300 ἐν
655 2255 695 2301 en
723 2237 801 2312 civ,
825 2237 865 2315 ἐν
886 2275 930 2288 -
951 2254 992 2301 on
1021 2259 1084 2314 roy
1103 2274 1150 2289 ·-
1168 2237 1321 2324 scriptun

141 2344 205 2420 sit,
229 2343 292 2408 nisi
314 2344 387 2429 quis
408 2341 469 2407 boe
486 2342 554 2426 ogit
577 2348 609 2407 et
632 2340 710 2426 quin
734 2359 860 2427 quoque
889 2339 958 2407 loco
981 2342 1172 2427 requiretur
1195 2343 1320 2429 cogitet.

142 2447 273 2515 Scribas
299 2447 380 2513 nihil
410 2447 553 2530 cogitare
581 2445 665 2511 soliti
697 2455 850 2532 perpetuo
874 2445 952 2513 boec
975 2444 1200 2525 contundunt,
1231 2448 1321 2514 euius

140 2551 338 2620 corriusionis
360 2550 521 2638 permulto
546 2551 594 2617 vel
619 2552 651 2615 in
680 2569 743 2616 uno
766 2548 973 2636 Xenophonte
996 2551 1141 2638 exemplo
1165 2560 1266 2630 sunt,
1288 2562 1318 2620 ut

138 2659 172 2724 in
205 2654 418 2743 Hippur'chico
442 2654 466 2720 Ι.
503 2661 558 2722 18;
599 2657 903 2735 ουνκοιλέοοιντοι
939 2657 970 2722 δὲ
1004 2658 1067 2738 κοί
1101 2658 1176 2731 τοὺς
1205 2658 1318 2732 inseriae

139 2763 375 2844 ουρκβονλεῦοοιι
398 2764 504 2835 αὐτοῖς
524 2765 680 2841 μελετᾶν,
704 2762 736 2825 in
763 2759 852 2825 libris
875 2770 924 2826 cst
945 2759 1085 2828 absurde
1108 2761 1205 2828 ieeiio
1227 2767 1318 2842 ἔγκο-

137 2870 288 2936 λέοοιντιι.
325 2865 403 2932 Mihi
422 2867 552 2932 omnino
573 2864 705 2932 verbnm
724 2865 902 2945 ἑρκοίριττω
926 2865 1049 2932 nulium
1070 2886 1226 2954 nmquam
1246 2868 1317 2936 iuis·

139 2992 174 3039 se
197 2971 345 3051 videtur,
376 2971 432 3038 sed
456 2972 558 3039 sicubi
591 2973 623 3038 in
651 2971 742 3037 tibris
770 2973 912 3038 occurrit
935 2973 1013 3037 vitio
1045 2981 1159 3039 natum
1190 2994 1260 3042 esse
1283 2994 1318 3041 ex

138 3077 350 3158 σογκοίριιιτιι.
398 3078 626 3165 Praeterquam
652 3098 690 3143 ex
715 3077 774 3143 hoc
804 3098 867 3143 uno
894 3076 1113 3164 Xenophontis
1138 3078 1208 3146 loco
1232 3078 1318 3148 eiier·

138 3192 194 3251 tur
213 3204 252 3251 ex
275 3183 421 3269 Eunepio
448 3203 476 3269 p.
496 3187 579 3250 197:
603 3189 661 3248 τῶν
685 3188 759 3260 γοῦν
786 3184 969 3265 γροιφόντων
990 3183 1034 3250 τοὶ
1058 3181 1140 3265 ἄκροι
1162 3186 1318 3253 δακτύλιον

138 3293 197 3356 ὑπὸ
220 3299 276 3366 τῆς
295 3291 433 3365 οὲλιίκτου
456 3289 592 3368 urbisne
611 3288 664 3352 κοιὶ
688 3289 827 3368 χρήσεως
851 3288 1157 3371 ε’νεκείιοιροττο.ἰ
1183 3290 1239 3357 sed
1259 3294 1316 3358 iem

138 3403 232 3460 antea
255 3393 482 3459 admonuimus
513 3394 557 3459 τοι
587 3390 669 3474 ἄκροι
703 3391 785 3481 (τῶν)
822 3394 983 3459 δακτύλων
1019 3403 1051 3459 et
1084 3396 1318 3475 οννοκέκοοροττο

138 3498 301 3564 emendari
325 3505 480 3584 oportere.
529 3496 618 3578 Quod
642 3517 660 3562 e
683 3496 793 3563 Galeni
816 3497 889 3563 hex.
913 3497 1097 3585 Hippocret.
1122 3502 1317 3582 ἑγκικοιμριί

138 3627 179 3668 νοι
203 3601 241 3669 de
263 3602 427 3687 unguibus
448 3601 573 3669 dictum
597 3609 746 3668 coutetur
771 3603 843 3688 quis
877 3602 1013 3688 ambigit
1037 3605 1114 3689 quin
1139 3630 1316 3686 ονγκεκιιρι·

137 3709 222 3787 μένοι
236 3709 330 3774 unice
355 3708 398 3774 sit
421 3706 556 3773 nerum?
582 3706 813 3786 Συγκοίριιιτειν
833 3707 873 3774 de
895 3708 1022 3793 digitis,
1046 3710 1232 3795 unguibus,
1255 3732 1317 3778 mn·

140 3834 206 3892 nu,
229 3834 346 3892 crure,
379 3813 503 3879 cervice
525 3812 597 3877 sim.
630 3814 877 3880 usitatissimum
913 3819 971 3877 est.
1018 3811 1153 3881 Omnem
1186 3837 1316 3904 scrupu-

139 3917 207 3984 lum
231 3920 350 3986 eximet
374 3918 462 3985 iocus
496 3917 715 4004 Xenophontis
740 3921 772 3984 in
798 3917 857 3983 boc
885 3917 953 4003 ipso
987 3916 1092 3984 libello
1114 3920 1184 3988 Xll.
1210 3927 1241 3988 b.
1266 3922 1316 3990 ubi

140 4023 248 4090 eodem
273 4024 367 4110 plone
390 4022 483 4089 moto
506 4023 727 4104 συγκρίμττιιν
762 4033 794 4090 et
819 4023 961 4088 ἐκτείνειν
991 4023 1076 4091 inter
1098 4044 1134 4091 se
1157 4046 1316 4114 opponun-

139 4136 214 4195 tur:
238 4128 291 4194 κοιὶ
316 4129 483 4194 ἕκτείνετοι
506 4129 538 4194 δὲ
564 4129 593 4217 (ἡ
617 4129 700 4217 χεὶρ)
725 4130 777 4195 κοί
811 4127 1070 4208 ονγκοίροττετοιι.
1119 4129 1318 4200 Confidenter

139 4234 240 4318 igitur
264 4234 479 4319 corrigemus:
504 4237 536 4300 οὐ
558 4237 621 4318 γὰρ
645 4233 995 4315 ονγκοίροττοντες
1021 4236 1097 4303 ἀλλ’
1119 4239 1319 4319 ἐκτείνοντες,

141 4346 172 4404 et
205 4337 339 4407 formem
362 4339 551 4421 ἐνκιὶιιιιτο,
580 4341 684 4408 sicubi
709 4341 789 4407 sorte
813 4349 979 4418 recurret,
1010 4341 1153 4411 eiusdem
1175 4354 1319 4413 monetae
