2940 5010
808 248 872 312 eet

242 418 360 486 iactam
382 418 497 486 vitium
530 417 661 485 subesse
688 420 881 507 suspicetur.
930 417 1061 501 Quoties
1094 418 1192 485 etiem
1221 436 1309 486 nuno
1340 416 1427 506 apud

243 522 488 592 Demosthenem
513 521 632 607 legitur
661 522 811 606 ἄνθρωπος
836 523 891 590 ubi
916 522 1104 611 Philippus,
1131 532 1165 591 et
1186 522 1273 611 apud
1298 521 1428 591 hesehi-

245 649 318 695 nem
344 627 397 695 uhi
422 627 651 696 Demosthenes
676 649 750 697 oum
775 637 941 696 contemtu
968 636 1001 695 et
1027 628 1100 694 odio
1123 628 1352 714 significetur,
1373 628 1427 695 uhi

245 732 362 801 Orator
382 742 519 820 uterque
545 731 696 815 ἅνθρωπος
720 734 856 802 dixerat.
906 734 1009 816 Quam
1039 753 1133 821 saepe
1161 735 1237 817 θνθρ
1266 735 1301 801 in
1324 732 1428 801 Comi·

247 858 358 905 eorum
383 839 519 906 senariis
546 839 666 924 iegitur
690 840 721 905 in
746 841 867 927 optimo
895 857 1022 925 quoque
1046 837 1183 919 codiee,
1207 838 1262 906 uhi
1285 846 1428 907 metrum

247 944 373 1031 longam
401 943 554 1033 syiiuham
583 943 723 1029 postulat
751 953 783 1011 et
806 945 966 1011 sententia
986 944 1046 1011 inei
1071 943 1246 1012 artiouium
1271 944 1429 1031 requirit,

247 1059 284 1116 ut
311 1048 397 1137 apud
423 1048 511 1115 Stoh.
536 1048 603 1115 Eoi.
628 1047 756 1137 Physio.
780 1049 805 1116 i.
831 1070 872 1116 ιν.
898 1054 952 1116 50.

425 1156 532 1236 ἐχθρὸς
554 1156 612 1233 μὲν
634 1156 708 1236 ανὴρ
730 1152 820 1220 ἄλλα
842 1156 898 1230 τὴν
921 1153 1017 1228 Δθκνν
1040 1154 1134 1234 σὲβνν.

246 1257 302 1325 uhi
333 1257 510 1326 Heerenius
540 1279 598 1345 pro
632 1278 691 1325 sua
724 1260 818 1325 metri
852 1258 967 1345 peritia
997 1258 1098 1325 edidit
1128 1259 1235 1342 ἐχθρὸς
1264 1260 1344 1343 ἀνὴρ
1370 1260 1428 1341 μέν

247 1362 433 1430 trochaeum
466 1383 586 1453 ponens
615 1364 648 1430 io
672 1365 776 1451 prima
805 1362 900 1430 sede:
931 1362 1115 1429 emendavit
1146 1362 1253 1429 looum
1288 1363 1428 1432 daisior·

246 1466 330 1547 dus,
352 1476 385 1536 et
408 1467 493 1557 apud
521 1467 731 1536 Plutarchum
753 1470 785 1535 in
809 1466 952 1535 Aristide
977 1488 1047 1555 cap.
1066 1468 1119 1534 lv.

427 1577 522 1658 σοφὸς
545 1576 609 1657 γὰρ
632 1577 705 1657 ἀνὴρ
728 1584 784 1651 τῆς
807 1574 839 1640 δὲ
861 1573 963 1656 χειρὸς
986 1576 1019 1640 σύ
1043 1578 1179 1656 κρατῶν,

244 1677 302 1743 ohi
334 1677 583 1746 Valckenaerius
616 1680 646 1745 in
683 1680 783 1746 Biatr.
817 1700 849 1767 p.
874 1682 950 1745 220.
981 1687 1089 1745 vetere
1120 1678 1281 1764 opinionis
1319 1700 1429 1751 εττοτσ

243 1785 320 1865 -θνήρ
344 1785 505 1870 reposuit,
535 1804 617 1870 quae
651 1785 765 1851 lioniea
797 1785 898 1849 orasis
925 1792 995 1861 est,
1027 1784 1169 1850 httionm
1200 1786 1274 1867 ἁνήρ
1302 1788 1430 1873 primns

247 1889 393 1954 restituit
419 1888 620 1957 Sohaeierus.
668 1889 824 1956 Similiter
848 1891 966 1975 passim
994 1898 1161 1977 peecatum
1188 1899 1239 1956 est
1269 1890 1303 1955 in
1333 1890 1431 1959 codd.

247 1992 396 2058 onroihus
416 1994 448 2059 in
470 1997 575 2075 θγθν,
600 1996 758 2078 ἀδελφός,
782 1995 965 2071 Ἀπόλλων,
988 1992 1070 2059 aiiis.
1116 1992 1254 2060 diuitum
1276 1994 1372 2063 abest
1394 2006 1431 2065 ut

243 2096 339 2164 hodie
371 2099 419 2165 vei
447 2119 465 2165 e
490 2101 594 2186 poetis
624 2099 733 2166 sordes
761 2098 943 2165 istiusmodi
974 2118 1085 2166 ornnes
1119 2100 1187 2166 sint
1217 2110 1430 2188 expurgatae.

245 2203 304 2270 Ubi
328 2212 467 2271 metrum
492 2202 637 2272 imrrdenr
661 2206 778 2290 retegit
798 2204 909 2271 critici
937 2202 1041 2269 oihoio
1063 2223 1122 2269 suo
1142 2203 1350 2290 iunguntur,
1374 2206 1429 2274 uhi

245 2316 386 2374 metrum
410 2308 534 2376 saivutn
556 2319 605 2376 est
625 2310 734 2375 minus
751 2309 922 2376 attendunt
941 2308 1106 2387 animum,
1130 2318 1166 2376 ut
1186 2309 1219 2375 in
1244 2309 1430 2399 Lysistretu

248 2416 322 2479 166.

516 2523 549 2587 σθ
571 2521 634 2603 γὰρ
657 2521 795 2587 οὐδέποτ’
818 2521 1062 2601 εὐφρανθήσεται

426 2623 522 2704 ἁνήρ,
545 2626 601 2690 tato
623 2628 667 2705 pair
691 2636 730 2709 τῇ
753 2625 878 2704 γυναικὶ
901 2627 1062 2708 συμφέρῃ,

246 2729 319 2814 quis
339 2729 528 2813 praesentim
548 2729 732 2796 admonitus
755 2750 816 2795 oon
839 2728 926 2796 videt
952 2730 1073 2816 requiri
1095 2729 1191 2809 θνήρθ
1238 2728 1312 2797 Alio
1334 2732 1430 2802 modo

246 2836 278 2899 in
304 2831 414 2899 eodem
436 2853 472 2900 re
497 2843 661 2919 peecatum
686 2844 733 2901 ost
759 2836 790 2900 in
815 2834 936 2900 hvihus
966 2854 1012 2900 vs.
1039 2840 1115 2902 oet.

335 2934 389 3005 εἷθ’
411 2936 430 3005 θ
449 2941 483 3015 ν’
507 2940 669 3007 ’Λτθλλων
692 2940 795 3021 θατρθς
818 2947 852 3019 γ’
875 2941 913 3005 θνν
936 2939 1040 3006 idedu.
1064 2942 1245 3023 μισθοφορεῖ
1263 2942 1310 3008 δέ.

244 3044 299 3110 uhi
324 3044 458 3111 aiteram
481 3046 516 3122 γ’
538 3046 694 3111 omittunt
717 3045 790 3110 lihri
815 3046 949 3132 optinui,
981 3066 1147 3132 perperam
1170 3055 1203 3112 et
1225 3056 1341 3115 contra
1364 3068 1430 3117 me·

244 3159 351 3221 trum.
387 3150 442 3216 sed
474 3151 562 3236 prior
592 3174 633 3229 νε
665 3151 801 3237 pessime
830 3148 972 3215 ahundut
1003 3157 1035 3215 et
1067 3150 1248 3234 magisteilo
1278 3152 1430 3223 debetur.

244 3253 490 3321 Enrendnodum
520 3264 569 3321 est
599 3252 652 3321 εἶθ’
676 3257 839 3323 Ἀπόλλων
862 3255 963 3336 θατρθς
985 3261 1019 3333 γ’
1042 3256 1079 3320 ὣν
1103 3254 1208 3323 ivirio.
1255 3254 1370 3325 Obiter
1393 3262 1428 3329 in

243 3358 353 3425 eadent
378 3358 485 3425 iahuia
508 3381 555 3425 vs.
577 3364 652 3427 722.
1308 3351 1311 3355 ⁵

329 3459 378 3544 ἄρ’
401 3467 434 3530 σθ
457 3471 595 3547 Φανερῶς
619 3470 708 3544 ἡμεῖς
733 3468 804 3546 ὑμῖν
827 3466 920 3545 ἐσμὲν
942 3474 1087 3544 μαντεῖος
1109 3466 1297 3545 ’hardenum

244 3586 359 3633 revoca
382 3569 555 3654 fugitivum
577 3572 751 3637 artieuiurn
776 3572 869 3650 ἐσμὲν
892 3573 906 3636 θ
927 3581 1072 3651 μαντεῖος
1096 3571 1272 3639 'Asiaene
1320 3576 1358 3645 ln
1382 3580 1431 3645 vi·

241 3674 329 3737 einia
353 3693 399 3739 vs.
431 3680 506 3741 705.
531 3674 771 3760 subindigneris
792 3695 853 3740 oon
877 3696 947 3743 esse
971 3685 1131 3763 receptam
1156 3676 1294 3747 Dohraei
1319 3702 1429 3751 ernen-

243 3777 403 3845 dationem
427 3781 629 3847 verissimum
654 3790 686 3847 et
710 3782 913 3868 perspicuam
938 3783 970 3848 in
993 3782 1121 3849 verbis:

1052 3886 1108 3955 ὧδε
1131 3890 1189 3967 μέν
1212 3892 1310 3971 ἐσμεν

286 3988 368 4054 πολὺ
391 3990 601 4070 πρεσβύτατα
625 3992 748 4058 ’.τνθντων
772 3993 929 4073 μακθρων.
955 3996 1044 4072 ἡμεῖς
1068 3994 1095 4059 δ’
1118 3997 1157 4068 θα
1180 3996 1273 4074 ἐσμὲν
1289 4001 1428 4081 Ἔρωτας·

286 4102 413 4168 πολλοῖς
436 4096 546 4173 δῆλον·
571 4098 751 4178 moderate
774 4124 810 4165 τε
832 4100 895 4179 γὰρ
919 4099 970 4164 καὶ
995 4109 1091 4165 τοῖσιν
1111 4101 1197 4182 ἐρῶσι
1221 4101 1395 4184 σύνεσμεν.

240 4199 436 4286 quicumque
469 4204 555 4269 enim
585 4202 644 4269 hoe
674 4212 748 4288 aget
781 4202 901 4269 insidet
924 4205 956 4268 io
988 4203 1120 4269 eandem
1144 4206 1428 4290 emendationem,

241 4324 339 4388 quam
364 4304 525 4373 hobraeus
549 4310 673 4394 primus
696 4315 728 4374 et
757 4308 845 4375 solus
868 4308 1017 4395 protulit:
1050 4308 1105 4376 ὦδε
1129 4311 1187 4390 μέν
1216 4314 1314 4393 ἔσμεν
1345 4320 1428 4385 πολὺ
