2940 5010
703 266 767 329 orl

137 444 199 508 riri
231 441 316 509 ‹looti
342 450 502 528 expuncto
526 441 628 508 altero
657 438 796 507 articulo
819 440 834 504 t
859 440 1234 523 respiramentum:
1262 438 1318 509 ert.

138 546 344 615 scribendum
367 566 436 613 esse
457 552 664 614 censuerunt
712 544 803 628 Quod
822 544 1072 613 Selmeirlerusl
1093 548 1203 629 πατήρ
1224 546 1320 625 utute

138 655 276 720 coniecit
303 652 379 719 lerri
405 672 467 717 uon
492 661 597 739 potest
622 652 661 719 olr
681 671 857 740 pronomen
882 676 925 732 με
952 649 1127 719 additum:
1153 652 1188 718 in
1213 650 1321 719 talibas

138 761 298 842 οτατήρ,
332 760 496 840 ήμήτήρ,
520 759 534 823 l
559 758 621 832 υἱός
652 766 685 825 et
720 756 840 824 similia
874 757 982 823 omnia
1014 756 1207 843 significant
1244 776 1321 823 ιιιοιι

137 874 251 952 pater,
274 885 343 930 meo
367 870 491 940 nsoter,
515 885 603 929 meua
628 862 736 939 lilius,
759 870 841 937 oet:
868 872 903 929 ut
927 863 959 928 in
985 860 1160 931 Oeconom.
1180 861 1254 929 vll.
1278 866 1320 929 ll.

138 973 211 1050 ἐμὸν
235 972 261 1037 δ’
285 969 400 1053 ἔφήτεν
425 971 442 1046 ή
465 971 566 1051 μήτήρ
590 969 676 1051 ἔργον
705 965 782 1036 εἶναι
813 974 989 1052 οινφρονεΐν.
1035 968 1102 1037 Ναὶ
1135 968 1188 1049 μὶ
1220 964 1321 1045 Am

138 1077 250 1155 γύναι,
274 1075 328 1142 καὶ
351 1075 414 1156 γὰρ
439 1074 505 1153 ἐμοὶ
530 1077 545 1138 δ
569 1076 683 1157 πατήρ.
732 1074 839 1140 Alexis
863 1074 1017 1139 Athenaei
1044 1094 1073 1160 p.
1094 1078 1177 1141 Μ.
1201 1072 1242 1141 Ε.

234 1180 390 1263 Στροὶτιε,
413 1188 520 1265 φιλεῖς
543 1181 640 1256 δήπου
662 1205 724 1259 ριες
749 1216 794 1232 -
816 1184 942 1260 μᾶλλον
964 1184 1036 1246 τοῦ
1060 1179 1242 1261 πατρός,

223 1287 237 1351 t
261 1287 318 1365 μὲν
340 1286 404 1366 γὰρ
428 1288 461 1350 οὐ
485 1285 591 1368 τρέφει
614 1309 675 1365 με,
700 1286 739 1351 σὺ
761 1285 793 1351 δὲ
815 1293 919 1359 καλῶς
942 1285 1079 1368 τρέφοις.

139 1394 160 1457 i.
180 1411 208 1458 e.
229 1391 305 1479 plus
329 1412 423 1477 quom
447 1410 556 1456 :neum
572 1399 717 1476 petrem:
741 1389 846 1457 obiter
868 1399 1016 1456 correcto
1038 1397 1180 1456 aooentu
1204 1398 1240 1457 et
1257 1386 1321 1455 sul·

138 1496 205 1562 lata
236 1494 455 1582 interrogandi
480 1504 555 1561 nota
578 1494 703 1561 scribe:
729 1497 882 1577 Στρατήε,
905 1502 1011 1579 φιλεῖς
1034 1497 1134 1572 δήπου
1165 1520 1221 1574 με.
1268 1491 1320 1560 Sel

138 1599 357 1687 exemplorum
383 1600 501 1685 ubique
525 1608 573 1666 est
596 1598 731 1665 allatim.
780 1600 898 1666 Utilius
919 1609 969 1667 est
986 1621 1027 1668 eu
1047 1620 1085 1666 eu
1106 1600 1321 1668 observatione

137 1706 281 1773 locorum
305 1703 518 1790 quorumdam
551 1703 654 1769 lahem
680 1703 920 1791 deprehendere
944 1716 976 1773 et
999 1724 1127 1772 sanare.
1177 1704 1219 1771 ln
1242 1703 1320 1771 llioo·

137 1811 245 1879 rnaohi
269 1809 449 1896 fragmento
472 1807 557 1895 apud
584 1808 783 1875 Athenaeum
817 1829 848 1895 p.
873 1814 916 1876 58
941 1812 977 1875 l.
1002 1810 1054 1877 edi
1080 1809 1194 1876 rideo:

321 1915 462 1981 Οὐτιῒιον
486 1915 549 1996 γὰρ
573 1913 803 1987 καταλιπόντος
828 1938 879 1993 μοι
903 1916 1041 1997 πατρός,

138 2022 223 2111 quod
246 2019 416 2089 manifesto
440 2018 629 2085 mendosum
660 2027 729 2086 est:
764 2021 944 2106 requiritur
967 2022 1053 2086 enim
1077 2022 1093 2085 l
1116 2021 1224 2102 πατήρ
1247 2022 1318 2086 οὐτή-

137 2130 198 2196 erlo
221 2151 273 2208 μοι
296 2127 477 2194 κατέλιπεν.
524 2125 560 2191 lu
582 2124 674 2191 lituris
701 2135 751 2192 est
778 2127 1008 2198 καταλιπόντος
1031 2148 1083 2204 μοι
1106 2132 1162 2193 τοῦ
1188 2124 1317 2209 πατρός,

139 2234 225 2301 unde
247 2233 366 2298 dixisse
390 2231 555 2296 Corrrioum
579 2229 738 2297 arbitror:

321 2338 448 2404 οὐσίδιον
470 2361 521 2416 μοι
545 2336 775 2410 καταλιπόντος
799 2341 853 2402 τοῦ
876 2336 1004 2418 πατρός.
1085 2400 1092 2407 .

139 2448 258 2532 Aperta
296 2442 385 2510 lraus
418 2449 467 2508 est
501 2444 533 2508 in
574 2441 768 2530 Antiphanis
810 2441 991 2529 fragmento
1030 2442 1114 2530 apud
1155 2442 1318 2511 Stubaeum

139 2548 248 2617 Floril.
273 2547 413 2614 LXXIX.
440 2553 469 2613 7.

320 2650 383 2727 ὅτις
407 2653 472 2733 γὰρ
496 2652 648 2733 ὂμᾰλονόν
671 2678 702 2719 τι
726 2656 770 2733 μή
796 2663 880 2720 ποιεῖ
899 2656 1014 2736 πατρί,

139 2759 192 2828 sed
215 2769 440 2847 praeterquam
466 2757 550 2844 quod
574 2762 616 2840 τῷ
642 2761 738 2840 ποιτρή
759 2761 954 2846 requiritur,
981 2769 1013 2825 et
1036 2758 1190 2838 ὁμόλογον
1214 2778 1316 2826 eorru-

138 2876 229 2954 ptum
256 2873 307 2932 est
329 2874 361 2931 et
383 2864 429 2944 μή
454 2872 536 2930 ποιεῖ
558 2865 629 2952 (pro
657 2867 691 2930 οὐ
716 2864 834 2953 ποιεῖ),
868 2874 905 2931 ut
937 2865 1084 2952 suspicer
1111 2872 1254 2932 veterem
1282 2863 1318 2930 tr·

139 2992 257 3038 onnam
282 2991 299 3037 a
323 2970 421 3037 sciolo
447 2980 623 3056 utcumque
655 2970 815 3056 expletam
850 2990 920 3036 esse
947 2977 979 3035 ot
1012 2969 1119 3035 looum
1145 2990 1218 3037 esse
1242 2972 1317 3037 losa·

140 3076 290 3144 nabilem.
338 3076 373 3142 ln
404 3075 473 3143 loco
502 3075 739 3142 Anaxandrirlis
770 3074 855 3162 apud
885 3074 972 3141 Stolr.
999 3075 1108 3141 Floril.
1131 3076 1271 3145 LXXIV.
1295 3084 1317 3140 l.

320 3182 471 3257 Χαλεπή,
493 3182 578 3259 λέγοι
602 3203 667 3258 τοι,
691 3180 743 3246 καὶ
769 3181 961 3263 προσάντης,
984 3177 1007 3247 ὦ
1030 3181 1157 3257 τέκνον,

320 3288 385 3360 ὁδός
409 3289 488 3364 ἐςιν,
512 3289 550 3361 ὥς
574 3289 626 3351 τὸν
650 3288 760 3368 πατέρ’
784 3289 932 3352 οὶπελθεῖν
955 3285 1058 3353 οἴκαδε

321 3396 394 3472 παρ’
418 3392 522 3472 οὶνδρός
535 3441 545 3470 ,
569 3392 635 3469 ήτις
659 3392 704 3461 isi
729 3394 845 3472 κοσμία
869 3393 970 3470 γυνή.-

140 3494 377 3567 emendandum
397 3504 447 3562 est
468 3496 555 3578 τοιροὶ
587 3497 730 3579 τήνδρό
738 3524 771 3575 ς,
803 3520 822 3562 o
845 3498 913 3563 οιίο
936 3518 1012 3562 suo:
1038 3497 1177 3563 maritus
1203 3498 1319 3565 onimt

137 3605 213 3685 ἁνήρ
247 3599 346 3692 (οἱνήρ)
382 3600 521 3678 dieitur,
555 3609 587 3668 et
619 3605 741 3679 uxorei
774 3605 871 3681 γυνήτ
904 3603 1027 3681 γυναικὶ
1060 3604 1106 3681 μή
1137 3603 1248 3672 volscus
1276 3608 1320 3669 etl

138 3709 293 3798 foeminae
315 3705 381 3772 noti
407 3707 553 3783 credere,
577 3705 632 3772 sed
655 3704 735 3781 inu:
760 3710 805 3788 μή
830 3710 905 3789 ἐρεῖς
927 3717 967 3789 τῇ
998 3707 1126 3785 γυναικί
1146 3730 1222 3774 euve
1240 3709 1319 3776 diors

137 3814 232 3881 ιιοιοιι·
256 3823 346 3889 tuoe,
370 3821 403 3878 et
428 3811 586 3879 latissime
612 3810 665 3879 hio
690 3832 769 3879 usus
799 3821 905 3899 patet,
936 3830 1033 3897 quem
1064 3812 1111 3879 sie
1137 3813 1220 3880 satis
1247 3810 1320 3880 inli-

33 3922 42 3937 ’“
138 3939 228 3987 nasse
250 3916 368 3983 videor.

185 4025 220 4089 lu
252 4043 321 4109 cup.
347 4022 401 4088 ΙΙΙ.
427 4027 459 4088 6.
491 4018 578 4088 sirini
607 4048 637 4088 τι
670 4021 719 4091 οὖν
750 4022 829 4097 ἔθνος
861 4026 1049 4105 ήλιήιὼτερον
1076 4024 1251 4107 impulsio:
1283 4045 1326 4093 re·

139 4128 273 4219 spondet
305 4127 493 4195 Niceratus:
525 4130 558 4194 οὐ
582 4130 702 4207 μοὶτόν
729 4132 803 4208 Δί’,
833 4131 937 4196 οὔκουν
969 4128 1078 4232 ἔμοιγε
1107 4132 1233 4197 δοκεῖ.
1279 4130 1326 4199 lll-

138 4236 299 4320 telligisne
323 4254 406 4321 quae
431 4233 536 4300 dioitl
573 4232 641 4299 Non
665 4236 789 4321 opinor.
838 4236 1002 4322 Intelliges
1032 4244 1162 4314 autem,
1194 4236 1254 4303 uui
1282 4256 1327 4303 re

139 4339 322 4428 scripseris:
346 4339 451 4407 οὔκουν
476 4338 583 4420 ἔμοιγε
606 4340 721 4418 δοκῶ,
758 4362 871 4430 nempe
899 4343 1029 4421 εἰδέναι,
1064 4362 1149 4428 qnae
1181 4352 1261 4411 nola
1282 4351 1329 4411 est

139 4443 328 4512 assentiendi
352 4441 463 4509 lorma.
