2940 5010
707 284 771 345 604

152 459 177 520 sl
200 454 354 535 βασιλεύς
378 492 412 505 -
445 480 486 533 με
512 454 690 534 σύμβουλον
714 462 829 521 ποιοῖτο
860 459 982 520 ταῦτ’
1012 452 1053 520 άν
1084 456 1175 535 αὐτῷ
1200 456 1338 535 samad

154 584 245 639 σαιμι
279 557 359 643 άπερ
393 563 487 641 ὑμῖν,
521 561 587 625 imo
618 579 694 625 vero
720 560 826 625 eudem
850 580 931 648 pure
950 559 1055 639 υοίιίο,
1086 558 1184 627 ταῦτ’
1212 558 1265 627 άν.
1307 561 1339 627 lu

155 665 299 732 eiusdem
320 685 402 753 quae
427 663 576 731 lerunlur
601 666 776 731 prooemiis
798 683 904 730 xxxiv.
928 665 968 731 ῖνν
989 666 1091 732 τοίνυν
1114 667 1238 733 τοῖοί·
1266 664 1339 748 άπερ

154 771 298 854 πρότερον
321 773 489 848 ποιήσητε,
516 789 633 858 repone
653 769 744 835 ταῦθ’
773 766 877 854 άπερ,
899 777 932 837 ei
953 768 1065 839 eadem
1088 790 1190 859 opera
1218 772 1252 837 iu
1275 772 1337 839 mi·

155 876 321 965 stophauis
344 877 467 963 Equiti.
493 896 541 944 vs.
567 880 644 943 215.
670 876 824 942 restitue:

289 984 491 1065 φαυλότατον
514 981 621 1064 ἔργον,
645 981 761 1048 ταῦί’
784 978 865 1061 άπερ
890 990 986 1055 ποιεῖν
1008 984 1110 1060 ποίει,

154 1105 213 1173 pro
244 1091 360 1154 ταῦθ’
395 1087 487 1168 άπερ.
548 1086 640 1172 Apud
672 1086 798 1153 Isaeum
822 1085 846 1153 l.
872 1088 927 1152 25.
963 1086 1120 1161 τοσαύτην
1156 1090 1337 1164 ποιήσασθαι

153 1193 286 1268 σπουδὴν
298 1192 355 1260 ὅτε
372 1192 569 1274 Ποσειδίππῳ
586 1194 643 1271 μὲν
660 1190 706 1258 ὅτι
720 1191 940 1271 κατημέλησεν
960 1192 1155 1274 δργισίνῖνοοο,
1178 1192 1339 1265 Δοοαλίονς

152 1296 184 1361 δὲ
204 1303 337 1362 ταῦτα
361 1301 458 1364 πάλιν
478 1300 509 1370 ἐς
530 1299 586 1372 τὴν
602 1298 747 1378 ὑςεραίαν
767 1299 925 1373 δεηθῆναι,
948 1297 1093 1363 sentisne
1113 1298 1259 1368 ταύτά
1285 1298 1338 1365 πά·

150 1416 201 1466 λιν
221 1401 364 1487 requiri?
390 1402 564 1469 Meministi
585 1422 682 1488 quam
704 1422 799 1488 saepe
818 1403 832 1465 l
852 1401 946 1474 αὐτὸς
966 1399 1083 1479 πάλιν,
1105 1402 1194 1469 idem
1212 1424 1336 1479 rursus,

35 1566 39 1573 .
150 1507 400 1591 coniungaulur.
449 1507 531 1573 lliuc
553 1506 718 1574 emendari
738 1506 855 1593 poterii
869 1503 1040 1572 'l'eleclidis
1056 1504 1149 1574 loeus
1163 1506 1255 1596 apud
1274 1507 1337 1575 Plu·

151 1610 301 1675 larclrum
325 1613 356 1676 in
384 1612 504 1679 Pericle
531 1632 600 1696 cap,
625 1610 705 1678 xvi.

194 1713 291 1778 λάϊνα
303 1715 396 1794 τείχη
416 1715 459 1780 τά
483 1717 540 1794 μὲν
562 1715 728 1792 οἰκοδομεῖν
751 1717 795 1779 τά
815 1718 846 1781 al
869 1718 955 1782 αὑτά
980 1716 1077 1783 πάλιν
1099 1718 1337 1797 καταβάλλειν,

150 1817 204 1882 uhi
231 1818 352 1885 sruslra
383 1820 551 1904 corrigunt
573 1816 631 1883 εἶτ’
650 1819 735 1884 αὐτὰ
759 1819 856 1886 πάλιν
881 1831 913 1887 ei
936 1822 1030 1903 τάχα
1053 1823 1080 1887 δ’
1101 1824 1191 1888 αὑτά
1226 1824 1336 1899 πάλιν,

151 1942 225 1989 uam
252 1924 357 1990 ταύτά
383 1925 601 1990 necessarium
627 1932 686 1988 est.
739 1925 850 2010 ltaque
881 1935 917 1991 ul
941 1925 1024 2011 apud
1048 1926 1244 2014 Euripidem
1266 1928 1336 2015 legi·

149 2036 205 2093 tur
229 2030 260 2094 in
292 2010 436 2116 lplriglu.
464 2028 568 2095 dulid.
595 2048 640 2094 vs.
664 2033 722 2094 57:

284 2137 336 2201 καὶ
361 2136 495 2201 ταύτοὶ
518 2134 637 2200 πάλιν
661 2134 844 2216 γράμματα
868 2147 1020 2219 συγχεῖς,

149 2237 196 2304 sic
214 2248 246 2304 el
263 2239 391 2307 Comico
411 2239 607 2306 reddiderim
631 2240 697 2304 καί
720 2241 858 2306 ταύτά
882 2241 978 2308 πάλιν
1000 2243 1240 2324 καταβάλλειν.
1264 2246 1335 2314 Gra·

146 2345 218 2409 vius
240 2347 337 2411 eliam
374 2355 542 2432 peecatum
573 2347 605 2410 in
638 2345 799 2410 llinamlm
821 2347 845 2412 l.
871 2351 924 2416 85.
949 2348 1064 2415 τουτί
1096 2350 1133 2416 τὸ
1163 2351 1332 2434 συνέδριον,

146 2445 168 2513 ὦ
195 2451 367 2526 Ἀίηναῖοι,
400 2452 453 2517 καί
478 2454 492 2518 d
517 2452 641 2524 αὐτὸς
666 2450 760 2525 τόπος
789 2452 842 2518 καὶ
872 2459 1005 2519 ταῦτα
1031 2453 1075 2521 τά
1095 2455 1218 2523 δίκαια.
1244 2458 1331 2523 δαῦ-

145 2554 197 2627 ele
231 2557 324 2637 ῥητωρ
354 2556 476 2631 ἐκείνοις
500 2583 535 2622 τε
564 2558 661 2630 αἴτιος
694 2556 817 2635 ἐγένετο
848 2563 906 2623 τῶν
935 2557 1127 2637 συμβάντων
1151 2566 1258 2627 κακῶν
1283 2564 1330 2628 καί

146 2659 230 2740 αὐτῷ
253 2668 312 2725 τῶν
345 2667 396 2726 νῦν
427 2663 681 2742 συμβησομένων.
730 2660 820 2726 Sallu
855 2661 1060 2729 nranileslum
1094 2671 1147 2732 est
1169 2664 1329 2733 emendari

145 2773 308 2850 operiere:
340 2769 482 2834 ταύτὸν
510 2772 544 2834 τὸ
572 2768 738 2846 συνέδριον,
767 2764 788 2831 ὦ
815 2770 988 2846 Ἀθηναῖοι,
1021 2769 1074 2834 καί
1100 2771 1115 2834 ὅ
1137 2774 1260 2846 αὐτὸς
1283 2772 1328 2838 τί·

144 2893 200 2943 τις
224 2872 277 2937 καί
302 2873 430 2938 ταύτά
455 2874 498 2939 τα
522 2871 648 2939 δίκαιαί
684 2871 732 2937 lid
754 2870 887 2939 eandem
912 2875 1071 2941 rationem
1096 2875 1204 2943 mulla
1229 2877 1326 2945 istius·

143 2974 228 3040 modi
262 2976 379 3043 menda
418 2977 483 3043 lolli
518 2986 689 3064 poterunt,
726 2979 758 3041 iu
794 2977 911 3063 quibus
947 2977 1103 3048 librorum
1138 2982 1217 3049 Mss.
1249 2981 1324 3051 nulla

143 3082 273 3147 omnino
296 3082 440 3149 habenda
466 3095 516 3150 est
548 3084 640 3150 ratio.
689 3080 851 3169 Nusquam
875 3085 961 3151 euim
992 3104 1091 3171 prope
1115 3085 1257 3157 dixerim
1278 3088 1323 3157 Ar·

142 3185 227 3253 lieae
259 3208 366 3254 erases
399 3209 436 3254 ex
473 3188 678 3254 librariorum
704 3188 854 3254 manibus
882 3187 1011 3256 illaesae
1040 3189 1229 3260 elabuntur.
1273 3192 1321 3261 illi

143 3292 198 3356 isli
221 3294 352 3358 Veteres
369 3294 524 3359 lectiones
550 3314 611 3358 uon
632 3292 751 3359 additis
776 3293 937 3360 vocalibus
961 3272 1223 3383 interpolamus,
1246 3306 1321 3367 eerle

143 3398 175 3461 in
201 3396 369 3462 scribendo
392 3400 565 3466 coniuncta
592 3419 647 3485 per
668 3399 775 3465 crasiu
807 3401 957 3486 imperite
981 3400 1171 3469 distrahunt
1204 3406 1250 3471 τά
1268 3408 1320 3470 'm-

142 3503 234 3580 τίμια
263 3502 440 3569 scribenles
467 3513 499 3571 et
521 3508 551 3570 τ’
569 3505 771 3583 ἀδικήματα,
795 3508 825 3571 τ’
845 3505 1070 3585 άμπλάκημα,
1093 3511 1125 3574 τ’
1147 3510 1320 3589 άναγκαῖα,

142 3610 172 3673 τ’
197 3605 309 3683 άλλα,
339 3608 522 3695 similiaque
551 3618 721 3681 sexcenta,
752 3628 835 3693 quae
857 3609 933 3675 olim
963 3610 1111 3679 Editores
1138 3613 1320 3683 relinehml.

143 3712 249 3779 Simili
279 3713 372 3780 modo
404 3724 620 3800 corrumpunt
647 3713 729 3789 τάν,
763 3713 903 3791 μέντάν,
936 3710 1042 3796 πάρα,
1075 3712 1180 3799 ἥτάρα
1204 3731 1240 3788 el
1258 3723 1320 3801 μιά-

142 3819 209 3896 sle,
233 3821 409 3898 ἐμοῦδάκει,
432 3819 609 3893 καίτοῦςιν,
633 3817 891 3902 μέντοῦφασκεν,
912 3820 1039 3906 aliaque
1058 3840 1156 3907 quam
1171 3824 1319 3911 plurima,

140 3943 224 4009 quae
242 3946 412 4012 enumquam
434 3928 502 4012 sere
527 3924 589 3988 nisi
615 3923 698 3989 male
721 3925 862 3991 mulcala
885 3946 925 3992 ex
950 3925 1042 3991 libris
1074 3925 1115 3992 ad
1145 3948 1206 3996 nos
1228 3930 1320 4019 perle-

141 4036 269 4093 ruulur.
327 4029 480 4098 Dicebant
519 4032 649 4096 vermes
682 4031 735 4095 καί
770 4032 875 4097 δίκαια
901 4031 1016 4098 κᾶδικα
1047 4040 1080 4098 el
1115 4036 1169 4099 καί
1205 4036 1319 4111 δικαίας

138 4135 292 4211 κάδίκως,
316 4135 401 4222 quod
422 4135 576 4202 ascribis
600 4143 854 4202 curilemeraium
880 4137 952 4204 vide
970 4136 1055 4223 apud
1078 4137 1318 4209 liemosllreuem

141 4239 252 4306 xilv,
280 4246 333 4307 55.
369 4242 430 4306 δεῖν
460 4244 555 4307 αὐτὸν
584 4242 636 4306 καί
666 4244 790 4316 δικαίας
822 4245 888 4309 καί
923 4245 1073 4319 άδίκιος
1105 4247 1318 4327 άμφισβητιῖν

135 4352 194 4410 τῶν
222 4346 401 4426 ἀλλοτρίων.
460 4345 492 4412 Si
524 4348 555 4412 in
589 4346 803 4433 drisiophane
834 4348 880 4415 sic
905 4361 1076 4435 ρουοιιιιῑ,Ι
1098 4352 1179 4438 quid
1210 4374 1264 4423 eus
1290 4355 1317 4418 in
