2940 5010
719 278 781 337 185

163 446 296 541 hpu'str.
317 454 394 519 288.

385 554 472 621 παντὶ
494 554 727 637 προσαναβῆναι
752 555 788 619 πὸ
812 556 902 634 nata
925 556 980 621 δεῖ.

174 658 258 731 tutu.
276 664 338 731 rial.
357 660 489 749 supple:

339 768 426 835 παντὶ
450 766 684 850 προσαναβῆναι
706 768 741 832 πθ
764 768 853 847 σιμὸν
876 767 925 833 δεῖ
942 772 972 831 π’
994 765 1050 832 ἔτι.

184 872 228 939 d
243 872 353 943 mulius
374 874 474 941 etiam
498 874 570 956 πρθρ
593 871 751 950 ἀναβῆναι
770 871 941 939 scribetur.

220 976 405 1046 lul’latouis
428 997 523 1045 versu
547 976 632 1065 apud
656 975 923 1063 Hephaestionem
949 997 978 1063 p.
1004 980 1063 1043 91:

255 1093 344 1167 Χαῖρε
364 1082 581 1163 παλαιογθναν
601 1083 712 1163 ἀνδρῶν
737 1085 852 1151 θεατῶν
872 1081 1010 1161 tetam
1031 1080 1255 1166 πανποπθφαν,

185 1196 284 1257 unu
308 1209 374 1257 una
405 1188 508 1255 rneali
538 1194 753 1267 παναιογινῶν
781 1188 928 1274 suspicor
951 1187 1059 1253 verius
1083 1206 1170 1265 esse,
1193 1188 1346 1275 quoniam

196 1290 247 1363 Νὴ
265 1316 301 1363 ex
321 1294 411 1376 γένος
433 1314 497 1361 uon
518 1312 558 1360 ex
580 1293 669 1373 γθνος
693 1294 863 1380 propagari
895 1291 980 1379 apud
1011 1294 1135 1359 Atticas
1167 1293 1284 1372 solent,
1308 1304 1347 1363 ut

193 1396 304 1481 θνινθο,
325 1401 487 1479 δυσγενής.
534 1397 655 1467 Eadem
676 1397 779 1465 forma
800 1408 849 1465 est
871 1400 904 1464 in
924 1398 1069 1465 Nubibus
1090 1417 1136 1467 rs.
1151 1404 1227 1467 558:
1245 1406 1346 1486 χαῖρ’,

189 1494 370 1589 θπριοβύπα
393 1504 612 1583 venerante.

216 1608 517 1681 natumnatum
541 1620 590 1677 est
610 1608 705 1676 ulcus
725 1611 757 1675 in
780 1610 921 1677 Platonis
942 1608 1122 1697 fragmento
1142 1612 1228 1699 apurl
1250 1612 1347 1681 Scho-

173 1700 248 1785 it'ut
267 1716 429 1804 hristuplt.
454 1714 647 1802 Thesmoph.
668 1720 750 1783 808:

675 1819 721 1888 ὅτι
746 1821 860 1901 πονηρῷ
882 1820 934 1886 καὶ
956 1820 1030 1906 ξένῳ

384 1927 546 2010 ἐπέλαχες
569 1926 651 2009 ἀνδρὶ
676 1925 792 1993 οὐδέπω
816 1926 880 2008 γὰρ
901 1927 1054 2009 ἐλευθέρῳ.

146 2029 239 2099 flam
254 2032 339 2121 qrrurl
360 2040 520 2120 reponunt
541 2032 686 2112 μηδέπω,
710 2030 844 2099 κούδέπω
866 2034 900 2109 γ’
922 2040 955 2097 et
973 2034 1113 2111 οὐδαμῶς
1132 2036 1166 2112 γ’
1187 2034 1345 2102 eiusmodi

140 2140 254 2215 ⁸unt,
275 2138 443 2207 utstatim
474 2136 606 2206 meliora
631 2156 786 2223 quaerere
818 2138 981 2204 instituas.
1028 2137 1155 2204 Gonieui
1177 2142 1229 2207 κοῦ
1250 2145 1347 2208 καθα-

135 2240 220 2319 fi<
237 2244 395 2327 ἐλευθέρῳ,
419 2242 502 2329 qued
528 2242 607 2309 bene
632 2245 777 2310 Atticum
803 2250 852 2310 est
881 2250 913 2309 et
937 2242 984 2309 rei
1013 2244 1158 2329 apprime
1186 2248 1346 2316 convenil.

137 2346 216 2415 Οὔ
233 2352 367 2431 καθαρῶς
392 2348 545 2431 ἐλεύθερος
573 2348 633 2413 οὐδ’
656 2349 733 2424 ciria
756 2350 794 2415 ὤν
825 2367 865 2414 ex
895 2348 1076 2415 imitatione
1106 2348 1260 2417 Veterum
1285 2352 1347 2419 bu·

136 2448 271 2523 tinum
289 2456 324 2521 in
350 2454 485 2521 'l'imune
513 2452 597 2519 dixit
619 2458 637 2541 §
660 2458 713 2519 na.
762 2454 869 2520 loeose
901 2452 1100 2540 Antiphanes
1123 2457 1253 2537 καθαρὸν
1282 2460 1348 2526 δοῦ·

141 2564 218 2627 λον
233 2560 311 2627 dixit
333 2560 552 2647 mancipium,
576 2560 608 2625 in
636 2580 699 2646 quo
724 2558 768 2625 nil
791 2560 909 2625 inesset
932 2557 1033 2625 libero
1060 2558 1188 2627 homine
1211 2560 1345 2649 liguum

147 2656 204 2731 in
227 2666 319 2733 bella.
351 2665 471 2733 hneerl.
497 2685 570 2751 pag.
598 2669 681 2742 toll,
702 2670 733 2729 n.
781 2664 818 2729 ln
840 2663 908 2730 loco
936 2673 1003 2729 tam
1035 2665 1118 2731 male
1142 2665 1266 2746 habita,
1290 2673 1346 2756 qui

155 2786 211 2837 u
224 2790 284 2840 uua
303 2770 420 2839 lludiee
442 2770 520 2838 liar.
546 2779 724 2856 utcumque
742 2768 924 2857 descriptus
947 2778 1015 2846 est,
1041 2769 1121 2837 nihil
1141 2773 1259 2840 attinet
1281 2779 1348 2864 api-

165 2892 224 2943 eua
237 2877 376 2963 ningulus
396 2878 578 2944 litterarum
597 2877 804 2961 investigare.
852 2875 958 2956 Quum
979 2874 1063 2961 quud
1085 2877 1242 2963 seriptum
1263 2895 1348 2952 esset

122 3036 127 3055 f
171 2984 321 3051 numne
340 2982 513 3071 apparebat
541 2980 700 3049 dederunt
727 2979 811 3067 quod
836 2982 977 3067 primum
1010 2982 1041 3046 in
1069 2990 1211 3049 mentem
1243 2990 1345 3057 venit:

180 3086 339 3157 memoli
361 3086 516 3174 estquod
547 3086 632 3174 apurl
663 3084 872 3154 Plutarchum
897 3085 1015 3171 legitur
1044 3086 1076 3151 in
1106 3093 1347 3176 comparatione

183 3184 315 3277 lambri
338 3202 371 3261 el
394 3192 502 3283 Syllae
523 3213 595 3280 uap.
619 3192 673 3259 ΙΙΙ.
710 3192 893 3279 Lysander,
923 3194 1045 3277 inquit,
1069 3194 1212 3261 seruabat
1231 3197 1264 3261 in
1288 3200 1346 3267 im·

189 3295 250 3377 Ρὶν
264 3300 384 3386 pulnue
404 3320 506 3365 mures
526 3302 551 3365 εἰ
571 3300 608 3376 tl
628 3324 676 3374 τις
700 3296 798 3372 ἄλλος
823 3300 1027 3383 ἐκπεφευγὼς
1048 3300 1134 3365 πονπὶ
1158 3303 1193 3367 πὸ
1219 3303 1347 3385 περθακ·

191 3417 240 3463 ῳ..

384 3510 457 3577 einer
478 3508 618 3587 λέοντος,
641 3512 672 3575 ἐν
694 3510 826 3591 ὑπαίθρῳ
846 3509 873 3575 δ’
892 3508 1065 3585 ἀλώπεκες.

223 3606 325 3683 lunum
349 3614 491 3693 laetum,
515 3613 600 3701 quod
623 3614 663 3681 tle
697 3616 801 3681 iocoso
832 3616 865 3681 in
896 3613 1070 3701 Spartanos
1099 3615 1185 3682 dieta
1216 3617 1347 3687 aliumle

194 3718 339 3791 mutet:
364 3741 439 3789 nam
472 3722 546 3807 quis
576 3723 732 3808 potuisset
761 3740 824 3787 non
852 3718 924 3787 rlieo
956 3723 1098 3809 reperire
1127 3721 1183 3789 sed
1210 3724 1346 3809 probare

195 3810 244 3887 ‘lit
260 3826 526 3895 emendationem:

384 3932 457 3999 οἷκον
480 3932 617 4009 λέοντες,
641 3934 672 3999 ἐν
695 3932 820 4016 Ἐφέσῳ
840 3931 865 3996 θ’
889 3931 1061 4005 ἀλώπεκες.

196 4024 256 4095 mle
276 4036 376 4123 igitur
412 4040 544 4121 ὑπαίθρῳ
583 4047 696 4105 natum
721 4047 769 4105 est
802 4036 981 4103 sententiae
1013 4057 1075 4102 non
1108 4038 1217 4104 minus
1248 4060 1345 4125 quarn

195 4140 474 4211 Urbinimieum?
521 4143 642 4229 Nempe
666 4141 827 4229 fugientes
857 4141 1039 4207 litterarum
1068 4140 1187 4209 duetus
1219 4156 1345 4213 utcum-

194 4244 480 4337 mnppteverunt.
527 4248 615 4315 ldern
646 4270 777 4337 prorsus
808 4246 930 4314 laetum
960 4254 1009 4312 est
1041 4247 1073 4312 in
1104 4248 1236 4325 ricinis,
1268 4272 1344 4321 nam

194 4342 319 4423 “ima
341 4355 424 4425 mihi
448 4354 539 4423 tlahis
563 4353 739 4423 ridiculum
763 4362 794 4423 et
818 4351 995 4422 absurdum
1025 4373 1105 4421 esse.
1154 4352 1344 4445 Supererat,
