2940 5010
566 300 629 361 255

149 471 264 539 vitium
295 473 478 559 concepisse
511 468 591 537 milri
625 468 775 546 vitetur,
809 490 946 557 quornm
978 474 1115 543 alterurn
1149 478 1181 543 in

122 604 154 647 oe
175 576 277 647 latere
297 576 457 644 arbitror:
483 596 621 663 namque
644 593 707 641 non
731 574 850 643 dixisse
875 577 953 646 haee
979 579 1018 647 ‹le
1043 581 1182 648 lleraeli·

122 682 212 753 ioleur
236 692 270 752 et
289 682 354 751 elia
374 681 493 749 indieia
509 680 707 770 patefaciunt
726 687 759 747 et
776 682 886 762 τῶνδε,
911 704 969 772 pro
985 705 1048 772 quo
1067 688 1188 754 ἑαυτῶν-

143 787 328 858 tlieeudum.
381 788 502 854 Verum
537 808 576 855 ex
606 807 664 855 sua
697 786 800 874 ipsius
833 808 969 877 persona
1007 790 1182 858 insolenter

122 894 259 985 ¹rtetulann
281 894 360 962 haee
384 893 481 960 iaeit:

175 1004 210 1069 ού
233 1000 297 1083 γὰρ
318 1001 449 1084 Φρενύρκ
473 1002 507 1077 γ’
529 997 603 1065 tm
625 1001 655 1064 τ’
679 998 829 1083 ἐλπίζω
852 1000 885 1066 τί
904 1024 963 1069 τον

176 1104 268 1187 μίνον
289 1106 444 1181 τοσαύτης
468 1100 501 1179 ἧς
525 1105 656 1180 ε’τῆλύον
679 1104 831 1179 Ἑλλύδος

176 1210 238 1285 τὰς
259 1212 348 1279 τῶνδ’
370 1210 524 1291 ύβούλονς
546 1210 711 1293 συμφορὰς
734 1218 937 1289 κατονκτωῖν,

122 1318 185 1383 λλον
205 1314 246 1383 (le
267 1334 302 1383 se
329 1316 398 1403 ipse
425 1314 530 1391 (lieet,
554 1315 611 1401 qui
631 1321 754 1381 tantam
778 1322 903 1401 portem
923 1316 1074 1384 Graeciae
1097 1317 1182 1387 obie-

122 1420 250 1491 aelidns
272 1419 414 1509 undique
430 1438 604 1508 exposcens
622 1427 656 1486 et
677 1419 847 1507 expellens.
895 1422 945 1489 ού
962 1422 995 1488 τί
1017 1445 1076 1489 τον
1096 1423 1182 1511 quod

122 1528 186 1597 ime
212 1524 380 1594 irridentis
409 1534 458 1593 est
486 1533 520 1592 et
545 1523 727 1593 eavillantis
749 1527 890 1612 protervi
914 1526 1053 1595 hominis
1076 1548 1181 1616 perso·

122 1650 236 1723 rqunm
262 1631 539 1699 neeommodatum
568 1638 626 1696 est.
673 1628 864 1709 Neronias,
897 1632 1021 1719 inquit,
1044 1644 1108 1701 tom
1128 1636 1181 1703 de

122 1748 193 1807 rte
216 1758 283 1805 erse
312 1738 446 1823 opinor,
476 1744 511 1801 ot
534 1735 646 1801 λονννι
669 1756 797 1803 οονεοαν
828 1736 988 1825 maniplos.
1034 1738 1180 1808 Alterum

130 1850 187 1913 'est
205 1844 240 1909 lu
262 1842 416 1921 ύβούλους
439 1841 604 1923 ονμφοροὶς
625 1849 832 1919 κατονκτνεῖν,
854 1862 937 1930 quae
958 1842 1054 1909 verba
1074 1844 1182 1913 lllms·

122 1950 425 2035 ieiuterprotatur.
455 1954 491 2014 ut
516 1948 616 2013 mirer
638 1945 796 2032 quomodo
819 1945 881 2013 sibi
908 1948 976 2035 ipse
996 1948 1181 2019 satisfacere

122 2062 140 2123 t
162 2054 215 2121 rir
236 2052 357 2121 Graeee
382 2052 598 2140 peritissimus
621 2057 653 2117 et
676 2050 903 2119 soealrulorum
928 2059 1117 2139 potestatem
1143 2077 1182 2125 ex

122 2180 150 2229 re
175 2156 369 2229 Groeeitatis
394 2156 508 2223 notitia
538 2164 571 2223 et
593 2156 789 2243 optimorum
819 2157 1014 2244 seriptorunr
1040 2180 1103 2227 usu
1124 2162 1180 2229 eli·

122 2264 222 2333 ulitur.
278 2264 470 2347 »Σνμφοροὶς
503 2262 688 2345 ύμνχούνονς
701 2263 740 2339 ”,
773 2262 896 2348 inquil,
932 2264 1057 2329 »eodem
1088 2288 1181 2334 aetrsu

122 2368 381 2439 wellentone.
424 2370 549 2450 ”Aeropa
570 2366 752 2447 πράγματα
775 2367 884 2433 dieunt
909 2370 1056 2436 Gornioi.”
1092 2371 1180 2454 Quae

122 2474 153 2545 le
183 2496 260 2545 eum
284 2474 432 2554 λβούλως
462 2480 638 2557 συμφοραῖς
660 2472 741 2538 liene
762 2482 996 2561 componantur
1019 2477 1178 2547 neminem

126 2580 277 2651 arbitror.
325 2580 477 2669 Suspieor
500 2586 608 2646 autem
627 2579 845 2666 reponendum
871 2600 941 2647 esse
964 2581 1178 2665 vocabulum,

122 2686 198 2777 rputl
228 2685 426 2776 llesyehium
450 2693 483 2752 et
514 2685 546 2751 in
575 2684 712 2751 Belleri
744 2683 915 2751 llneeolotis
945 2705 976 2772 p.
995 2692 1075 2768 322,
1099 2696 1130 2755 o.
1161 2713 1179 2759 e

122 2790 238 2871 ιλίξον
261 2791 459 2879 descriptum
483 2797 600 2857 exstat:
624 2790 828 2870 Ἀβούλως;
852 2792 1010 2874 ύφρίνως,
1033 2798 1177 2877 ύμαίῶς,

124 2898 156 2965 ln
177 2896 283 2965 liboso
303 2902 380 2965 tot.

175 3006 264 3085 ἡμεῖς
288 3006 315 3071 δ’
338 3004 481 3083 οὶβούλως
504 3002 642 3073 κύκλεῶς
667 3002 838 3080 ύλύλαμεν.

122 3117 253 3177 nentur
283 3108 384 3196 igitur
408 3108 493 3172 inter
514 3124 550 3171 se
567 3107 698 3187 Φρενύρν
733 3108 766 3183 γ’
797 3106 871 3172 ὄντα
895 3116 929 3173 et
954 3108 1098 3187 ἀβούλως
1121 3136 1177 3177 κοι-

122 3220 157 3293 ’ν,
189 3222 227 3282 ut
260 3214 292 3279 in
326 3209 492 3297 Euripidis
525 3210 683 3277 versiculo
713 3210 798 3297 apenl
830 3211 1037 3280 Plutarchum
1069 3216 1177 3282 lloral·.

170 3426 288 3491 τίκτων
311 3424 375 3505 γὰρ
397 3424 436 3489 ὢν
458 3421 611 3503 ἔπραττες
634 3424 666 3486 οὐ
690 3420 887 3503 Ευλονργοκύ.

122 3528 267 3619 lophoelis
288 3529 417 3597 Electra
439 3532 535 3594 1481.

172 3636 236 3725 καί
250 3634 363 3714 μύντνς
387 3634 426 3699 ὢν
449 3631 549 3714 ύρνςος
572 3631 735 3713 septenne
759 3632 873 3699 τύλαν.

122 3740 196 3811 eiu
216 3760 253 3807 re
273 3738 381 3806 simili.

122 3844 369 3915 tironenses
392 3862 467 3930 pars
490 3844 668 3909 sententiae
692 3862 737 3908 vs.
759 3848 821 3909 195
847 3866 915 3931 sqq.

171 3954 206 4019 ού
228 3948 292 4032 reip
312 3976 343 4017 τν
367 3949 490 4031 Τραχίς
514 3949 577 4017 lon
600 3950 661 4013 οὐδ’
685 3950 838 4031 Ἀχαϊκόν

170 4056 323 4135 πόλισμ’,
347 4050 412 4121 ύύεν
435 4056 474 4120 τύ
496 4055 626 4128 τούσδε,
648 4064 687 4137 τῇ
711 4056 779 4140 δίας
801 4057 857 4133 μὲν
874 4057 929 4133 ού,

171 4164 208 4229 τί
230 4162 258 4228 δ’.
276 4164 394 4245 Ἀργος
416 4164 538 4237 toxos,
560 4156 667 4241 οἷοίπερ
687 4162 739 4226 καί
764 4168 814 4228 νῦν
837 4162 962 4238 λέγεις,

172 4270 303 4345 ι’ρλαννες
327 4266 432 4338 ἱκέτας
456 4266 592 4344 βωμίους
616 4269 813 4345 καθημένους.

129 4370 293 4443 metuit
316 4373 475 4439 sententia
499 4372 527 4437 si
547 4370 678 4455 legeris:

884 4486 909 4521 n
921 4482 929 4499 .
