2940 5010
712 312 775 373 575

146 484 179 550 in
207 504 246 551 ea
271 503 307 551 re
332 481 549 571 praetermitti
582 502 644 549 non
669 504 771 570 posse.
820 482 968 551 Stabiiiet
1000 485 1082 551 irone
1117 484 1333 572 suspicionem

143 588 236 657 incus
269 590 301 656 in
327 589 446 656 vicinia
479 590 497 673 §
523 592 554 655 9.
579 591 633 673 ίερῖ
661 590 724 672 γὰρ
747 591 861 665 αὐτοὺς
893 588 969 673 ᾗπερ
998 591 1069 665 τοὺς
1097 590 1272 672 τραγῳδούς
1296 614 1333 655 τε

143 697 198 763 καί
223 694 403 779 κωμῳδούς,
427 712 510 781 quae
537 701 569 759 et
586 692 663 759 alibi
692 714 786 782 saepe
809 696 982 763 coniuncta
1007 695 1139 763 ridebis.
1186 694 1331 762 Praeter-

142 820 183 868 ea
209 820 312 889 quum
341 800 372 865 in
394 797 487 866 libris
509 797 659 865 omnibus
681 799 810 887 legatur
829 800 1013 881 αῖνιςαίμενον
1036 839 1082 852 -
1104 799 1274 883 βαδίζοντα
1289 836 1333 851 -

139 908 351 975 ἀναπείθοντα
374 914 407 972 et
427 906 489 983 ἐγώ
513 928 558 971 σοι
587 906 709 973 edredo
735 906 955 995 (quaniobrem
979 907 1129 975 Editor-es
1152 926 1206 974 eos
1237 924 1331 973 aecu-

140 1014 263 1079 sativus
297 1012 331 1078 in
364 1010 490 1077 dativus
524 1011 746 1100 mutaverunt)
782 1010 923 1079 alienum
958 1014 1001 1079 sit
1033 1034 1052 1080 a
1080 1012 1140 1079 loci
1172 1010 1332 1079 sententia

139 1136 257 1185 censeo
281 1118 440 1183 revocatis
461 1117 656 1183 accusativis
677 1118 738 1195 ἐγώ
763 1142 799 1183 σε
819 1114 889 1185 cibe
910 1138 980 1185 esse
1010 1117 1261 1186 rescribendum.

186 1220 268 1289 biolo
300 1230 482 1310 permutata
518 1231 593 1288 sunt
628 1223 693 1290 αῖπί
724 1232 756 1290 et
789 1225 849 1291 ὑπο
878 1226 911 1291 in
937 1226 991 1292 ΙΙΙ.
1016 1231 1047 1292 8.
1081 1225 1114 1291 in
1142 1222 1246 1290 verbis
1270 1223 1331 1306 ἀφ’

140 1330 274 1405 ίππιιιιῖς
297 1366 342 1378 ·-
366 1329 408 1403 είς
432 1328 564 1411 οίπορίιιν
586 1330 646 1394 τῶν
676 1329 854 1404 ἐπιτηδείων
882 1332 1091 1407 ἐληλυθότας,
1118 1348 1256 1415 namque
1274 1329 1331 1410 ὑφ’

140 1436 274 1511 ῖππινιῆς
304 1434 485 1501 necessario
508 1442 558 1501 est
581 1433 836 1502 rescribendum.
884 1436 970 1502 Satis
994 1446 1120 1503 constat
1145 1453 1248 1521 neque
1275 1431 1331 1498 Co·

140 1538 270 1607 dicibus
294 1538 326 1605 ia
349 1560 385 1605 ea
411 1560 446 1606 re
469 1539 646 1627 quidquam
673 1559 744 1607 esse
775 1541 972 1609 credendum
998 1562 1101 1628 neque
1124 1540 1190 1606 ιῖπί
1217 1546 1249 1605 et
1273 1538 1333 1605 ὑπί

138 1644 326 1735 promiscue
348 1647 497 1732 usurpari
519 1666 622 1733 posse.
673 1647 708 1712 ln
732 1648 898 1733 superiore
924 1650 942 1733 §
965 1654 995 1714 b.
1021 1648 1201 1714 rectissime
1224 1643 1333 1712 editur

139 1750 339 1817 ιίπιλωλίνιιι
372 1751 440 1817 ὑπὸ
470 1751 626 1832 γεωργίαις
651 1759 683 1818 et
710 1751 849 1836 ἆφίιίνως
880 1751 987 1819 παίντοι
1016 1752 1149 1835 ἔχοντας
1176 1752 1248 1818 eiad
1274 1758 1336 1826 τῆς

138 1856 308 1939 γεωργίας.
356 1854 477 1944 Nempe
507 1856 659 1943 quoniam
683 1856 806 1923 dicitur
836 1859 976 1942 γεωργίαι
1008 1862 1103 1926 αὐτὸν
1132 1860 1330 1925 αίπολιίλεκεν

138 1970 173 2030 et
194 1964 309 2038 ίιτπιιιίι
329 1964 424 2029 αὐτὸν
447 1964 490 2036 είς
509 1962 639 2045 ιῖπορίοιν
666 1964 857 2043 κοιτέςνσεν,
879 1966 1089 2050 consequitur
1113 1963 1176 2031 dici
1205 1965 1330 2051 passive

141 2076 291 2157 oportere
314 2068 372 2133 ὑπὸ
391 2068 547 2151 γεωργίαις
573 2068 738 2135 αίπίλωλεν
758 2077 790 2135 et
811 2072 866 2154 ὑφ’
887 2073 1017 2147 ίππιιινῖς
1041 2072 1084 2144 είς
1104 2070 1234 2152 οίπορίιιν
1257 2070 1331 2147 ἒλνί·

138 2175 251 2254 λυίεν,
274 2181 307 2241 et
332 2173 485 2240 similiter
506 2175 539 2240 in
561 2173 722 2241 similibus
745 2175 906 2243 omnibns.

186 2278 223 2347 ln
258 2278 484 2347 demosthenis
515 2278 655 2345 Midiaoa
685 2300 715 2367 p.
739 2285 824 2358 576,
854 2289 882 2347 1.
918 2300 1018 2369 quum
1052 2280 1127 2347 oiim
1161 2300 1328 2367 perperam

140 2384 306 2473 legeretur
332 2386 468 2461 ἀναιδεῖς
494 2385 547 2453 uari
576 2384 612 2462 ἐξ
639 2388 721 2466 ὑμῶν
750 2388 1009 2464 πεπλουτηκότας
1039 2386 1133 2453 imdie
1154 2405 1192 2452 ex
1216 2384 1331 2452 Codice

142 2490 166 2559 S
189 2490 243 2557 νωιὶ
267 2492 324 2575 ὑφ’
347 2493 430 2572 ὑμῶν
454 2491 592 2577 legitur,
626 2511 707 2578 quae
732 2494 894 2579 scriptura
918 2513 994 2560 vero
1017 2493 1164 2580 proprior
1187 2491 1243 2559 sed
1268 2512 1330 2557 non

141 2614 218 2662 vera
242 2602 301 2663 esi.
350 2594 564 2663 scribendum
589 2604 637 2663 est
661 2598 713 2663 κιιί
738 2601 799 2683 ἀφ’
827 2600 909 2679 ὑμῶν
929 2599 1208 2677 πεπλουτηκότας,
1241 2618 1331 2665 num·

141 2720 204 2789 que
225 2708 259 2769 ct
282 2702 367 2768 ratio
390 2708 421 2768 et
447 2720 527 2767 usus
552 2700 776 2770 demonstrant
800 2714 945 2771 πλουτεῖν
967 2704 1033 2771 vind
1055 2728 1154 2782 τινος,
1186 2712 1331 2772 πλουτεῖν

140 2808 204 2875 ὦτί
228 2812 283 2874 τοῦ
299 2808 402 2886 Ιδνίριου
434 2807 617 2893 similiaque
650 2809 725 2875 diei.
773 2820 912 2878 Enormi
932 2810 990 2877 ὑπὸ
1013 2815 1067 2876 τοῦ
1090 2810 1185 2889 δήμου
1209 2809 1330 2876 Graece

141 2914 189 2979 sic
221 2912 286 2979 dici
319 2922 423 3000 potest
456 2922 492 2979 ut
522 2914 684 2999 significet
711 2917 724 2981 ί
758 2917 851 2995 δῆμος
884 2918 978 2983 αὐτὸν
1011 2916 1241 2991 πεπλούτικεν,
1273 2914 1330 2981 sed

139 3026 215 3085 nnio
241 3038 303 3085 usn
326 3020 389 3085 οίπί
412 3024 466 3085 τοῦ
488 3020 584 3099 δνίριου
604 3029 749 3087 πλουτεῖν
772 3020 928 3088 dicuntur
951 3024 977 3087 οί
992 3022 1045 3087 τίι
1068 3021 1155 3087 κοιναί
1179 3020 1329 3103 κεκλοφό-

138 3148 207 3205 τες,
226 3122 457 3211 depeeuiatores
479 3127 606 3191 aerarii.
641 3127 850 3213 Comparasse
874 3124 998 3193 iurabit
1020 3124 1268 3193 Demosthenem
1294 3126 1328 3191 in

141 3228 345 3297 mmoeratea
375 3234 393 3317 §
419 3234 502 3299 124:
536 3233 562 3297 οί
594 3233 712 3315 ρ’νίτορες
746 3233 990 3312 circinandam
1015 3231 1209 3308 incessimur
1234 3232 1327 3297 πλού·

141 3356 199 3403 σιοι
221 3334 287 3401 atet
309 3342 366 3412 τῆς
390 3335 508 3412 πόλεως
528 3337 718 3419 γιγνόμενοι.

184 3438 220 3507 ln
246 3440 288 3507 iis
310 3460 392 3527 quae
421 3443 533 3508 statim
557 3442 643 3531 apud
669 3443 913 3531 Xenophontem
938 3450 1119 3529 sequuntur
1150 3441 1245 3509 rerba
1277 3442 1329 3509 διαὶ

138 3544 348 3625 eminendo
373 3548 566 3636 interpolata
589 3557 676 3616 sunt.
726 3549 773 3616 dd
794 3552 850 3634 ὑφ’
873 3553 1003 3627 ἱππικῆς
1030 3548 1128 3639 (quod
1152 3568 1241 3614 more
1267 3547 1328 3614 Ve-

139 3656 247 3717 terum
280 3654 459 3720 sententiae
488 3653 659 3720 bimembri
683 3656 754 3729 τοὺς
778 3658 835 3736 μὲν
857 3696 901 3705 -
924 3656 994 3729 τοὺς
1016 3654 1047 3720 δι’
1071 3656 1119 3720 sie
1149 3653 1327 3740 praemitti·

139 3764 196 3823 tur
219 3764 256 3823 ut
278 3757 319 3823 ad
344 3767 515 3845 utramque
540 3770 663 3847 partem
690 3760 869 3848 aequaliter
898 3761 940 3825 sit
964 3758 1182 3847 referendum)
1207 3758 1328 3825 adscri-

139 3860 205 3949 psit
229 3862 337 3929 nescio
364 3865 437 3949 quis
460 3866 510 3930 διαί
534 3867 590 3943 τὴν
613 3868 763 3944 ἱππικήν,
785 3865 880 3951 idque
902 3864 942 3931 de
967 3885 1055 3931 more
1080 3865 1255 3930 oscitanter
1280 3884 1327 3930 re·

138 3976 270 4055 ceptum
294 3976 345 4034 est
369 3968 401 4033 io
428 3977 563 4037 textum.

184 4072 337 4141 Confecto
367 4084 504 4141 accentu
525 4076 578 4141 lv.
604 4081 635 4141 6.
666 4096 724 4162 pro
757 4076 951 4159 Φιίλαικοις
985 4076 1016 4141 ἕν
1038 4082 1110 4148 ταῖς
1142 4073 1326 4154 ἀκροπόλει-ι

140 4178 247 4265 τρίφει
280 4179 487 4246 scribendum
519 4192 568 4248 est
599 4179 761 4267 φιλικαῖς.
822 4183 967 4247 Φυλικοιί
1002 4182 1088 4246 enim
1127 4178 1329 4266 appellantur

138 4282 296 4371 praesidia
323 4284 448 4375 oppidis
470 4287 618 4373 imposita
644 4296 675 4354 et
698 4290 729 4353 in
754 4308 828 4354 arce
851 4286 1027 4365 coiiocata,
1049 4285 1250 4375 praesidiarii
1273 4287 1329 4352 rni-
