2940 5010
781 265 846 329 tat

229 440 282 508 vt.
306 460 349 507 ιι.
371 442 405 506 9.
435 437 488 505 καί
521 438 593 512 τοὺς
626 438 684 517 μὲν
715 436 834 519 νεκροὺς
864 437 935 511 τοὺς
965 436 1112 514 τλείοοος
1139 437 1272 521 ίνίιίιτερ
1304 439 1419 510 ἔπεσον

224 546 353 620 ἑκοίτους
374 543 518 626 ίίαψαν,
542 543 607 611 imo
630 561 707 611 veto
729 541 857 626 ἕνίοίτερ
880 541 990 611 ἔτισεν
1022 539 1153 620 ἕκατον,
1178 550 1216 611 nt
1240 540 1322 613 ittnd
1343 544 1418 615 Sul·

225 651 425 720 lustianum:
457 668 552 738 quem
573 648 705 736 quiaque
723 648 892 737 pupooado
915 648 1018 715 laeum
1039 658 1162 737 eepeaut
1193 669 1266 717 οιιννο
1294 652 1419 721 atamen

224 757 332 825 υννίινιο
360 775 487 841 corpere
509 753 639 842 tepebat.
686 752 726 821 ln
758 752 870 821 eadem
899 773 935 821 re
965 751 1136 822 emendate
1169 754 1335 843 seriptum
1364 766 1419 827 eat

223 863 260 929 in
282 862 308 929 Ι.
331 881 362 927 v.
385 865 417 927 8.
447 856 523 927 ίτου
558 859 671 942 ἔτυχεν
697 856 809 935 ἕκατον
840 859 955 935 {wude
988 856 1089 938 ίεντο,
1123 858 1181 929 aed
1207 860 1417 935 emendanda

223 967 259 1034 in
285 967 329 1035 11.
359 987 393 1033 ιι.
418 970 471 1033 17.
507 967 546 1041 νίς
582 965 759 1047 ἐτύγχανον
790 960 895 1035 ἕκατον
927 963 1105 1046 ηὐλίζοντο,
1140 963 1196 1033 ιιίοί
1229 966 1416 1053 ίτνίγχαυνη

223 1071 334 1148 ἕκατον
356 1068 576 1159 reponendum
599 1088 671 1137 esse
693 1088 818 1138 eensau.
1150 1140 1157 1157 ,

267 1177 306 1246 Ιιι
328 1176 384 1245 IV.
408 1197 441 1242 ιι
466 1179 497 1244 9.
530 1194 607 1243 aera
626 1173 722 1242 lectio
748 1180 798 1243 est
821 1175 875 1243 καί
902 1171 984 1243 οὗτοι
1011 1175 1085 1254 μὲν
1112 1182 1255 1259 πρῶτον
1285 1179 1414 1261 ουνίμν·

221 1284 292 1364 ξαν.
339 1281 427 1349 Solet
454 1280 513 1362 μίν
545 1280 581 1347 iu
609 1279 700 1361 μίννν
729 1279 840 1359 abire,
875 1281 970 1347 cuius
1000 1281 1048 1347 rei
1073 1279 1176 1351 multu
1198 1282 1350 1372 exempla
1372 1284 1416 1355 ad

222 1387 411 1476 Euripidem
442 1405 688 1473 expromemus,
725 1384 842 1454 deinde
873 1385 985 1467 μόνον,
1017 1387 1107 1465 μίνυς
1140 1395 1174 1455 et
1204 1387 1292 1469 μίνυι
1324 1390 1416 1459 inter

224 1514 296 1562 sese
324 1499 563 1580 permutantur.
612 1490 649 1559 lu
680 1488 784 1581 815.
817 1510 966 1579 expungo
994 1489 1161 1559 molestam
1191 1492 1343 1583 eopnlm
1377 1495 1414 1563 in

223 1597 331 1668 verbis
357 1595 437 1686 [καί]
463 1595 560 1662 τίλνν
582 1595 738 1677 λαβίντες
760 1604 794 1664 et
817 1594 908 1665 loeus
935 1616 976 1664 ex
998 1596 1153 1684 impedito
1182 1598 1247 1667 erit
1279 1599 1413 1688 expedi·

222 1704 380 1772 tissimus.
425 1701 595 1770 Inlieetum
616 1699 848 1769 Graeculorum
872 1700 1030 1770 emblema
1048 1701 1122 1769 uide
1144 1702 1178 1769 in
1201 1700 1228 1793 S
1250 1709 1305 1775 ¹6.
1336 1707 1412 1785 τοὺς

221 1811 255 1878 δὲ
276 1807 394 1884 ἅλλους
416 1806 577 1875 ίκίλευτεν
599 1805 733 1885 extem
745 1807 855 1874 -καί
878 1809 909 1875 ἐν
932 1809 975 1890 τῷ
999 1808 1108 1890 ὁμαλῷ
1131 1807 1234 1876 ίίυίαι
1256 1810 1302 1879 τὸ
1320 1805 1412 1881 dm

221 1913 335 2005 [είτε].
389 1915 426 1982 ln
462 1911 565 2004 317.
602 1913 703 1980 miror
737 1912 897 2000 quomodo
927 1911 1112 1980 lliudorlius
1144 1913 1292 1995 νίλίμιυοι
1321 1919 1412 1987 tueri

221 2022 385 2111 potuerit,
407 2038 491 2108 quae
511 2018 648 2087 barbara
671 2016 774 2085 [orma
794 2026 854 2086 est.
900 2017 1019 2085 Attulit
1041 2017 1128 2087 loeus
1149 2018 1330 2107 quaedam,
1353 2021 1412 2093 nti

221 2130 256 2197 in
278 2125 377 2194 Codd.
400 2124 538 2212 legatur.
584 2124 714 2190 Poterat
743 2121 830 2190 facili
853 2123 982 2211 negotio
1010 2123 1113 2193 multo
1143 2124 1253 2213 plures
1274 2128 1413 2217 eosqui·

221 2251 317 2311 rere,
348 2248 488 2318 namque
517 2227 620 2295 solent
650 2227 822 2307 Graeculi,
855 2228 1125 2315 quemadmodum
1161 2230 1351 2317 νίφιιλιίμην
1374 2242 1411 2303 et

221 2336 358 2422 εὑροίμην
382 2333 499 2423 passim
528 2333 706 2410 invehunt,
740 2336 901 2401 contrario
924 2354 1035 2402 errore
1056 2334 1175 2416 ιίλίμην
1197 2356 1258 2425 pro
1279 2337 1412 2421 εἱλόμην

220 2442 430 2509 substituere.
486 2437 576 2521 Quod
610 2446 661 2506 est
692 2439 725 2505 iu
755 2436 780 2529 S
805 2445 859 2508 20.
895 2438 949 2529 (cl.
978 2445 998 2508 5
1030 2449 1063 2508 et
1092 2441 1137 2530 4.)
1172 2443 1412 2514 ἐκυλίνδουν

222 2548 359 2630 αίτρας,
383 2561 576 2629 quamquam
602 2543 789 2631 saepissime
810 2545 844 2610 in
865 2544 957 2613 libris
980 2545 1083 2613 torma
1100 2549 1249 2617 κυλινδεῖν
1267 2548 1411 2637 legitur..

222 2672 287 2719 uon
308 2647 439 2716 videtur
460 2655 565 2715 tamen
588 2648 817 2736 Xenophontas
840 2669 929 2728 esse,
953 2651 1048 2718 cuius
1067 2659 1173 2720 aetate
1200 2654 1331 2723 κυλίνδον
1359 2676 1411 2724 so·

222 2757 290 2825 lum
316 2755 466 2845 (κυλίσιο,
497 2753 649 2832 taenea,
680 2755 892 2836 κεκνίλνυμαι,
924 2757 1099 2842 ἕνωλίτίην)
1123 2758 1157 2825 iu
1188 2778 1250 2826 ιιιιιι
1271 2767 1347 2829 erut
1373 2770 1412 2831 et

220 2861 440 2932 καλινδεῖοίαι.

277 2968 315 3035 ln
348 2966 401 3033 lv.
426 2985 472 3031 ιιι.
498 2968 528 3030 7.
568 2963 823 3033 additamentum
860 2966 1031 3053 magistelli
1056 2968 1308 3039 concinnitatem
1345 2968 1412 3040 loci

222 3073 316 3163 plane
345 3068 506 3160 perdidit;
536 3070 620 3154 δρῶσι
650 3073 683 3139 δὲ
717 3072 788 3146 τοὺς
820 3071 991 3152 διαβαίνειν
1022 3072 1351 3157 κυλιίτοντας,.ίοιδτι
1373 3078 1411 3147 δὲ

220 3189 286 3254 τοῖς
308 3176 519 3258 διαβαίνουσιν
541 3176 784 3256 ίτικεισομίνους
812 3177 896 3265 [τοὺς
918 3177 1129 3267 Καρδούχους]
1162 3178 1295 3249 terete.
1343 3181 1410 3251 lle·

221 3285 304 3368 tegit
335 3280 481 3349 fraudem
512 3280 671 3347 articulus
693 3283 800 3371 inepte
829 3279 960 3348 additus
986 3283 1157 3369 participio
1182 3285 1409 3365 διαβαίνουσιν.

224 3389 338 3455 Omnes
369 3386 457 3452 enim
493 3383 614 3451 flumen
649 3394 741 3452 erant
778 3386 958 3455 traieutnri.
1012 3386 1182 3475 dapunoto
1212 3388 1410 3463 emblemate

218 3495 290 3569 τοὺς
324 3491 518 3574 Καρδούχους
540 3489 694 3557 emenda:
725 3492 809 3572 δρῶσι
831 3494 862 3562 δὲ
894 3493 987 3567 τοὺς
1017 3493 1225 3573 διαβαίνουσιν
1253 3496 1408 3567 ἐπικεισο-

218 3599 327 3680 μένους
349 3595 481 3663 ίτινίεν.
527 3594 595 3661 Non
625 3594 734 3661 minus
758 3597 880 3683 puerile
908 3604 980 3665 erat
1005 3598 1190 3685 significare
1218 3602 1301 3677 τίνες
1324 3598 1408 3679 ἦσαν

218 3707 246 3772 οἱ
275 3700 496 3781 ἐτικειυίμενοι
527 3698 666 3778 ίτιοίεν,
697 3719 794 3786 quam
823 3702 855 3768 in
885 3701 1151 3790 praecedentibus
1171 3707 1252 3781 τίνες
1272 3702 1355 3782 ἦσαν
1375 3712 1407 3777 οἱ

218 3810 389 3891 διαβαίνειν
411 3804 609 3880 κωλύσοντες.

263 3916 301 3984 Ιιι
324 3912 350 4004 3
371 3916 425 3980 26.
457 3916 532 3995 sap·
553 3911 691 3986 οίοτίδας
719 3913 963 3994 παραγαγόντες
985 3916 1043 3989 την
1065 3912 1250 3994 ε’νυμοτίαν,
1273 3918 1409 4007 porrige

218 4021 311 4091 sodes
337 4025 411 4101 παρ’
442 4017 587 4097 βατίδα,
610 4015 694 4104 quod
722 4015 787 4084 dici
820 4015 939 4084 solebat
968 4016 1078 4086 eodem
1103 4026 1197 4106 paeto
1227 4028 1329 4110 atque
1348 4024 1407 4095 lsi

217 4127 287 4211 δίρυ
309 4133 341 4193 et
364 4126 415 4191 ἐν·
438 4123 559 4191 βατίδα
582 4129 615 4190 et
643 4124 694 4188 ter·
723 4121 812 4207 οὐράν
840 4121 966 4209 aliaque
998 4124 1118 4191 similia
1143 4125 1177 4192 in
1204 4126 1409 4199 militaribus

208 4232 385 4321 impetiit,
419 4239 457 4298 ut
483 4230 593 4298 statim
621 4226 722 4317 §aa
758 4228 997 4313 οίνοοςρίψαντοος
1030 4230 1081 4298 tet
1116 4230 1184 4315 δίρυ
1214 4240 1248 4301 et
1277 4236 1407 4323 passim

215 4336 303 4405 alibi.
