2940 5010
693 255 757 317 tna

142 435 323 512 ὑπήκουσα,
347 428 432 519 quoti
456 438 488 496 et
520 430 553 494 in
579 426 792 495 deterioribus
823 426 914 495 libris
946 427 1067 516 legitur
1090 440 1123 499 et
1143 434 1250 522 ipsum
1280 442 1324 502 est

141 538 365 606 «teterrimum.
413 535 530 603 Contra
555 542 721 623 peceatum
752 542 801 601 est
824 541 858 601 et
881 553 976 623 saepe
1006 535 1081 603 alihi
1109 546 1144 607 et
1167 539 1203 607 in
1233 538 1324 609 Nuhi·

143 645 204 712 bus
227 665 274 712 as.
297 647 373 709 174.

233 750 338 817 ἔλθετε
362 750 448 826 δῆτ’,
471 745 492 813 ὦ
516 747 721 826 πολυτίμητοι
744 747 912 831 Νεφέλαι,

233 854 481 923 ὑπακούσατε
505 851 673 933 δεξάμεναι
698 854 803 921 ὑυοῖαν
826 854 880 921 καὶ
904 863 970 929 τοῖς
992 857 1094 936 ἱεροῖσι
1117 865 1288 941 χαρεῖσαι,

145 961 199 1029 uhi
229 960 431 1028 ὑπακούσατε
465 960 559 1025 nuioe
590 978 703 1025 aarum
737 967 770 1027 et
803 958 896 1042 pla‘ne
931 962 1153 1029 necessarium
1184 970 1245 1031 est
1290 960 1329 1031 111

142 1077 267 1135 vocatae
289 1067 414 1132 ueniant
440 1065 483 1131 od
504 1087 570 1132 scae
601 1074 696 1152 rogat
722 1063 852 1144 Nubes,
875 1086 939 1132 noo
965 1075 1001 1133 ut
1019 1067 1193 1154 praebcant
1214 1088 1328 1136 aurern

145 1172 270 1240 Sinniiia
301 1170 468 1259 complura
493 1171 574 1236 mihi
605 1171 638 1236 in
670 1169 742 1237 aliis
773 1171 1000 1239 animadversa
1026 1181 1060 1239 et
1090 1182 1204 1241 notma
1236 1181 1331 1255 sunt,

143 1279 200 1345 sed
222 1278 261 1344 de
285 1276 336 1344 his
360 1297 446 1343 nunc
470 1277 600 1363 quidem
625 1277 790 1343 hactenus.
838 1275 1051 1345 Redeundum
1074 1286 1125 1346 est
1144 1280 1236 1347 enim
1260 1298 1331 1368 pau·

143 1388 191 1452 cis
214 1383 269 1452 atl‘
286 1386 393 1472 ipsum
426 1381 647 1470 Xenophontis
679 1381 809 1461 iocum,
841 1403 945 1470 aquo
968 1383 1052 1451 hanc
1082 1384 1332 1453 animaduersio

143 1511 217 1557 nem
243 1489 466 1568 instituimus,
490 1490 642 1576 quoniam
667 1489 702 1553 in
725 1496 871 1555 extrema
892 1496 984 1576 parte
1008 1490 1127 1557 vitium
1149 1491 1332 1578 concepisse

144 1595 292 1662 videtur:
318 1594 371 1662 καὶ
394 1598 448 1662 οὑκ
471 1594 568 1661 ἄλλον
593 1599 734 1678 ᾑροῦντο,
770 1595 898 1681 inquit,
921 1597 952 1661 ἐν
975 1605 1039 1671 τοῖς
1062 1595 1182 1671 δεινοῖς.
1227 1595 1333 1664 Facile

145 1700 329 1767 credimus:
354 1698 484 1767 difficile
506 1708 555 1767 est
578 1701 610 1766 in
641 1700 709 1788 ipso
738 1698 927 1768 discrimine
958 1721 1087 1789 pugnae
1118 1711 1249 1769 mutare
1280 1700 1333 1769 du·

144 1827 214 1873 cem
251 1814 309 1873 aut
350 1807 506 1891 potiorem
548 1803 689 1891 deligere
720 1814 754 1871 et
787 1807 1013 1892 acceptiorem.
1072 1806 1205 1875 Excidit
1238 1809 1334 1896 parti·

146 1913 241 1991 cula,
263 1930 346 1999 quae
375 1920 442 1979 tam
460 1930 557 1999 saepe
580 1910 678 1988 solet,
702 1910 975 2000 scribendumque
999 1911 1053 1978 aci
1084 1915 1139 1981 οὑκ
1170 1912 1212 1980 ἂν
1241 1912 1334 1983 ἄλλον

145 2023 278 2102 ᾑροῦντο.

190 2121 448 2192 Descrihentium
473 2142 564 2189 error
594 2120 810 2188 commaculat
832 2142 940 2190 acrem
966 2122 1191 2211 Xenophontis
1220 2125 1334 2192 oratio

145 2250 220 2297 nem
243 2230 298 2297 lll.
324 2250 344 2296 1.
370 2232 424 2295 25.
457 2231 484 2295 ai
507 2230 565 2306 μὲν
591 2234 678 2306 ὑμεῖς
703 2228 825 2294 ἐθέλετε
846 2226 978 2311 ἕξορμοῖν
1002 2229 1053 2295 ἐπὶ
1078 2236 1186 2298 ταῦτα
1209 2228 1334 2299 ἕπεσθαι

142 2339 215 2415 ὑμῖν
238 2336 416 2417 βούλομαι,
449 2336 475 2399 εὑ
499 2334 527 2399 δ’
551 2335 639 2411 ὑμεῖς
663 2333 799 2400 τοὺττετέ
829 2359 872 2413 με
897 2336 1039 2413 ἡγεῖσθαι
1074 2336 1159 2403 οὑὺὲν
1183 2339 1333 2421 anacast-

147 2443 240 2526 ζομαι
263 2445 319 2517 τὴν
340 2440 481 2517 insulan,
505 2458 568 2503 non
591 2447 640 2504 est
662 2438 694 2502 in
717 2436 767 2504 his
791 2438 1014 2526 epanaphora,
1039 2448 1075 2506 ut
1098 2439 1196 2530 357.
1222 2450 1333 2525 ὑμεῖς

144 2549 208 2629 peip
236 2549 288 2617 ἕτε
315 2544 467 2628 ςρατυγοί
479 2594 488 2620 ,
517 2545 636 2623 ὑμεῖς
666 2541 832 2625 ταξίαρχοι
855 2544 907 2608 καὶ
931 2548 1073 2629 λοχαγοί
1081 2598 1090 2625 ,
1113 2556 1147 2614 et
1179 2569 1265 2635 quaa
1286 2568 1332 2615 sc·

146 2659 314 2739 quuntur,
351 2649 407 2718 sed
431 2650 589 2736 oppositio
623 2647 793 2715 manifesto
821 2652 1000 2736 requiritur
1035 2653 1120 2719 inter
1152 2655 1275 2732 ὑμεῖς
1307 2660 1335 2721 ei

147 2758 216 2839 ἐμὲ.
263 2755 348 2823 Nihil
373 2755 560 2822 offensionis
584 2762 767 2841 superesset
790 2755 818 2819 si
848 2755 1029 2840 legeretur·
1055 2758 1081 2822 εῖ
1113 2759 1140 2824 δ’
1168 2759 1239 2837 ἐμὲ
1263 2757 1334 2826 ποῖπ-

148 2889 221 2930 τετε
245 2862 389 2942 ἡγεῖσθαι
414 2861 479 2927 κτὲ.
528 2859 590 2927 Setl
612 2858 743 2926 difficile
764 2858 853 2925 dictu
876 2870 924 2926 est
950 2861 1034 2927 unde
1058 2859 1137 2928 baec
1162 2872 1229 2929 tam
1252 2884 1335 2952 aper·

151 2977 184 3034 ta
218 2976 250 3034 et
282 2967 377 3054 plana
409 2967 588 3034 sententiae
624 2964 725 3031 iorma
758 2967 790 3031 in
823 2964 909 3031 iiiam
942 2965 1071 3038 ahierit.
1118 2966 1203 3035 iilud
1233 2969 1336 3057 ipsun

152 3073 307 3163 postulari
333 3082 441 3141 tamen
465 3071 705 3139 concedendum
728 3091 797 3137 esse
821 3071 900 3136 mihi
925 3070 1076 3137 arbitror.

197 3177 335 3246 Confusa
365 3187 444 3244 sunt
468 3176 554 3260 παραὶ
585 3183 617 3242 et
641 3177 728 3257 περί,
760 3184 797 3241 ut
821 3176 939 3262 passim
969 3176 1072 3256 aiibi,
1105 3179 1139 3243 io
1164 3179 1269 3247 Anah.
1289 3178 1337 3248 lt.

155 3308 196 3354 tv.
225 3291 261 3351 ll
297 3286 443 3351 οὶιιεειυὺν
466 3283 501 3361 ἦν
526 3285 544 3359 ὑ
575 3283 651 3363 χιὼν
681 3282 939 3359 ἐπιπεπτωκυῖα,
972 3279 1031 3365 ὅτῳ
1060 3285 1106 3361 μὴ
1136 3288 1339 3369 παραρρυείη,

155 3411 230 3458 nam
256 3391 312 3455 nix
340 3407 422 3474 quae
454 3388 493 3455 de
517 3407 650 3473 corpore
684 3386 825 3474 nudique
848 3386 962 3453 ‹lessnit
984 3397 1129 3470 περιρρεῖν
1153 3389 1278 3461 Graece
1300 3393 1340 3461 di·

156 3499 262 3574 citur,
286 3492 494 3580 quamohrem
519 3493 684 3574 περιρρυείη
706 3494 883 3579 genuinum
908 3512 979 3559 esso
999 3492 1138 3561 ridetur.

202 3599 355 3668 liesidem
386 3597 576 3664 vocabulum
612 3596 651 3662 ad
684 3600 877 3665 sententiam
915 3601 1134 3667 necessarium
1160 3601 1273 3670 1v.v.
1306 3608 1341 3671 11

156 3708 199 3776 τὺι
227 3709 272 3787 μὴ
295 3703 452 3783 ὑυνοὺμενα
476 3710 534 3769 τῶν
559 3703 731 3785 ὑποζυγίου
756 3703 889 3787 ἥρπαζον
914 3705 966 3770 καὶ
999 3707 1151 3784 αλλήλοις
1186 3708 1344 3793 ἐμάχοντο

157 3813 224 3896 περὶ
254 3813 367 3878 αὑτῶν.
423 3807 665 3895 supplantatim:
697 3811 741 3876 roi
770 3812 816 3890 μὴ
849 3810 1007 3892 ὑυνοὺμενα
1044 3812 1251 3902 (πορεύεσθαι)
1288 3821 1344 3885 τῶν

158 3918 341 4000 ὑποζυγίων.
388 3913 433 3981 Cf.
459 3913 483 4005 §
511 3919 563 3982 16.

203 4023 306 4089 Periit
337 4020 530 4107 praepositio
553 4020 593 4089 V.
618 4041 658 4086 rr.
687 4024 727 4085 17
762 4021 794 4086 in
820 4021 927 4088 verbis
955 4022 1007 4089 aci
1037 4020 1110 4102 ἅμα
1133 4024 1276 4107 ἐχόρευον
1304 4026 1349 4094 νῖ-

158 4155 206 4213 pp
230 4128 288 4194 πινὺ
312 4127 455 4212 ᾄδοντες,
482 4147 544 4192 non
569 4135 620 4192 est
641 4127 728 4192 enim
749 4124 879 4193 difficile
899 4126 940 4193 aa
966 4127 1213 4216 intelligendum
1231 4140 1265 4199 et
1291 4132 1346 4222 (in)

159 4236 240 4317 νόμῳ
280 4235 340 4299 τινί
384 4232 506 4318 requiri
542 4240 574 4297 et
608 4230 684 4317 quid
723 4233 989 4319 praepositionem
1033 4237 1202 4305 exemerit.
1257 4237 1347 4307 Cous.

160 4341 268 4429 §tt‚
292 4348 323 4405 et
349 4338 400 4403 vt.
427 4360 449 4407 r.
482 4336 607 4425 §Set
635 4343 687 4405 11.
