2940 5010
699 259 764 324 560

137 437 197 506 hoc
221 444 281 504 cst.
327 434 529 501 Athenienses
559 432 619 499 hoc
644 431 839 500 ridebantur
861 452 932 500 esse
962 430 1109 500 effecturi
1142 433 1172 500 si
1205 434 1260 500 iter

138 543 197 611 soli
227 540 384 608 Barbaros
417 546 647 628 superassent,
679 539 778 607 sicuti
812 540 979 627 inpugna
1012 536 1216 606 Marathonia
1248 537 1260 605 l

139 656 224 716 rant.
272 647 399 735 Ropone
423 645 525 732 igitur
547 646 800 728 κατορθώσαντας
821 652 854 711 et
875 645 982 712 omnia
1002 643 1175 733 procedent
1195 645 1260 732 opti

139 753 351 841 Perspicuum
374 761 423 818 cst
447 749 523 838 quid
545 748 669 816 scribas
701 749 865 817 induxerit
888 751 921 817 iu
946 770 1100 818 errorem.
1146 749 1244 839 Apud

140 858 321 947 tipbontem
341 850 379 925 V.
403 863 456 926 85.
481 864 594 924 contra
617 856 813 925 Graecorum
840 875 933 923 usum
954 855 1089 943 legitur:
1111 857 1137 923 εῖ
1161 856 1194 923 δὲ
1214 856 1260 924 δεῖν

141 966 204 1040 iric
228 967 345 1044 άγιῖνοι
368 963 552 1044 γεγέννσθον
574 963 629 1029 cix
655 963 718 1041 ἐγὼ
741 961 860 1041 αῖτιος,
890 960 1062 1048 legendum
1087 970 1155 1028 est:
1176 964 1202 1029 εῖ
1228 964 1260 1030 δὲ

141 1069 178 1149 ἐξ
199 1070 262 1145 isle
287 1070 410 1148 άγῶνε
432 1069 629 1148 γεγέννσθιν.
676 1066 815 1134 Facilior
838 1069 936 1135 etiam
968 1074 1018 1134 est
1044 1074 1077 1134 et
1101 1066 1258 1154 proclivio

141 1174 261 1242 talibus
295 1193 408 1253 error,
443 1173 593 1260 quoniam
626 1172 856 1240 vocabulorum
880 1174 986 1241 exitus
1018 1179 1051 1239 et
1087 1171 1260 1238 terminati«

143 1289 274 1369 propter
309 1279 492 1366 scripturae
526 1276 714 1366 compendia
745 1280 923 1346 sexcenties
955 1276 1137 1345 scribarum
1168 1276 1260 1344 arbit:

143 1386 406 1462 constituuntur,
427 1392 460 1451 et
484 1383 577 1471 longe
596 1383 737 1449 maxima
761 1403 836 1470 pars
850 1382 1039 1450 mendorum
1064 1384 1098 1448 iu
1120 1382 1249 1449 ultimis

143 1491 258 1558 borum
279 1487 411 1580 syllabis
434 1490 660 1557 committitur.
708 1489 899 1557 Percurram
923 1489 1131 1576 Antiphontis
1152 1487 1260 1555 oratio

145 1597 284 1685 primam
321 1603 356 1662 ut
383 1592 414 1661 iol
442 1594 596 1683 exemplis
624 1593 820 1681 quibusdam
849 1594 1048 1663 confirmem.
1102 1594 1240 1681 Legitur

146 1705 180 1769 in
206 1701 282 1791 §lb
316 1703 342 1768 si
370 1701 484 1784 νομθζει
515 1706 605 1770 τοῦτο
640 1700 848 1780 εὐσέβειαν
879 1696 957 1769 εἶναι
987 1706 1024 1766 τὸ
1057 1701 1113 1776 τὴν
1144 1700 1260 1783 μητέρα

146 1811 317 1891 προδοῦναι.
365 1805 448 1888 Quid
466 1806 509 1872 sit
534 1804 751 1893 reponendum
773 1805 942 1873 ostendent
961 1805 1043 1885 loci,
1067 1804 1172 1891 qualis
1195 1813 1247 1872 est

150 1913 317 2002 stoplranis
339 1912 371 1976 in
396 1910 542 1978 Nubibus
568 1917 669 1979 stru:

330 2017 493 2100 ἐπειδήπερ
516 2041 557 2097 γε
579 2020 665 2085 τοῦτ’
688 2016 754 2083 ἔστ’
777 2019 889 2083 εὐνοεῖν
912 2020 948 2086 τδ
970 2017 1111 2085 τύπτειν.

149 2122 189 2192 ad
213 2122 297 2211 quod
321 2122 502 2209 exemplum
535 2124 678 2210 corrige:
711 2124 737 2188 ei
767 2123 880 2205 νομίζει
915 2126 1000 2190 τοῦτ’
1031 2124 1218 2203 εὐσεβεῖν
1249 2145 1260 2186 ε

151 2231 266 2299 Exime
300 2229 403 2296 obiter
427 2228 543 2295 vitium
566 2248 606 2295 cx
629 2226 854 2295 Demosthenis
878 2226 1031 2296 Oratione
1055 2227 1105 2294 bl.
1130 2225 1226 2316 §tn
1257 2257 1260 2271 ⁴

152 2361 204 2410 τες
232 2338 320 2416 ὑμεῖς
349 2336 470 2417 Φήσετε
493 2333 529 2399 rb
552 2335 626 2414 πρὸς
651 2334 695 2401 τά
718 2338 850 2401 τοιαῦτα
881 2337 985 2419 πράως
1010 2332 1095 2415 ἔχειν
1126 2329 1260 2416 sponsal

153 2442 270 2522 ἑτέρους
303 2438 425 2513 άδθκους
460 2434 560 2516 εῖναι,
592 2440 657 2505 imo
689 2458 764 2505 vero
795 2439 1006 2521 προδιδάσκειν
1036 2438 1153 2519 ἑτέρους
1190 2438 1255 2504 άδι

154 2542 243 2613 εῖναι.
290 2543 386 2610 Ratio
408 2542 642 2610 emendationis
670 2552 735 2610 tam
759 2552 870 2630 aperta
895 2553 944 2610 est
964 2562 1062 2631 quam
1085 2561 1185 2608 causa
1208 2561 1260 2608 err

154 2648 249 2739 Apud
276 2648 507 2736 Antiphontem
531 2649 694 2716 contrario
719 2648 812 2715 morlo
840 2657 1009 2735 peccatum
1032 2655 1082 2715 est
1105 2647 1130 2714 l.
1155 2645 1179 2736 §
1200 2650 1255 2714 26.

155 2751 205 2822 οὖν
228 2754 347 2831 ταύτην
377 2755 510 2821 ἐλεεῖν
540 2751 626 2832 άξιθν
649 2757 712 2826 iero
736 2757 754 2833 ἢ
778 2756 881 2828 αῖδοιῖε
911 2753 1086 2835 τυγχάνειν
1116 2755 1190 2834 παρ’
1216 2754 1259 2833 itae

155 2859 256 2929 ἄλλον
281 2881 351 2935 τοο;
375 2879 433 2947 pro
455 2860 554 2926 ἐλεεῖν
577 2859 669 2927 locus
691 2861 830 2947 requirit
850 2869 886 2927 ut
908 2860 994 2925 ἐλέου
1017 2857 1190 2925 scribatur.
1240 2857 1260 2926 S

156 2985 232 3034 cum
265 2975 316 3032 est
346 2965 378 3030 in
412 2962 512 3055 §bb
543 2965 744 3047 διομόσασθαι
780 2967 853 3047 ὑπὲρ
885 2974 940 3042 τοῖς
968 2966 1083 3047 μντρθι
1106 2959 1141 3030 εὖ
1164 2964 1260 3033 εῖδένα

156 3071 420 3148 πεποιηκέναι
441 3077 565 3149 ταῦτα,
590 3070 724 3138 emenda
743 3073 788 3150 μὴ
806 3079 1019 3148 πεποιηκυῖαν.
1066 3069 1103 3136 ln
1128 3068 1153 3159 S
1175 3073 1228 3137 19.
1253 3073 1260 3136 i

158 3203 210 3245 σον
232 3178 333 3260 ἐνέχει
356 3197 414 3264 pro
434 3175 622 3262 imperfecto
648 3176 850 3242 necessarios
871 3184 921 3243 cst
941 3177 1081 3243 aoristus
1104 3176 1222 3258 ἐνέχει.

158 3283 288 3349 vissime
323 3290 431 3348 autem
468 3290 637 3369 peccatum
671 3287 722 3348 est
753 3281 785 3346 in
814 3279 893 3371 §2
924 3282 1011 3348 circi
1044 3277 1125 3348 οὗτοι
1161 3279 1260 3360 ιῖνάγι

159 3389 226 3470 ἐμοὶ
251 3388 325 3469 πρὸς
352 3387 478 3463 τούτους
508 3389 620 3462 αὐτοὺς
645 3387 696 3453 τὸν
720 3388 830 3464 epeia
861 3396 1037 3463 καταεῆναι
1067 3383 1117 3462 οὓς
1145 3383 1260 3463 einrici

159 3495 218 3574 μὲν
246 3494 386 3561 τεθνεῶτι
420 3496 568 3576 τιμωροὺς
601 3493 766 3573 γενέσθαι,
790 3494 832 3575 τῷ
853 3494 879 3560 δ’
905 3491 1056 3571 ἐπεξιόντι
1079 3493 1231 3573 βοηθούς,
1253 3516 1260 3556 ι

160 3598 221 3666 Ιοσῖ
244 3599 348 3684 prima
373 3616 447 3683 pars
471 3607 558 3665 reete
581 3597 717 3683 intelligi
750 3617 813 3663 nou
843 3605 968 3684 potest:
996 3618 1055 3684 pro
1078 3598 1148 3676 ἐμσῖ
1168 3617 1260 3684 geum

156 3713 212 3772 ‚est
234 3702 312 3784 ἐμέ,
336 3700 451 3770 deinde
477 3711 605 3770 caetera
628 3702 675 3768 sic
705 3712 781 3769 sunt
806 3702 1051 3771 constituenda:
1078 3702 1260 3782 ἠνάγκασαν

159 3811 233 3895 πρὸς
257 3808 382 3883 τούτους
409 3809 520 3882 αὐτοὺς
547 3810 590 3882 εἷς
610 3811 720 3887 άγῶνα
747 3818 935 3885 ιιαταςνῖναι.
982 3807 1165 3895 Adiungam
1191 3807 1256 3878 bis·

161 3913 315 4004 quosdam
348 3913 481 4002 Lysiae:
512 3914 718 4000 perspicuum
743 3922 793 3982 est
825 3915 856 3980 in
889 3911 977 3982 Orat.
998 3913 1055 3980 Ill.
1088 3918 1143 3982 at.
1179 3915 1213 3982 ia
1245 3937 1260 3982 ι

159 4023 211 4089 τθν
236 4022 436 4103 ἑταιρήσοντα
458 4017 640 4086 πλειόνων
664 4020 856 4100 ἐμισθώσατο
879 4017 918 4085 ὦν
940 4021 1035 4094 αὐτὸς
1058 4018 1216 4103 τυγχάνει
1236 4045 1260 4088 ιι

159 4127 249 4208 μένοι
268 4125 431 4194 emendari
454 4133 600 4211 oportere
624 4125 808 4200 πλείονος
832 4125 1044 4206 ἐμισθώσατο,
1069 4128 1131 4194 uisi
1153 4125 1236 4196 lorte

44 4300 46 4304 .
159 4231 209 4302 his
231 4238 391 4300 πολλῶν
412 4234 569 4310 ὠνεῖσθαι,
593 4240 725 4310 πωλεῖν,
750 4235 929 4312 μισθοῦσθαι
956 4251 1015 4318 pro
1037 4238 1155 4300 πολλοῦ
1168 4230 1260 4320 dioip
