2940 5010
716 266 780 330 cut

157 443 341 529 negotium,
376 446 413 506 ut
443 437 504 505 sibi
533 438 709 506 orationem
742 440 776 505 in
806 437 970 508 Socratem
995 441 1240 522 conscriberet,
1270 464 1327 535 qm

155 546 240 636 apud
263 544 386 612 indices
409 551 577 624 uteretur,
608 543 705 632 idque
729 545 930 635 Polycratem
962 546 1129 617 hominem
1160 570 1331 641 paupercu-

152 652 222 720 lum
247 650 393 718 mercede
417 649 540 717 fecisse.
586 650 717 717 Falsum
742 649 802 719 hoc
825 671 897 720 esse
928 661 962 721 ot
992 658 1265 725 commenticium
1291 638 1331 725 ii·

154 758 230 837 des,
263 756 318 824 sed
345 764 414 823 erat
436 755 511 822 olim
536 755 590 822 illa
612 755 800 845 pervulgata
828 759 946 845 opinio.
1002 758 1165 847 Diogenes
1190 762 1332 829 Laertius

156 863 195 931 11.
221 868 276 936 58.
307 861 508 941 άτηνέμκατο
539 863 598 943 μὲν
626 860 675 930 οὖν
703 864 757 939 την
785 865 913 946 γραφὴν
939 863 1039 954 (κατά
1061 874 1117 934 τοῦ
1142 866 1331 957 Σωκράτους)

152 970 168 1035 d
189 969 353 1047 Μέλητος,
376 964 445 1034 εἴτε
469 969 500 1034 δὲ
523 970 579 1044 την
601 967 684 1044 δίκην
706 967 920 1047 Πολύευκτος,
953 970 1134 1056 συνέγραψε
1155 974 1189 1041 δὲ
1212 973 1267 1041 τὸν
1287 971 1333 1041 λά·

151 1099 207 1154 γον
240 1073 441 1157 Πολυκράτης
472 1075 486 1139 ὃ
519 1075 670 1157 sedicio,
703 1071 740 1149 ὅς
775 1079 871 1157 Φάων
900 1074 1091 1157 Ἕρμιππος.
1147 1078 1240 1147 Pieri
1275 1098 1330 1145 nou

152 1189 277 1268 potest,
311 1188 348 1245 ut
371 1179 431 1246 hoe
455 1179 647 1266 Hermippus
676 1178 862 1266 scripserit,
886 1178 982 1247 homo
1009 1181 1186 1269 perdoctus
1210 1190 1246 1251 et
1268 1182 1332 1251 dili·

155 1306 257 1372 gens,
288 1304 384 1372 quem
412 1282 663 1351 disertissimum
695 1283 847 1351 Isocratis
877 1286 1100 1355 testimonium
1137 1286 1256 1376 ingere
1277 1309 1332 1357 non

155 1392 279 1480 potuit,
304 1390 494 1477 praesertim
517 1408 617 1476 quum
642 1397 675 1455 et
698 1387 737 1455 de
756 1389 897 1456 Isocrate
921 1398 953 1457 et
975 1392 1126 1474 περὶτῶν
1149 1394 1333 1479 Ἰσοκράτους

153 1498 297 1578 μαθητῶν
317 1503 468 1561 accurate
480 1493 582 1560 multa
595 1494 832 1581 conscripserit.
857 1493 1192 1579 Commemorarerat,
1210 1500 1332 1591 opinor,

157 1603 350 1687 Hermippus
373 1598 491 1666 alicubi
510 1598 690 1688 Polycratis
717 1602 905 1682 exsuperiae
926 1602 1133 1686 Σωκράτους,
1156 1602 1249 1673 node
1267 1604 1331 1673 llio·

154 1728 273 1795 genes,
304 1704 425 1772 nullius
453 1703 566 1771 iudicii
599 1704 713 1784 homo,
746 1704 873 1791 collegit
897 1707 930 1773 in
955 1709 1023 1795 ipso
1047 1708 1171 1778 iudicio
1195 1709 1330 1779 habitam

155 1834 224 1880 esse
248 1832 321 1879 eum
345 1811 462 1877 dicere.
508 1810 620 1896 ltaque
642 1808 688 1876 ὅτι
719 1810 896 1894 συνέγραψε
927 1814 1129 1896 Πολυκράτης
1155 1816 1329 1899 Σωκράτους

154 1919 342 2001 κατηγορίαν
365 1917 534 1984 verissime
566 1916 761 2003 Hermippus
785 1918 958 1985 memoriae
990 1919 1155 2006 prodidit,
1188 1920 1248 1989 sed
1268 1942 1329 1991 οιιυ

155 2033 212 2092 aut
246 2043 265 2090 u
298 2020 433 2101 ldeleto,
465 2030 523 2088 aut
555 2041 573 2087 a
602 2020 797 2109 Polyeneto,
832 2025 1029 2110 nequissimo
1058 2025 1240 2115 demagogo
1271 2026 1329 2119 (qni

153 2140 283 2207 tamen,
307 2128 425 2205 oredo,
448 2146 524 2193 suas
547 2128 615 2213 ipse
637 2128 798 2194 orationes
822 2128 1036 2219 scriptitabat)
1062 2131 1096 2197 in
1120 2130 1269 2201 &orsus
1288 2133 1328 2200 in·

154 2236 240 2303 dicio
260 2254 329 2301 esse
357 2231 500 2299 habitam
524 2233 676 2319 Diogenis
700 2253 792 2299 error
814 2240 883 2310 est,
909 2235 1019 2321 quales
1041 2237 1225 2324 permultos
1253 2256 1326 2307 eom·

154 2343 256 2410 misit.
303 2339 409 2420 Quum
437 2337 495 2403 diu
525 2339 586 2405 iste
617 2339 776 2424 opinionis
799 2359 890 2405 error
920 2341 1130 2410 inveterasset
1159 2344 1327 2411 navorum

154 2449 210 2525 την
234 2445 415 2526 Σωκράτους
439 2444 626 2525 κατηγορίαν
657 2442 807 2510 lectitans
837 2452 926 2512 certo
954 2445 1072 2514 indicio
1107 2447 1257 2517 lraudem
1284 2448 1326 2517 dc·

155 2549 326 2641 prehendit
348 2558 381 2616 et
400 2547 576 2634 redarguit.
624 2548 708 2615 nudi
732 2550 904 2636 Diogenem
928 2550 1094 2619 Laertium
1116 2553 1158 2622 ll.
1183 2559 1239 2623 39.
1273 2564 1324 2623 Φο-

154 2664 278 2742 βωρῖνος
302 2656 334 2722 δέ
352 2660 449 2738 φησιν
469 2656 499 2719 ἐν
517 2656 559 2736 τῷ
578 2655 683 2738 πρώτῳ
705 2662 762 2721 τῶν
783 2658 1127 2737 Ἀπομνημονευμάτων
1150 2664 1204 2740 μη
1228 2658 1323 2728 εἶναι

154 2765 277 2840 άληάῆ
311 2762 361 2827 τὸν
396 2759 488 2838 λόγον
521 2761 572 2825 τὸν
604 2760 820 2842 Πολυκράτους
850 2763 935 2828 κοοτά
959 2763 1161 2845 Σωκράτους·
1195 2768 1229 2832 ἐν
1253 2768 1324 2847 αὐτῷ

153 2873 239 2954 γὰρ,
268 2867 373 2952 φησὶ,
404 2866 585 2946 μνημονεύει
617 2873 676 2932 τῶν
711 2869 769 2934 ὑπὸ
799 2868 928 2942 Κόνωνος
957 2876 1069 2952 τειχῶν
1098 2871 1323 2946 άνοοςαάὲντυν,

155 2976 329 3056 seryum
353 2971 453 3039 ἔτεσιν
483 2968 517 3048 ἓξ
540 2980 596 3048 τῆς
627 2972 808 3055 Σωκράτους
831 2982 981 3050 τελευτῆς
1014 2972 1138 3057 ὕςερον,
1174 2976 1232 3044 ubi
1260 2975 1325 3045 sorl-

155 3083 296 3151 hendum
319 3098 389 3147 esse
409 3076 423 3143 ὃ
447 3078 594 3157 γέγονεν,
618 3097 679 3142 uon
704 3075 726 3144 ά
747 3078 899 3157 γέγονεν,
931 3077 1027 3145 verbo
1057 3080 1121 3145 iam
1147 3102 1248 3169 supra
1273 3102 1327 3150 1ο·

157 3191 299 3257 nuimus.
347 3183 431 3267 Quid
464 3184 565 3271 igitur
594 3183 774 3250 Han-ocinus
805 3182 1038 3272 deprehendit?
1069 3187 1114 3264 ph
1136 3184 1217 3254 εἶναι
1242 3190 1328 3265 danti

155 3299 206 3363 siv
229 3295 341 3373 adpro,
372 3289 494 3356 idest:
520 3309 581 3354 non
602 3309 671 3356 esse
697 3310 808 3355 revera
830 3290 912 3356 hano
936 3292 1113 3359 orationem
1137 3292 1171 3358 in
1197 3294 1268 3380 ipso
1289 3293 1328 3359 in·

156 3402 240 3467 dieio
269 3403 381 3463 eontra
415 3394 578 3461 Socratem
616 3394 778 3474 habitans,
804 3395 835 3461 id
860 3395 944 3482 quod
968 3394 1039 3462 luce
1063 3396 1185 3465 elarius
1209 3419 1250 3467 ex
1275 3399 1328 3467 lo·

156 3506 256 3575 eratis
270 3501 453 3569 testimonio
466 3510 607 3587 apparet.
633 3501 808 3567 verissime
828 3502 929 3588 igitur
952 3502 1138 3568 Perizonius
1156 3503 1197 3570 ad
1218 3503 1328 3572 helian.

155 3614 194 3678 V.
214 3611 251 3676 H.
269 3608 321 3675 XI.
347 3611 398 3672 10.
434 3605 571 3671 »Revera
593 3606 674 3672 euim
687 3605 869 3693 Polycrates
881 3608 1005 3693 scripsit
1016 3607 1154 3675 Socratis
1173 3610 1329 3679 οοςυυοάο-

153 3739 242 3795 uem,
266 3735 328 3782 uon
349 3721 453 3778 cotem
476 3733 562 3789 eom,
592 3733 653 3798 quo
683 3713 735 3776 osi
757 3723 828 3779 saint
851 3712 972 3799 Assptus
995 3722 1024 3777 st
1053 3711 1199 3792 Molitus,
1232 3734 1330 3783 oerum

154 3826 252 3892 olium
274 3818 470 3906 aliquamdiu
493 3827 584 3903 post,
608 3819 744 3905 ingenii,
775 3828 809 3883 ut
841 3819 981 3895 videtur,
1015 3820 1191 3885 ostentandi
1221 3842 1327 3897 οουοο,

154 3942 235 3998 certe
267 3928 372 3994 eodem
402 3924 527 4001 animo,
557 3944 615 4010 quc
646 3924 769 4010 scripsit
791 3924 873 3989 idem
907 3923 1064 3989 Busiridis
1095 3924 1330 3994 laudationem?

152 4034 339 4104 Assentitur
362 4029 413 4096 his
433 4030 591 4095 Hnsterus
614 4027 653 4095 ad
675 4028 806 4095 Snidam
829 4050 858 4095 ν.
883 4028 1100 4110 Πολυκράτης,
1123 4038 1157 4097 et
1182 4033 1275 4099 noris
1290 4052 1331 4101 ar·

154 4140 317 4228 gementis
350 4137 434 4203 idem
465 4143 559 4201 acute
586 4132 818 4201 demonstravit
852 4135 1013 4201 Bentleius
1047 4136 1080 4200 iu
1105 4134 1331 4206 Dissertatione

152 4246 192 4313 de
214 4246 316 4332 Epist.
342 4242 465 4308 Socrat.
489 4261 558 4328 rap.
580 4240 632 4306 Vl.
681 4241 782 4322 Quam
804 4261 855 4308 mo
876 4240 1013 4308 delectat
1043 4240 1255 4332 Bernhardy,
1277 4244 1328 4331 qui

149 4351 282 4419 Bentleii
310 4350 478 4415 immernor
500 4347 665 4414 Perizonio
689 4357 720 4417 et
744 4349 883 4416 llustero
903 4349 950 4416 sic
974 4346 1158 4435 obloquitur
1181 4348 1236 4438 (ad
1263 4348 1331 4418 Sui·
